2306 3900
258 250 363 303 xlii

315 387 547 437 Glaucoque
567 384 720 429 bovem,
751 382 986 434 Thetidique
995 380 1138 433 juven-

313 454 397 480 cam
406 439 557 491 Dejicit
574 436 766 476 Antaeus.’
785 437 1012 476 Mactantur
1024 435 1141 488 igitur

313 494 470 547 tyranni
488 498 532 532 ut
550 492 730 531 victimae.
748 490 898 530 Seneca
915 489 1034 529 Herc.
1047 489 1139 528 Oct.

314 562 372 587 vs-
392 550 470 587 921
514 551 524 569 ‘
546 545 719 585 Victima
746 545 852 583 haud
871 544 951 582 ulla
979 542 1142 595 amplior

313 601 451 640 Potest
478 599 677 652 magisque
696 599 827 650 opima
852 598 1010 638 mactari
1033 597 1139 643 Jovi,

313 655 442 701 Quam
480 667 545 693 rex
583 652 764 704 iniquus.'
805 651 832 691 J
836 652 984 690 ustinus
1013 665 1052 697 v,
1088 655 1140 691 10

311 707 511 761 ‘Tyranni
539 714 584 746 ut
610 706 720 758 pacis
747 704 916 744 victimae
942 705 1140 745 trucidan-

312 762 400 802 tur.'
415 762 613 800 Plutarch.
629 759 781 799 Dione:
803 757 1016 812 ἐγχειριδίῳ
1023 757 1140 799 καθά·

312 831 385 868 περ
401 815 534 867 ἱερεῖον
549 813 620 855 τὸν
632 812 762 854 Δίωνα
779 811 1021 864 ἀπέσφαξαν.
1040 813 1140 851 Haee

311 869 391 910 fere
411 869 658 908 Gebhardus.
684 867 748 906 Sic
764 882 774 905 z
795 873 807 890 ‘
821 866 988 918 dejectae
1003 868 1140 906 cohor·

312 923 384 961 tes’
422 936 489 974 ap.
510 923 611 962 Caes.
643 921 694 960 B.
713 920 800 961 civ.
819 921 847 967 i,
866 924 935 961 46.
964 926 976 944 ‘
993 919 1140 971 dejecti

311 977 454 1016 hostes'
474 990 538 1028 ap.
557 975 704 1014 Lucan.
740 974 788 1026 ii,
807 978 901 1014 694.
930 987 966 1012 v.
984 974 1140 1012 Buchn.

309 1027 448 1080 Thes.)
463 1029 701 1082 dejiciuntur
728 1027 885 1067 Hermas
909 1027 1141 1082 (deturban-

310 1089 373 1122 tur
421 1083 487 1131 vii,
507 1088 531 1124 3

257 1082 416 1177 Deinde
434 1144 525 1189 post
540 1134 824 1190 (pleonastice)
850 1134 957 1183 xviii,
976 1140 1000 1176 5

258 1189 458 1231 Delectari
477 1191 607 1244 aliquo
624 1189 812 1243 (alicujus
825 1189 1007 1228 convictu
1027 1194 1068 1227 et
1085 1189 1143 1227 fa-

310 1244 553 1297 miliaritate)
582 1248 661 1289 x,2
690 1244 795 1282 facto
833 1243 912 1288 xiv,
932 1247 956 1283 3
997 1242 1142 1289 animo,

312 1305 448 1338 ventre
466 1299 539 1352 (de
557 1296 764 1348 conviviis)
793 1311 882 1343 xxv,
901 1300 953 1336 14

259 1349 428 1392 Delecta
442 1365 578 1391 manus
597 1349 782 1405 (militum
799 1349 875 1403 sc.)
914 1351 942 1397 i,
962 1353 1000 1390 1.
1019 1350 1097 1395 xvi,
1116 1352 1143 1389 4

313 1405 416 1458 (non
448 1418 599 1457 semper
628 1405 889 1456 praestantiam
918 1409 1029 1442 notat
1059 1404 1143 1441 haec

312 1472 404 1507 vox,
422 1460 524 1498 sicut
541 1458 658 1510 vulgo
675 1458 910 1503 existimant,
930 1457 999 1496 sed
1018 1463 1142 1495 certos

312 1513 491 1552 homines
525 1513 576 1552 ad
608 1511 807 1563 negotium
829 1509 1043 1549 destinatos
1071 1523 1143 1548 no-

313 1567 560 1619 minatosque
593 1565 670 1604 &c.
703 1563 862 1616 Boecl.)
879 1564 966 1602 Sic:
1000 1563 1145 1603 delecti

313 1619 520 1660 mittuntur
545 1619 588 1665 ii,
608 1623 632 1659 3
662 1617 807 1656 delecti
820 1631 866 1656 ex
885 1617 946 1656 his
972 1617 1000 1664 i,
1022 1620 1044 1656 1
1074 1617 1144 1655 de-

311 1673 438 1712 lectus
466 1678 540 1719 est,
573 1672 641 1724 qui
669 1671 924 1711 constitueret
951 1669 1145 1723 (delatum

313 1733 374 1766 est
390 1727 442 1766 ad
459 1739 548 1765 eum
567 1726 622 1765 rei
639 1724 836 1764 arbitrium
855 1723 953 1776 &c.)
981 1723 1037 1771 iii,
1055 1727 1079 1764 3

259 1780 450 1820 Deiectus
477 1780 570 1819 novi
598 1779 671 1833 (de
701 1777 814 1817 milit.
847 1790 981 1817 recens
998 1775 1146 1830 lectus)

313 1834 420 1882 xxiii,
438 1838 465 1874 6

259 1887 455 1940 Delegare
483 1900 599 1940 quem
617 1887 668 1926 ad
688 1885 870 1925 volumen
887 1884 996 1924 aliud
1013 1883 1144 1938 (able-

314 1954 419 1994 gare,
438 1939 651 1993 remittere)
680 1939 784 1986 xxiv,
816 1943 841 1980 3
888 1939 978 1993 (ubi
1012 1945 1144 1978 tamen

262 2032 264 2034 .
313 1995 381 2034 alii
398 1995 560 2035 mallent
576 2000 588 2018 ‘
602 1993 808 2046 relegare’)

258 2047 405 2095 Delere
422 2049 571 2101 impetu
601 2048 733 2100 aliquo
755 2053 882 2086 totum
909 2046 1054 2086 bellurn
1083 2046 1141 2099 (v.

313 2101 429 2156 bell.)
457 2103 525 2150 vii,
544 2107 570 2143 8
615 2101 651 2154 (‘
667 2101 813 2143 Delere
844 2100 1007 2148 urbem,’
1038 2100 1144 2139 idem

315 2155 426 2195 Curt.
444 2156 544 2195 dixit
569 2170 609 2202 v,
628 2160 669 2202 7,
691 2159 753 2197 10.
767 2163 807 2195 et
820 2155 873 2200 ix,
889 2157 929 2200 4,
946 2153 993 2207 7)
1023 2153 1146 2193 deleti

312 2215 406 2248 sunt
438 2208 589 2249 barbari
625 2208 804 2262 (penitus
839 2207 986 2260 fugati)
1031 2208 1086 2254 iv,
1119 2211 1141 2248 1

311 2263 396 2315 (Sic
406 2268 418 2287 ‘
431 2263 571 2303 deletae
585 2264 775 2302 cohortes'
792 2263 885 2301 Tac.
901 2261 992 2300 hist.
1008 2261 1061 2307 iv,
1077 2265 1143 2307 18,

313 2320 356 2356 2.
385 2321 397 2339 ‘
415 2316 552 2367 copiae’
572 2318 612 2354 h.
630 2316 673 2362 ii,
693 2320 759 2363 14,
775 2320 814 2356 7.
835 2321 846 2338 ⁸
861 2313 1066 2353 exercitus'
1103 2315 1143 2352 h.

314 2368 360 2416 ii,
376 2373 446 2416 26,
464 2373 504 2409 3.
534 2375 575 2408 et
592 2382 660 2420 ap.
681 2369 793 2408 Curt.
814 2369 868 2415 iv,
887 2371 928 2413 9,
945 2370 997 2406 22
1043 2372 1055 2390 ‘
1072 2367 1143 2406 de-

312 2422 391 2462 leta
409 2422 513 2461 fana'
532 2429 593 2462 est
622 2422 664 2460 in
682 2435 722 2474 q.
749 2422 842 2461 edd.
875 2421 942 2460 sed
974 2420 1016 2459 in
1042 2420 1143 2459 Mss.

315 2482 388 2523 est,
401 2473 657 2527 deserta),xx,
676 2479 716 2515 3.
734 2476 828 2522 xxii,
847 2479 873 2516 2

259 2527 514 2569 Deliberare:
547 2534 590 2568 tu
609 2529 795 2576 delibera,
830 2534 956 2567 utrum
973 2526 1146 2579 colloqui

314 2583 427 2622 malis
438 2583 495 2630 ix,
514 2587 538 2623 3
553 2582 631 2634 (At
648 2582 690 2621 in
707 2582 792 2629 illo,
812 2587 823 2605 ‘
839 2581 1144 2621 deliberantibus

315 2637 466 2690 Pythia
493 2635 714 2688 respondit'
741 2635 785 2683 ii,
805 2639 831 2675 2
859 2636 963 2675 idem
994 2640 1054 2674 est
1083 2648 1143 2681 ac,

314 2690 517 2730 consulere
536 2690 750 2729 oraculum.
775 2690 868 2729 Sic:
890 2689 1144 2728 deliberatum
1172 2734 1189 2746 Ι

315 2744 519 2783 mittuntur
554 2743 696 2783 delecti
723 2742 753 2790 i,
774 2746 813 2784 1.
839 2742 1059 2794 Schoppius
1105 2745 1144 2782 2.

312 2798 480 2837 verisim.
493 2801 558 2838 10.
576 2797 732 2836 cumbis
741 2803 939 2848 comparat
952 2796 1050 2835 illud
1061 2796 1146 2837 Cic.

313 2851 430 2898 Offic.
450 2855 488 2892 1.
507 2855 518 2874 ‘
537 2850 767 2897 deliberanti
788 2849 990 2890 consilium
1011 2850 1103 2888 dare
1121 2850 1146 2888 :’

314 2911 354 2944 et
368 2905 531 2944 alterum
544 2909 584 2944 5.
596 2904 755 2943 Tuscul.
776 2910 787 2928 ⁶
804 2917 878 2943 nec
893 2903 1028 2942 amicis
1046 2901 1144 2942 deli-

314 2957 506 2998 berantib.
548 2958 681 2996 deerat
698 2958 723 2997 :⁹
776 2957 949 3009 itemque
985 2957 1144 2996 Senecae

314 3012 434 3051 verba
451 3017 548 3051 extr.
577 3011 703 3063 Epist.
722 3015 763 3052 3.
797 3017 808 3034 ‘
825 3024 913 3050 cum
931 3023 1056 3049 rerum
1075 3024 1144 3050 na-

314 3072 400 3104 tura
431 3065 604 3105 delibera
622 3079 631 3103 z
675 3064 743 3103 illa
778 3065 884 3104 dicet
901 3063 999 3102 tibi.'
1041 3065 1145 3103 adde

316 3118 451 3158 Gifan.
479 3118 628 3158 obserV.
657 3118 744 3157 Lat.
763 3118 808 3158 L
828 3130 918 3170 pag.
936 3121 1003 3157 63.
1022 3123 1062 3156 et
1076 3117 1144 3169 qui

314 3172 402 3210 loca
419 3173 468 3210 ab
483 3186 535 3211 eo
554 3173 739 3219 adducta,
772 3178 817 3211 ut
833 3172 946 3217 solet,
972 3171 1144 3223 descrip-

317 3225 379 3270 sit,
397 3226 614 3264 Pareumin
633 3226 726 3264 Lex.
756 3225 851 3266 Crit.
885 3225 1143 3264 consultandi

316 3279 433 3330 verbo
453 3278 508 3317 sic
526 3293 616 3318 usus
633 3279 728 3319 Tac.
747 3279 828 3318 An.
848 3278 890 3326 ii,
910 3282 978 3325 54,
997 3283 1036 3318 et.
1055 3291 1144 3317 cum

316 3330 579 3370 consultantes
590 3339 716 3380 vocat,
731 3334 800 3385 qui
812 3331 1010 3384 Apollinis
1025 3332 1143 3372 Clarii

316 3385 512 3423 oraculum
532 3386 788 3425 consulerent.
835 3385 959 3425 Sicuti
977 3385 1144 3425 vicissim

318 3437 518 3490 consulere
571 3438 762 3476 interdum
814 3446 886 3486 est,
917 3439 1143 3486 deliberare,

319 3491 548 3531 consultare.
597 3497 639 3529 ut
657 3493 761 3543 apud
782 3493 900 3530 eund.
927 3491 1051 3531 Tacit.
1080 3507 1143 3541 xv,

1072 255 1276 295 INDEX

1254 383 1323 426 25,
1342 382 1369 420 2
1411 384 1424 402 ⁴¹
1443 378 1641 430 consuluit
1667 378 1768 418 inter
1784 378 1968 431 primores
1986 378 2082 419 eivi-

1255 432 1344 472 tatis
1363 431 1485 481 Nero,
1504 433 1650 473 bellum
1667 445 1827 485 anceps,
1859 445 1909 470 an
1927 445 2004 485 pax
2020 433 2082 472 in-

1255 488 1416 527 honesta
1454 488 1626 540 placeret
1643 487 1668 537 ;’
1700 488 1803 526 adde
1840 486 2017 526 Pareum·
2040 487 2083 524 in

1254 541 1398 581 Lexico
1413 540 1530 595 crit.)

1201 595 1381 634 Delicate
1407 595 1533 635 facere
1562 594 1686 633 multa
1713 594 1849 633 odiosa
1881 593 2084 647 (molliter,

1255 647 1493 701 voluptarie)
1520 647 1588 695 vii,
1607 651 1633 687 2

1200 702 1385 754 Deligere
1421 703 1562 742 ducem
1602 715 1667 748 xv,
1685 704 1710 741 7
1757 701 1808 740 ad
1840 700 1984 740 bellum
2017 712 2086 752 ge-

1255 757 1365 796 tend.
1391 756 1446 803 vi,
1462 760 1487 796 3
1515 755 1692 795 delectus
1716 755 1797 793 dux
1835 768 1900 801 xx,
1921 758 1942 795 1
1986 754 2085 794 deli-

1254 822 1344 861 gere
1376 809 1496 855 diem,
1532 809 1583 847 ad
1624 808 1703 854 xvi,
1730 811 1758 847 2
1798 808 1974 848 delectus
2022 808 2086 863 (v.

1254 876 1342 914 sup.
1361 860 1549 915 Delecta)

1201 913 1388 968 Deligata
1427 916 1469 954 in
1501 914 1683 954 cornibus
1713 913 1975 966 juvencorum
2007 929 2086 957 sar-

1257 976 1390 1010 menta
1416 969 1522 1016 xxiii,
1540 975 1564 1010 5
2027 993 2029 995 ·

1203 1023 1350 1075 Delphi
1370 1024 1482 1077 (urbs
1495 1021 1680 1075 Boeotiae)
1698 1022 1726 1069 i,
1747 1026 1785 1063 1.
1801 1022 1845 1070 ii,
1862 1026 1890 1064 2
1907 1022 2089 1076 Delphos

1257 1091 1500 1129 corrumpere
1536 1083 1699 1117 conatur
1728 1076 1823 1128 Lys.
1866 1077 2088 1140 (annulum

1258 1130 1518 1184 Delphicum)
1547 1131 1599 1178 vi,
1633 1134 1657 1171 3
1701 1130 1890 1182 Delphim
1917 1130 2000 1171 Dei
2028 1142 2089 1171 ress

1258 1198 1443 1237 sponsum
1456 1184 1676 1239 (Apollinis
1684 1184 1726 1223 in
1744 1183 1900 1224 oraculo
1917 1184 2090 1238 Delph.)

1258 1239 1312 1286 iv,
1329 1245 1353 1279 5
1384 1240 1472 1293 (ubi
1505 1245 1635 1278 tamen
1661 1236 1710 1278 τὸ
1739 1238 1817 1278 Dei
1847 1238 1887 1277 in
1915 1251 1956 1291 q.
1985 1239 2090 1278 Mss.

1259 1293 1383 1332 deest.
1437 1293 1503 1332 De
1522 1293 1617 1332 urbe
1634 1298 1676 1332 et
1693 1293 1849 1332 oraculo
1869 1293 1945 1332 hoc
1963 1293 2090 1344 plura,

1259 1352 1350 1399 post
1367 1346 1478 1394 alios,
1513 1347 1689 1386 nobiliss.
1716 1347 1920 1388 Clasenius
1937 1347 1988 1386 de
2005 1359 2092 1386 ora·

1258 1401 1356 1439 culis
1373 1401 1508 1452 gentil.
1535 1401 1578 1446 ii,
1593 1399 1643 1452 2)

1205 1452 1331 1492 Delus
1350 1453 1449 1507 (una
1467 1454 1688 1507 Cycladum
1707 1454 1916 1493 insularum
1934 1453 1976 1493 in
1995 1455 2089 1494 mari

1259 1507 1404 1559 AEgeo.
1433 1508 1512 1546 vid.
1541 1507 1696 1547 Buchn.
1734 1507 1874 1562 Thes.)
1915 1509 2089 1548 aerarium

1260 1573 1465 1600 commune
1484 1561 1647 1601 Graeciae
1675 1561 1732 1608 iii,
1747 1566 1773 1602 3

1205 1613 1406 1653 Demades
1433 1614 1583 1667 (orator
1598 1615 1766 1666 Athen.)
1794 1614 1972 1656 Athenas
1989 1617 2090 1656 tradi

1261 1667 1372 1719 cupit
1389 1667 1599 1720 Antipatro
1627 1669 1707 1715 xix,
1724 1672 1750 1708 2

1206 1719 1460 1760 Demaenetus
1473 1721 1638 1774 (Athen.
1647 1722 1826 1774 petulans
1838 1722 1976 1775 homo)
1991 1737 2055 1771 xx,
2064 1729 2090 1764 5

1208 1773 1382 1814 Demens
1401 1791 1410 1814 ε
1446 1776 1619 1815 dementi
1649 1777 1812 1823 ratione,
1832 1776 2004 1829 cogitata
2020 1790 2091 1830 pa·

1262 1829 1429 1869 tefacere
1468 1829 1522 1875 iv,
1560 1833 1585 1869 3
1614 1829 1700 1884 (Sic
1735 1843 1800 1882 ap.
1836 1830 1977 1882 Virgil.
2003 1830 2092 1870 Ecl.

1259 1885 1299 1926 3.
1344 1882 1471 1922 ‘mala
1506 1882 1612 1930 falx,’
1645 1897 1724 1936 qua
1759 1883 1847 1936 quis
1879 1883 1980 1924 male
2013 1885 2092 1924 uti-

1260 1942 1335 1983 tur,
1367 1943 1412 1976 ut
1441 1937 1594 1976 Servius
1625 1938 1693 1977 ait.
1737 1938 1868 1978 Vorst.
1913 1937 1980 1979 Ita
2004 1938 2092 1979 Cic.

1259 1990 1435 2043 Philipp.
1477 1991 1518 2038 ii,
1537 1995 1562 2031 7
1591 1996 1604 2014 ‘
1621 1991 1729 2038 Quid
1762 1998 1823 2031 est
1857 1992 2091 2040 dementius,

1258 2056 1374 2096 quam
1383 2044 1554 2097 objicere
1564 2045 1673 2085 alteri
1687 2046 1868 2085 salutaria
1876 2044 1928 2098 ?')

1205 2095 1440 2151 Demergere
1475 2100 1581 2139 hunc
1610 2099 1766 2139 fortuna
1801 2100 1973 2139 adoritur
1999 2100 2092 2155 (de-

1267 2152 1452 2204 primere)
1483 2167 1523 2200 x,
1542 2157 1570 2194 6

1213 2204 1435 2245 Demetrius
1453 2207 1537 2259 (rex
1549 2205 1670 2254 Asiae,
1695 2206 1887 2260 Antigoni
1903 2207 2027 2263 filius)
2051 2209 2093 2248 in

1259 2261 1437 2299 custodia
1455 2261 1587 2311 generi
1605 2261 1705 2312 perit
1730 2261 1810 2309 xxi,
1829 2266 1855 2303 3

1205 2311 1430 2351 Demetrius
1446 2314 1657 2353 Phalereus
1674 2314 1823 2355 Athen.
1862 2314 1903 2353 in
1920 2315 2092 2354 factIone

1260 2365 1490 2416 optimatum
1510 2373 1592 2405 erat
1618 2367 1695 2414 xix,
1717 2372 1741 2407 3
1779 2368 1817 2407 ei
1835 2380 1910 2407 ccc
1942 2374 2091 2408 statuas

1259 2419 1432 2458 decrevit
1450 2433 1545 2471 pop.
1563 2419 1711 2460 Athen.
1740 2421 1769 2468 i,
1786 2425 1814 2462 6

1208 2471 1437 2524 Demigrare
1454 2474 1776 2516 Lacedaemonem
1789 2473 1987 2527 (confugii
1998 2487 2094 2514 cau-

1261 2525 1325 2576 sa)
1353 2527 1420 2573 vii,
1437 2530 1464 2566 4
1494 2526 1705 2580 Corcyram
1734 2527 1777 2575 ii,
1796 2533 1822 2569 8
1861 2529 2091 2575 concedere,

1258 2580 1356 2618 ibid.
1395 2580 1609 2632 demigrare
1639 2594 1688 2620 ex
1719 2576 1847 2622 insula
1873 2584 2011 2636 (quam
2035 2595 2092 2622 sc.

1261 2633 1524 2686 incoluerant)
1550 2635 1579 2681 i,
1598 2639 1624 2676 2
1668 2635 1795 2689 (Usus
1824 2642 1866 2676 et
1901 2635 2004 2676 Caes.
2039 2636 2092 2676 B.

1261 2686 1367 2726 Gall.
1395 2692 1436 2729 4.
1455 2702 1501 2728 ac
1534 2688 1619 2728 Cic.
1650 2702 1720 2741 pro
1747 2688 1882 2729 Rabir.
1909 2695 1951 2729 et
1983 2690 2090 2730 alibi.

1261 2741 1454 2795 Loccen.)
1467 2742 1760 2794 demigrationis
1778 2744 2004 2784 societatem
2021 2756 2091 2797 pe-

1261 2800 1342 2834 tere
1360 2795 1436 2847 (sc.
1454 2796 1494 2835 in
1514 2796 1731 2849 coloniam)
1759 2798 1787 2843 i,
1808 2801 1831 2838 1

1207 2847 1457 2898 Democratja
1473 2849 1642 2890 Athenis
1659 2851 1872 2891 restituitur
1897 2851 1981 2896 viii,
1998 2853 2024 2891 3

1207 2901 1397 2942 Demoliri
1424 2916 1550 2943 arcem
1578 2918 1641 2950 xx,
1661 2909 1685 2945 3
1715 2904 2009 2958 propugnacula
2026 2910 2091 2958 ty-

1260 2956 1445 3004 rannidis,
1464 2956 1560 2996 ibid.
1588 2963 1736 2998 tectum
1765 2960 1816 3005 iv,
1834 2963 1859 2999 5
1876 2957 1963 3010 (Ita
1979 2957 2091 2999 curt.

1259 3009 1342 3055 viii,
1369 3014 1518 3056 10,3o.
1555 3011 1739 3051 Similiter
1770 3012 1858 3053 Cic.
1887 3011 2092 3052 ‘demoliri

1259 3063 1460 3114 parietem,
1479 3070 1627 3116 partem
1646 3065 1756 3104 muri'
1774 3064 1873 3115 ὅτε.)

1206 3115 1491 3156 Demosthenes
1509 3118 1801 3168 (celeberrimus
1820 3118 1986 3159 Athenis
2003 3131 2089 3159 ora·

1260 3176 1333 3217 tor,
1363 3171 1480 3209 immo
1513 3171 1737 3212 Graecorum
1770 3179 1965 3213 oratorum
1984 3172 2089 3224 prin-

1260 3223 1372 3278 ceps)
1394 3226 1434 3263 in
1452 3226 1610 3265 exilium
1629 3227 1762 3278 pulsus
1791 3227 1869 3274 xix,
1887 3230 1915 3267 2
1942 3225 2087 3278 >prudi-

1259 3283 1321 3316 tus
1337 3291 1360 3317 a
1379 3279 1594 3325 Phocione,
1615 3281 1710 3320 ibid.

1207 3331 1377 3371 Demum
1397 3348 1406 3371 :
1427 3346 1532 3372 nunc
1551 3334 1706 3373 demum
1734 3347 1797 3379 xx,
1818 3338 1842 3373 5

1207 3384 1393 3437 Denique
1411 3386 1601 3439 (praeced.
1632 3387 1747 3427 unico
1765 3386 1950 3431 membro,
1968 3390 2010 3424 et
2023 3399 2085 3425 se-

1262 3447 1410 3490 quente
1426 3453 1523 3480 voce
1541 3446 1553 3463 ‘
1568 3439 1774 3491 postremo’
1815 3437 1918 3483 xviii,
1941 3442 1991 3479 12
2021 3440 2083 3491 (q.

1261 3494 1301 3531 d.
1323 3493 1498 3540 breviter,
1525 3506 1603 3533 uno
1622 3494 1738 3532 verbo
1806 3505 1841 3532 c.
1884 3492 2081 3544 Sicsaepe
