2306 3900
660 286 770 326 XV.

209 406 296 449 δίας
326 405 419 462 πρὸς
448 406 587 450 αὐτοὺς
614 407 896 462 ἆντοφθαλμεῖν
929 406 1087 459 ἐτόλμα.

211 470 395 513 Diodor.
415 473 573 514 extulit
590 459 834 522 nuffar-6142
844 470 1088 524 παρατάξασ-

210 540 286 579 θαι.
301 538 374 580 lib.
395 550 471 581 xv.
491 539 542 580 Οἱ
553 538 817 590 μὲνΘηβαῒοι,
830 539 984 593 inquit,
999 542 1088 580 δυσ-

207 599 350 654 χωρίας
384 602 489 644 τινὰς
534 601 666 656 ἑτέρας
709 602 1091 654 καταλαμβανόμενοι

207 664 414 707 διεκώλυον
435 665 508 717 μὲν
533 666 624 709 τοὺς
653 666 858 718 πολεμίους
886 670 1092 716 λεηλατεῖν

205 725 278 775 τὴν
302 727 447 780 χώραν,
474 729 575 771 κατὰ
592 730 721 782 στόμα
745 729 789 771 δὲ
810 729 904 784 πρὸς
935 729 1092 772 ἅπασαν

204 789 276 838 τὴν
304 789 458 842 δύναμιν
481 793 522 834 ἑν
547 796 630 835 τοῖς
659 794 803 836 πεδίοις
833 795 904 835 οὐκ
923 793 1093 845 ἐτόλμων

202 852 498 907 παρατάξασθαι.
526 858 674 899 Florus
688 858 761 900 lib.
779 870 831 899 11.
853 862 918 899 18.
937 858 949 881 ‘
963 859 1091 899 Man-

204 917 345 959 cinum
378 920 554 961 assiduis
590 922 784 963 caedibus
821 923 884 963 ita
915 922 1091 976 subege-

203 986 320 1032 runt,
341 989 459 1024 utne
479 986 623 1026 oculos
644 986 834 1039 quidem,
848 992 922 1028 aut
940 999 1089 1028 vocem

202 1045 460 1087 Numantini
488 1047 570 1089 viri
588 1049 809 1103 quisquam
829 1049 1089 1092 sustineret.'

205 1109 403 1151 Gebhard.

255 1173 306 1213 In
343 1172 567 1214 libertatem
594 1175 831 1227 vindicavit]
882 1175 1087 1217 Lacedae·

199 1235 331 1275 monii
349 1236 472 1277 clade
489 1238 719 1279 Leuctrica
732 1244 779 1279 et
794 1238 1085 1280 Mantineensi

198 1303 398 1351 accepta,
417 1300 705 1353 principatum
725 1301 910 1342 Graeciae
937 1301 1086 1342 amise-

192 1365 310 1403 runt.
368 1362 482 1403 Vide
502 1363 635 1404 Diod.
659 1375 738 1405 xv.
782 1364 911 1407 Quod
950 1365 1083 1406 etiam

197 1430 300 1466 ante
320 1425 597 1468 observatum
614 1433 694 1469 est.

249 1488 364 1530 Satis
402 1486 607 1543 haberent]
653 1491 861 1533 Contenti
900 1503 954 1533 eo
995 1492 1085 1533 solo

195 1556 337 1604 erant,
357 1552 462 1593 nihil
481 1554 662 1607 amplius
684 1555 980 1608 requirebant.
1007 1556 1085 1597 Sa-

192 1613 251 1654 tis
266 1614 407 1656 habere
425 1621 491 1656 est
511 1616 681 1658 Graecis
700 1618 869 1671 ἀγαπᾷν.
927 1619 1083 1660 AElian.

191 1675 298 1719 Var.
318 1678 433 1720 Hist.
459 1678 533 1721 lib.
553 1691 615 1722 IV.
639 1677 803 1731 Ἠγάπα
820 1682 898 1735 γὰρ
920 1680 953 1722 εἲ
975 1684 1084 1732 δυνη-

194 1738 275 1789 θείη
288 1741 479 1782 διασῶσαι
492 1742 607 1783 αὐτὸν
618 1745 716 1795 γοῦν
732 1745 860 1795 μόνον.
898 1746 994 1787 Lib.
1009 1758 1085 1788 xv.

191 1803 418 1855 Ἀγαπητδν
443 1804 630 1859 ὑπάρχειν
653 1806 775 1848 ἐδόκει
791 1807 883 1850 τοὺς
912 1808 1085 1852 πολλοὺς

191 1866 348 1919 ὀλίγους
365 1871 532 1918 νικῆσαι.
589 1871 784 1924 Polyaen.
815 1872 857 1912 in
878 1872 1081 1926 Philippo

193 1933 312 1975 Com.
331 1934 408 1976 lib.
428 1946 492 1976 lv.
508 1937 575 1976 17.
606 1934 798 1985 Ἀθηναῖοι
816 1935 859 1977 δὲ
869 1935 1082 1988 ἠγάπησαν
1136 1957 1139 1960 >

190 1995 237 2036 τὸ
263 1996 466 2050 ἐλευθέραν
483 1996 681 2050 ἀφεῖσθαι.
739 2000 878 2053 Loqui
898 1999 1078 2042 similem

187 2058 233 2100 in
251 2061 425 2103 modum
459 2067 606 2103 amant
637 2063 789 2116 optimi
815 2064 1076 2117 Scriptores.

191 2122 339 2165 Caesar
359 2125 488 2166 Civil.
507 2126 581 2167 lib.
602 2137 675 2168 111.
690 2131 757 2169 46.
786 2127 800 2151 ‘
817 2127 970 2168 Nostri
1003 2141 1075 2170 ve-

190 2196 255 2238 ro,
271 2187 345 2240 qui
363 2187 469 2228 satis
487 2188 707 2230 habebant
726 2190 819 2231 sine
839 2190 1074 2233 detrimen·

188 2253 236 2290 to
252 2249 503 2294 discedere.'
549 2251 668 2294 Hirt.
683 2253 758 2295 lib.
770 2265 872 2296 vm.
882 2257 924 2295 6.
953 2260 965 2278 ⁴
983 2255 1076 2297 Cae-

187 2323 259 2353 sar
275 2317 470 2366 tempore
484 2316 584 2356 anni
596 2315 848 2358 difficillimo
865 2330 960 2360 cum
972 2320 1076 2361 satis

185 2374 369 2419 haberet
388 2379 696 2421 convenientes
723 2392 874 2422 manus
893 2381 1075 2436 dissipa·

185 2439 263 2481 re:
307 2441 430 2484 Cart.
445 2442 520 2485 lib.
535 2454 598 2484 iv.
617 2447 683 2485 81.
701 2445 819 2486 ‘Rex
834 2457 1012 2488 monere
1026 2451 1076 2488 ut

186 2503 291 2545 satis
310 2503 539 2558 haberent,
555 2519 673 2548 arma
691 2508 895 2560 retinere,
914 2514 1075 2551 caetera

184 2578 231 2608 se
260 2568 563 2610 redditurum.’
618 2572 728 2613 Tac.
762 2571 875 2614 Ann.
910 2574 984 2615 lib.
1020 2586 1074 2616 11.

184 2634 253 2673 87.
274 2632 288 2654 ‘
298 2632 414 2673 Satis
427 2633 653 2687 habebam,
665 2636 700 2676 si
718 2640 870 2677 tenues
883 2649 952 2678 res
967 2650 1074 2679 meae

184 2706 267 2735 nec
285 2694 388 2735 mihi
408 2695 578 2748 pudori,
607 2710 689 2738 nec
722 2700 924 2752 cuiquam
954 2701 1074 2741 oneri

184 2756 358 2799 forent?
414 2757 527 2800 Ann.
562 2760 638 2801 lib.
659 2773 725 2803 iv.
752 2766 820 2803 37.
850 2763 863 2786 ‘
880 2764 972 2815 Ego
991 2777 1074 2817 me,

184 2820 237 2861 P.
259 2822 309 2863 C.
329 2823 556 2862 mortalem
574 2835 666 2864 esse
685 2829 731 2865 et
750 2825 966 2867 hominum
982 2827 1073 2868 offi-

183 2883 252 2926 cia
271 2883 410 2937 fungi,
443 2886 632 2939 satisque
666 2885 843 2941 habere,
870 2889 902 2929 si
929 2890 1071 2931 locum

182 2947 423 3001 principem
457 2948 689 3001 impleam.’
758 2951 852 2993 Lib.
888 2963 966 2993 xv.
1005 2957 1071 2995 25.

181 3010 477 3063 ‘Regressum
516 3010 706 3064 Poetum,
743 3025 839 3053 curn
874 3015 1072 3066 graviora

181 3078 413 3124 metueret,
439 3073 610 3115 facetiis
643 3076 846 3117 insectari
877 3078 981 3119 satis
1000 3079 1071 3120 ha·

182 3135 282 3178 buit
326 3136 501 3177 Caesan’
577 3137 725 3190 Nepos
768 3140 1035 3183 Timoleonte
1058 3155 1069 3182 τ

181 3198 195 3222 ‘
216 3198 316 3239 Hoc
355 3205 559 3249 superato
596 3199 823 3242 Timoleon
859 3203 1068 3245 maximas

181 3262 330 3315 copias
366 3262 784 3314 Carthaginiensium
823 3268 936 3318 apud
976 3268 1068 3309 Cri·

179 3337 364 3367 messum
385 3323 560 3366 fluvium
593 3325 776 3378 fugavit,
793 3339 845 3368 ac
861 3330 967 3370 satis
997 3331 1069 3371 ha·

179 3387 286 3430 bere
300 3388 460 3440 coegit,
477 3388 512 3429 si
530 3389 681 3430 liceret
696 3388 888 3431 Africam
904 3392 1067 3433 obtine·

180 3451 258 3492 re.’
332 3454 551 3494 Eumene:
601 3455 655 3494 ‘a
690 3454 861 3495 caeteris
897 3462 1064 3499 tantum

180 3515 286 3557 satis
316 3516 504 3558 habeant
534 3529 578 3557 se
612 3516 877 3561 defendere.'
932 3520 1063 3562 Anni·

836 284 1324 339 EPAMINONDAM‚
1364 289 1497 328 cAP.
1533 275 1586 330 9.

1928 271 2035 331 587

1149 409 1246 451 bale
1266 410 1417 452 eadem
1444 410 1579 452 ferme
1605 409 1780 464 repetit.
1835 409 2034 452 Justinus

1150 474 1224 516 lib.
1241 485 1358 516 χιιι.
1373 479 1414 516 8.
1442 477 1456 498 ‘
1469 477 1589 526 Tunc
1605 473 1826 527 respondit
1844 474 1945 515 satis
1962 475 2035 515 ha-

1152 536 1257 577 bere
1296 550 1358 588 se,
1395 538 1510 591 quod
1548 538 1798 590 superstites
1830 549 1906 578 eos
1943 549 2035 578 esse

1156 598 1406 652 Agathoclis
1450 599 1596 640 liberis
1643 599 1785 640 sciat!
1860 599 2034 641 Sallust.

1152 662 1354 714 Jugurth.
1401 661 1544 702 ‘Satis
1583 661 1809 703 habebatis
1847 663 2033 704 animum

1152 723 1373 765 retinere.'
1403 724 1603 765 Gebhard.

1208 790 1258 830 Si
1283 789 1384 830 salvi
1413 802 1495 830 esse
1522 788 1696 842 possent]
1723 789 1770 830 Si
1788 789 1939 830 urbem
1961 789 2034 831 de·

1152 852 1331 894 fendere
1359 859 1553 906 possent.
1624 852 1806 893 Diodor.
1843 852 1920 893 lib.
1959 863 2037 895 xv.

1151 916 1353 969 Spartam
1389 927 1415 956 a
1444 915 1658 956 Thebanis
1687 925 1784 956 esse
1816 926 2036 967 oppugna-

1152 983 1257 1031 tam,
1288 985 1378 1020 eta
1397 978 1736 1020 Lacedaemoniis
1769 990 1882 1030 aegre
1915 978 2033 1019 illam

1151 1042 1325 1095 quidem
1356 1042 1590 1094 defensam,
1615 1042 1690 1083 sed
1710 1047 1855 1083 tamen
1873 1053 1959 1083 non
1977 1041 2034 1082 si·

1150 1117 1205 1146 ne
1220 1106 1524 1147 Thebanorum
1540 1105 1810 1147 incommodo
1829 1117 1880 1146 ac
1899 1104 2034 1146 detri-

1149 1174 1310 1221 mento,
1327 1170 1472 1210 multis
1500 1169 1641 1210 verbis
1660 1167 1809 1209 refert.
1853 1168 2034 1209 Lambin.

1204 1234 1386 1275 Messena
1411 1232 1646 1284 constituta]
1682 1232 1755 1273 Sic
1781 1232 1827 1272 in
1857 1231 2032 1285 antiquo

1147 1307 1319 1336 nummo
1350 1296 1542 1338 Tiberii:
1591 1305 1880 1336 ervia-armvs
1915 1305 2031 1336 astas

1148 1368 1430 1401 ans'rrrv‘ns.
1489 1359 1692 1400 Kenchen.
1753 1357 1913 1398 Ἔκτισε
1959 1357 2031 1405 τὴν

1146 1421 1369 1472 Μεσσήνην.
1398 1423 1530 1464 Diod.
1585 1424 1700 1474 Lege
1719 1422 1851 1462 etiam
1870 1421 2032 1462 Pausa-

1147 1486 1263 1526 niam
1283 1487 1327 1527 in
1343 1486 1567 1538 Boeoticis,
1586 1486 1659 1527 ubi
1679 1484 1816 1526 refert
1834 1485 2028 1536 Elegiam

1147 1555 1302 1592 statuae
1341 1551 1437 1604 ejus
1471 1550 1725 1602 inscriptam
1753 1549 1819 1589 his
1854 1548 2028 1589 verbis:

1143 1611 1368 1668 Ἢμετέραις
1388 1615 1552 1661 βουλαῖς
1574 1612 1734 1666 Σπάρτη
1757 1610 1830 1664 μὲν
1858 1611 2029 1665 ἐκείρατο

1146 1675 1272 1729 δόξαν,
1291 1677 1479 1727 Μεσσήνη
1493 1678 1526 1718 δ’
1542 1676 1623 1730 ἱερὰ
1639 1674 1756 1717 τὲκνα
1773 1676 1900 1729 χρόνῳ
1915 1673 2031 1727 δέχε-

1143 1752 1222 1782 ται·
1239 1743 1367 1791 Θῆβαι
1382 1741 1417 1782 δ’
1431 1741 1609 1782 ὅπλοισιν
1625 1739 1783 1793 μεγάλη
1796 1740 1909 1782 πόλις
1921 1739 2030 1781 ἐστε-

1143 1803 1331 1857 φάνωται,
1368 1805 1583 1857 Αὐτόνομος
1617 1805 1654 1847 δ’
1675 1805 1824 1847 Ἑλλὰς
1854 1804 1953 1845 ‘aaa'
1981 1805 2024 1844 ἐν

1144 1868 1349 1924 ἐλευθερίῃ.

1197 1934 1322 1974 Risus
1331 1933 1521 1986 omnium]
1533 1932 1605 1974 Sic
1614 1932 1875 1973 Plutarchus
1887 1930 2030 1983 ἇποφθ.

1140 1998 1276 2042 βασιλ.
1296 1996 1482 2048 'neaman
1494 1994 1561 2037 οὖν
1573 1995 1611 2036 οἱ
1631 1994 1810 2036 δικασταὶ
1835 1994 1907 2035 σὺν
1930 2002 2029 2036 πολ-

1138 2061 1199 2111 λᾷἰ
1227 2057 1387 2111 γέλωτι,
1417 2058 1516 2111 μηδὲ
1542 2059 1614 2101 τὰς
1636 2058 1788 2112 ψήφους
1818 2059 1881 2099 ἐπ’
1914 2058 2029 2099 αὐτὸν

1137 2122 1409 2171 ἀναβαλόντες.
1437 2125 1577 2167 Lamb.

1194 2189 1304 2231 Car.
1321 2193 1362 2232 9.
1396 2190 1518 2243 Apud
1549 2189 1817 2241 Mantineam]
1861 2189 2027 2231 Urbem

1139 2251 1359 2295 Arcadiae.
1387 2255 1506 2307 Lege
1522 2253 1703 2295 Diodor.
1721 2265 1796 2295 xv.
1824 2253 2026 2306 Xenoph.

1138 2316 1253 2359 Ἓλλ.
1273 2329 1363 2361 vn.

1193 2381 1395 2422 Audacius
1421 2381 1591 2422 instaret
1622 2380 1814 2434 hostibus]
1843 2380 2027 2434 Ἀφειδῶς

1139 2444 1336 2498 τῇτολμῇ
1365 2443 1574 2498 χρώμενος.
1631 2445 1840 2497 Polybius
1872 2445 1946 2486 lib.
1971 2456 2023 2487 η.

1140 2506 1196 2547 de
1213 2507 1465 2549 Hamilcare
1482 2522 1492 2548 :
1521 2507 1718 2561 χρώμενος
1738 2510 1941 2561 τολμηρῶς
1960 2508 2026 2549 καὶ

1134 2569 1370 2623 παραβόλως
1402 2571 1524 2623 ἑαυτῷ
1553 2571 1660 2612 κατὰ
1676 2572 1745 2612 τὸν
1759 2574 1830 2613 τοῦ
1852 2572 2023 2613 κινδύνου

1138 2634 1281 2687 καιρόν.
1357 2635 1570 2676 Diodorus
1607 2635 1663 2676 de
1700 2637 1779 2677 hac
1815 2648 1863 2676 re
1900 2636 2021 2688 ipsa:

1136 2697 1412 2752 προθυμότερον
1427 2698 1676 2752 προσπίπτων
1686 2701 1742 2750 τῷ
1754 2701 1871 2750 θυμῷ.
1928 2699 2022 2740 Cae·

1137 2767 1273 2802 terum
1313 2774 1542 2814 perperam
1577 2763 1672 2804 heic
1708 2763 1815 2804 fecit
1850 2765 2023 2816 Epami-

1137 2825 1321 2877 nondas,
1338 2837 1389 2865 ac
1409 2825 1547 2866 minus
1568 2838 1647 2878 pro
1668 2827 1821 2879 prioris
1842 2818 1940 2868 Gitae
1956 2840 2022 2868 sa·

1136 2889 1300 2941 pientia
1318 2900 1368 2930 ac
1383 2889 1691 2930 moderatione.
1766 2890 1885 2931 Nihil
1906 2892 2020 2932 enini

1135 2952 1271 2992 minus
1285 2952 1488 3005 prudenti
1507 2953 1782 3006 Imperatori,
1803 2967 1930 3008 quam
1948 2965 2021 2996 au·

1134 3014 1261 3055 dacia
1280 3016 1497 3068 convenit,
1528 3029 1612 3070 qua
1645 3030 1730 3058 non
1759 3019 1893 3059 solum
1914 3020 2020 3071 ipse,

1133 3079 1209 3119 sed
1250 3079 1320 3133 qui
1360 3081 1541 3120 salutem
1580 3081 1657 3121 tali
1703 3082 2020 3131 commiserunt,

1135 3147 1276 3183 ruunt.
1332 3142 1457 3183 Licet
1487 3144 1573 3183 hoc
1605 3143 1746 3183 verbis
1768 3142 1936 3184 Crateri
1956 3145 2016 3184 in-

1133 3205 1330 3258 telligere
1351 3206 1463 3258 apud
1479 3206 1601 3247 Curt.
1620 3207 1698 3247 lib.
1720 3217 1786 3248 xi.
1806 3210 1870 3248 32.
1901 3209 1914 3231 ‘
1928 3207 2014 3250 Sed

1131 3268 1224 3322 quis
1254 3269 1444 3308 Deorum
1463 3266 1543 3309 hoc
1573 3269 1842 3310 Maccdoniae
1873 3270 2016 3313 lumen

1131 3342 1181 3371 ac
1200 3331 1314 3371 sidus
1343 3330 1592 3372 diuturnum
1623 3332 1820 3384 polliceri
1842 3340 2013 3387 potest;

1131 3406 1229 3434 cum
1263 3399 1352 3435 tam
1386 3394 1511 3434 avide
1542 3394 1777 3437 manifestis
1814 3399 2013 3450 periculis

1127 3458 1281 3499 offeras
1300 3470 1471 3511 corpus,
1491 3458 1647 3501 oblitus
1666 3466 1733 3501 tot
1752 3462 1908 3503 civium
1925 3463 2014 3509 ani·

1127 3535 1217 3563 mas
1253 3522 1425 3563 trahere
1460 3528 1503 3563 te
1533 3524 1574 3563 in
1606 3524 1784 3565 casum.'
1844 3526 1954 3567 Nam
1978 3528 2012 3567 si
