2306 3900
643 299 788 340 x1x.
852 298 1239 351 ΡΗοοῑοΝΕΜ,
1273 300 1410 340 οΑΡ.
1449 286 1501 338 1.

639 677 848 740 XIX.

223 828 335 872 CA».
347 833 386 871 1.
403 829 597 883 Phocion]
609 830 748 872 Phoci
759 829 884 872 filius.
902 830 1055 873 Suidas

168 893 214 934 in
226 892 392 935 ωκίων.
414 895 556 937 Ernst.
587 895 662 937 Sic
678 908 848 950 quoque
862 895 1054 937 AElianus

169 958 275 1000 Var.
298 971 352 1002 11.
374 963 438 1001 16.
491 960 788 1002 cochlearium
819 959 953 1002 fnisse
980 973 1056 1015 pa-

168 1023 434 1075 trem,testis
446 1023 560 1067 idem
576 1036 663 1066 ιιι.
674 1028 741 1067 43.
761 1025 835 1067 ubi
848 1026 947 1067 vide
962 1030 1054 1067 not.

173 1084 242 1127 cl.
271 1085 495 1129 Schefferi.
525 1089 685 1131 Rosius.
742 1090 811 1131 De
842 1090 922 1131 hoc
952 1089 1056 1130 Plu-

170 1151 305 1192 tarch.
341 1152 385 1192 in
419 1153 511 1206 ejus
549 1154 653 1205 vita,
693 1155 737 1195 in
773 1155 974 1196 Politicis
1010 1159 1058 1196 et

170 1213 288 1255 alias.
327 1214 511 1259 Diodor.
539 1217 616 1260 lib.
647 1230 783 1262 xvm.
822 1220 1058 1275 Polyaenus

1891 285 2001 338 619

944 678 1531 743 PHOCION.

1121 831 1195 874 lib.
1211 843 1273 873 xv.
1301 829 1501 872 Athenae.
1516 828 1591 878 lib.
1612 839 1657 870 x.
1685 827 1782 869 Val.
1797 827 1917 868 Max.
1936 839 2009 868 nr.

1123 901 1164 940 8.
1195 902 1242 939 et
1260 900 1359 938 v.3.
1397 895 1563 937 Suidas.
1603 894 1769 935 Savaro.
1827 892 1886 932 Et
1905 891 2023 932 alibi⁴

1123 961 1265 1003 AEsch.
1300 961 1355 1002 de
1378 960 1485 1001 sals.
1514 959 1599 1011 leg.
1634 957 1794 998 Athen.
1867 955 2009 1006 Hujus

1122 1026 1348 1077 Hermam,
1367 1024 1444 1065 sed
1473 1023 1621 1076 capite
1641 1024 1901 1070 truncatum,
1926 1018 2008 1059 hac

1122 1088 1263 1131 forma
1282 1088 1491 1130 exhibent
1516 1086 1730 1140 Imagines
1759 1082 1908 1125 Ursini
1933 1093 2009 1123 nu-

1125 1166 1244 1196 mero
1263 1157 1364 1200 109.

936 1958 1054 1965 .-.-.-—
1080 1958 1146 1965 ‚—

229 2340 324 2383 Etsi
340 2352 445 2394 sape
462 2339 699 2382 exercitibus
723 2339 909 2393 preficit]
950 2338 1065 2383 Qun·

175 2405 349 2460 dragies
366 2411 413 2446 et
429 2403 673 2459 quinquies,
690 2408 870 2445 auctore
889 2403 1065 2446 Plutar-

167 2469 256 2511 cho
270 2483 284 2522 ;
308 2468 433 2522 cujus
446 2468 541 2510 haec
555 2467 688 2509 verba
698 2472 825 2509 sunt:
851 2467 864 2491 ‘
881 2468 1066 2509 Constat

175 2534 292 2578 enim
308 2534 423 2576 inter
438 2544 602 2584 omnes,
617 2543 716 2572 eum
729 2531 941 2573 exercitui
954 2543 1064 2585 prae-

175 2594 310 2638 fuisse
337 2594 564 2650 quinquies
593 2600 642 2636 et
666 2595 939 2648 quadragies,
966 2607 1064 2636 cum

177 2670 235 2700 ne
252 2660 388 2701 semel
400 2658 571 2713 quidem
588 2658 635 2699 in
652 2658 838 2700 comitiis
849 2656 1065 2699 interfuis-

178 2727 262 2774 set,
280 2721 358 2764 sed
376 2733 476 2763 eum
488 2721 611 2763 cives
631 2733 804 2775 semper
818 2721 1065 2763 arcessivis-

177 2790 292 2838 sent,
333 2790 380 2827 et
425 2782 642 2839 suffragiis
685 2785 773 2827 suis
814 2784 1066 2827 creassent!

177 2849 363 2892 Lesa-bin.
983 2860 988 2864 ·

232 2914 507 2964 Mag-istratus
518 2913 642 2966 cepit]
657 2911 711 2954 In
727 2912 879 2955 Attico
894 2926 906 2954 ε
922 2913 937 2939 ⁸
951 2912 1068 2968 quod

177 2988 317 3031 neque
354 2977 447 3030 peti
470 2977 703 3029 ·maj0rum
749 2988 885 3029 more,
928 2988 1067 3031 neque

179 3041 506 3095 capipossent.’
552 3040 747 3083 lbidem:
777 3041 1006 3083 ‘Honores
1018 3045 1067 3083 et

179 3105 354 3147 divitias
368 3104 555 3158 cupere!
573 3104 688 3147 Ibid.
719 3105 732 3129 ‘
746 3106 866 3149 Quos
882 3105 1066 3147 honores

180 3167 421 3222 quibusque
450 3168 717 3221 temporibus
745 3167 962 3222 cepisset-³
998 3169 1065 3210 Si-

181 3231 281 3273 don.
314 3231 390 3272 lib.
428 3242 495 3272 rx.
545 3231 683 3283 Epist.
719 3231 801 3272 ult.
838 3230 881 3271 in
918 3232 1063 3274 Carm-

180 3297 194 3321 ‘
216 3297 404 3351 Cupiens
432 3296 667 3338 honorem.’
703 3295 818 3337 Vide
835 3296 940 3338 Not.
994 3295 1068 3338 Sa·

182 3373 292 3404 varo.

239 3424 386 3464 Notior
415 3424 630 3476 intem-itus
662 3426 723 3464 est
758 3420 872 3473 υἱέα]
921 3421 1068 3463 Valet.

186 3485 400 3529 Maximus
429 3487 504 3530 lib.
540 3500 582 3531 v.
613 3491 655 3530 3.
702 3488 715 3511 ‘
736 3486 927 3528 Phocion
964 3498 1070 3527 vero

186 3548 253 3591 his
271 3549 459 3605 dotibus,
482 3563 577 3607 quae
599 3551 656 3594 nd
676 3551 916 3606 pacandum
934 3549 1068 3592 homi·

864 2152 972 2197 Apud
982 2151 1145 2186 Fulvium
1155 2153 1324 2187 Ursinum

877 2202 915 2235 in
926 2201 1064 2236 schedis
1072 2211 1115 2235 ex
1128 2211 1308 2236 marmore.

1132 2352 1234 2382 nem
1281 2337 1591 2393 potentissimae
1626 2335 1896 2390 judicantur,
1934 2336 2020 2378 elo-

1132 2403 1310 2458 quentia
1349 2407 1396 2444 et
1441 2401 1696 2454 integritate
1739 2400 2021 2442 instructissi-

1131 2467 1254 2510 mus!
1316 2467 1435 2508 Hinc
1481 2466 1555 2507 illa
1597 2477 1681 2507 vox
1717 2465 2022 2506 Demosthenis

1131 2530 1458 2572 concionantis:
1488 2529 1515 2579 ἦ
1540 2531 1620 2570 τῶν
1639 2529 1733 2580 ἐμοῦ
1744 2527 1876 2579 λόγων
1893 2526 2023 2580 σφύρα

1131 2593 1198 2635 καὶ
1217 2593 1331 2635 κοπὶς
1351 2593 1527 2647 ἔρχᾶηιι.
1572 2591 1740 2633 Auctor
1763 2592 2024 2632 lamblichus

1131 2657 1247 2710 apud
1260 2657 1496 2699 Stobaeum.
1525 2655 1726 2697 Kena-hen.

1189 2721 1320 2767 Quam
1336 2721 1398 2762 rei
1414 2720 1603 2761 militaris
1613 2718 1741 2772 labor]
1767 2718 1906 2759 Immo
1917 2719 2024 2759 mul-

1133 2790 1199 2826 tas
1234 2785 1328 2837 ejus
1348 2796 1417 2825 res
1447 2783 1615 2824 militiae
1647 2788 1808 2836 gestas,
1835 2787 1883 2823 et
1907 2781 2026 2823 func-

1132 2848 1274 2889 tiones
1342 2847 1643 2900 imperatorias
1715 2851 2026 2888 commemorat

1134 2910 1398 2952 Plutarchus
1442 2908 1490 2950 in
1526 2908 1761 2950 Phocione.
1841 2909 1896 2949 Et
1930 2908 2023 2961 ejus

1136 2989 1247 3018 uxor
1283 2981 1535 3018 ornamenta
1579 2987 1656 3017 sna
1696 2974 1875 3016 dicebat
1914 2986 2026 3027 esse,

1135 3039 1367 3082 Phocionis
1397 3040 1481 3082 viri
1511 3040 1578 3082 sui
1614 3039 1794 3081 consilia
1820 3037 2025 3092 factaque

1132 3105 1428 3159 imperatoria,
1483 3111 1533 3146 ut
1583 3103 1719 3145 tradit
1764 3102 2024 3143 Plutarchus

1130 3168 1307 3217 ibidem,
1325 3171 1386 3211 et‘
1403 3167 1540 3209 refert
1554 3167 1767 3221 principio
1792 3166 1925 3208 libelli
1938 3165 2028 3219 περὶ

1128 3234 1328 3283 μουσικῆς.
1383 3231 1630 3275 Quinetiam
1643 3228 1788 3271 aetatis
1812 3229 2026 3282 octogesi-

1133 3307 1247 3337 mum
1266 3306 1398 3348 agens
1411 3306 1587 3345 annum,
1601 3292 1814 3334 exercitui
1834 3292 2025 3346 praefuit,

1133 3364 1210 3400 aut
1223 3364 1344 3400 certe
1362 3368 1551 3411 praeesse
1559 3357 1705 3411 jussus
1719 3363 1790 3400 est
1808 3369 1833 3398 a
1847 3359 2026 3412 populo,

1136 3428 1187 3464 ut
1219 3434 1275 3463 ex
1305 3420 1459 3462 eodem
1501 3420 1738 3464 Plutarcho
1777 3420 2023 3477 intelligere

1135 3485 1489 3538 licentum&
1503 3491 1636 3527 rom-r.
1666 3485 1846 3527 Lambini.

1190 3547 1328 3599 Huius
1361 3548 1550 3591 memoria
1582 3551 1641 3591 est
1661 3549 1789 3601 nulla]
1827 3548 2022 3602 Respicit
