2326 3944
819 304 876 372 Y·
942 302 1253 353 clMoNEM‚
1282 303 1413 352 GAP.
1451 291 1505 342 1.

878 670 960 729 V·

308 830 417 879 CAPI
430 841 468 879 1.
486 838 600 880 Duro
617 841 821 881 admodum
837 839 955 880 initio
970 851 1063 886 usus
1076 843 1135 880 est

251 903 536 954 adolescentioe]
565 904 635 943 Sic
653 904 757 944 Mss.
779 909 824 945 et
845 904 1007 956 vulgati
1026 916 1134 956 prae-

251 972 322 1018 ter
332 966 482 1006 Colon.
498 966 668 1018 quidiro
676 966 822 1009 habet.
838 967 1001 1008 savaro.
1033 967 1134 1008 Fuit

253 1035 399 1070 autem
418 1029 539 1069 initio
559 1029 800 1070 luxuriosus
821 1044 870 1072 ac
888 1031 1133 1082 dissolutus,

252 1104 351 1147 mox
371 1091 428 1148 ad
445 1090 613 1144 frugem
634 1106 679 1133 se
698 1095 879 1147 recepit,
904 1100 954 1135 ut
972 1100 1020 1136 et
1048 1095 1133 1135 Va-

251 1144 383 1195 lerius
401 1155 492 1207 ejus
517 1156 801 1209 ‘incunabula
819 1157 1014 1198 stultitiae
1043 1158 1132 1210 ple-

251 1218 326 1257 na'
345 1216 493 1269 fuisse,
510 1218 585 1260 lib.
602 1231 664 1260 vr.
681 1210 962 1261 ff‘memorat.
992 1221 1133 1263 Quem

248 1279 391 1333 locum
432 1282 686 1333 glossemte
732 1282 887 1327 libent
931 1282 1132 1322 Muretus

247 1341 354 1387 Var.
374 1343 449 1385 lib.
469 1355 553 1386 vu.
573 1348 612 1386 1.
644 1345 798 1386 δώσει.
853 1346 1008 1387 AEtatis
1027 1346 1133 1387 vitia

249 1405 460 1451 describit
474 1408 732 1449 Plutarchus
752 1409 795 1449 in
816 1409 919 1450 vita.

300 1471 435 1512 Litem
444 1473 698 1525 aestimatam]
729 1473 1051 1527 Quinquaginta
1070 1478 1133 1515 ta-

245 1534 395 1588 lentis,
414 1548 542 1590 supra
571 1537 616 1577 in
646 1537 864 1590 Miltiade,
896 1550 981 1578 non
1010 1550 1133 1578 sexa·

247 1598 387 1652 ginta,
404 1605 454 1641 ut
472 1600 543 1641 hic
569 1601 797 1642 Lambinus
816 1603 882 1642 sui
901 1601 1059 1642 oblitus
1077 1614 1132 1642 ex

249 1665 477 1729 Herodoto
502 1673 713 1718 numerat,
744 1680 841 1708 cum
867 1668 960 1720 ipse
992 1667 1132 1710 Hero-

249 1727 376 1770 dotus
395 1735 443 1770 et
460 1729 719 1771 Plutarchus
731 1730 974 1779 πεντήκοντα
985 1731 1132 1772 ταλάν·

250 1792 567 1835 τοισιὴαδοοιιῐ.
595 1793 750 1835 Schott.
795 1795 908 1835 Vide
925 1794 1130 1836 Senecam

252 1855 459 1897 Controv.
491 1860 558 1897 24.
591 1863 636 1898 et
667 1858 848 1901 Quintil.
885 1860 1130 1901 Declamat.

251 1920 343 1959 103.-
397 1919 537 1961 Litem
558 1921 811 1962 aestimatam
827 1922 971 1963 Graeci
984 1922 1133 1973 τίμημα

247 1987 418 2028 vocant.
435 1982 615 2023 Lambin.
648 1982 957 2036 Aristophanes
971 1984 1128 2025 Pluto:

246 2042 439 2105 de
470 2059 533 2086 σοι
569 2046 704 2097 τίμημ’
731 2045 928 2100 ἐπιγράψω
955 2049 1007 2102 τῇ
1029 2047 1130 2102 δίκῃ,

230 2107 340 2181 ἐξὸν
354 2109 396 2160 γ’
410 2107 541 2161 ἆλῷς;
566 2110 666 2151 vid.
687 2111 828 2152 Gebh.
849 2112 904 2151 ad
923 2111 1113 2152 Miltiad.

283 2171 286 2173 ’
305 2173 493 2212 Custodia
510 2172 734 2224 tenebatur]
751 2173 946 2214 ‘Praeter
964 2173 1129 2215 Herod.

248 2242 295 2276 et
326 2235 544 2277 Plutarch.
573 2237 717 2277 Valet.
737 2238 765 2278 l.
785 2249 830 2278 v.
849 2241 888 2277 3.
903 2244 950 2278 et
967 2241 1008 2278 4.
1039 2238 1132 2279 Jus-

245 2298 330 2342 tin.
344 2309 409 2339 xr.
429 2299 473 2339 in
491 2298 590 2340 fine.
637 2300 822 2342 Quintil.
837 2300 1019 2342 declam.
1038 2304 1131 2341 3⁰3.

244 2360 291 2407 in
308 2360 408 2402 fine.
439 2361 605 2404 Savaro.
659 2364 861 2405 Meminit
891 2370 937 2404 et
964 2365 1133 2406 Seneca

249 2423 454 2468 Controv.
493 2430 562 2468 24.
637 2427 825 2469 Cimonis
871 2427 1131 2470 declamatio

248 2499 329 2539 pro
350 2495 471 2541 patre
485 2489 612 2531 ire‘iu
631 2503 849 2532 carcerem
864 2492 1047 2533 volentis
1066 2498 1132 2533 est

248 2550 363 2603 apud
382 2552 607 2593 Libanium
623 2555 742 2595 Tum.
765 2566 797 2596 1.

304 2614 442 2666 Neque
485 2615 634 2666 legibus
676 2617 992 2670 Atheniensium]
1046 2620 1131 2660 Vel

249 2675 568 2720 Atheniensibus.
633 2680 800 2721 Graecis
830 2682 927 2733 lege
954 2687 1130 2723 cautum

250 2744 360 2788 erat,
389 2745 438 2779 nt
475 2746 754 2792 tyrannorum
787 2742 865 2784 filii
903 2750 1130 2796 parentum

250 2801 429 2843 crimina
442 2802 623 2845 luerent.
652 2805 779 2844 Alex.
795 2806 980 2858 Neapol.
995 2807 1069 2848 lib.
1081 2819 1130 2849 u.

252 2867 317 2905 16.

303 2927 489 2968 Habebat
519 2934 650 2970 autem
677 2930 720 2970 in
747 2931 997 2971 matrimonio
1026 2944 1133 2972 soro-

248 3003 333 3031 rem
347 3003 458 3032 suam
466 3005 710 3045 germanam,
726 2995 878 3035 nomine
892 2996 1131 3049 Elpinicem]

248 3052 391 3095 Aliter
422 3055 571 3107 legunt
603 3057 843 3109 Excerpta‚
875 3058 950 3099 sed
978 3060 1134 3100 omissa

250 3129 387 3159 voce:
428 3111 599 3160 soror-ein
629 3132 739 3160 suam
769 3122 923 3162 nomine
950 3122 1132 3176 Helpice·

247 3194 350 3223 nem.
405 3182 457 3222 In
476 3182 737 3234 Longoliana
752 3184 865 3224 haud
884 3186 1029 3237 paullo
1046 3199 1133 3227 me·

248 3246 348 3297 lius,
389 3245 663 3298 Helpinieem3
697 3258 792 3300 quae
825 3245 873 3286 τὸ
904 3260 1134 3298 germanam

248 3309 426 3362 insuper
456 3309 551 3350 heic
583 3309 845 3350 exulandum
875 3310 1000 3363 facit,
1019 3313 1132 3365 quod

249 3384 463 3427 nunquam
494 3372 780 3425 probaverim.
837 3373 1132 3417 Praefatione:

252 3437 265 3458 ‘
287 3448 474 3478 sororem
495 3449 735 3489 germanam
753 3437 910 3478 habere
930 3439 972 3480 in
992 3440 1135 3480 matri-

251 3499 422 3554 monio!
456 3499 469 3522 ‘
490 3500 679 3543 Habere'
702 3507 846 3544 autem
866 3503 1136 3562 propi-isde-

1969 289 2077 341 471

1031 666 1453 730 CIMON.

1194 838 1465 880 matrimonio
1473 836 1648 879 dicitur.
1657 835 1888 878 Terentius
1897 832 2081 888 Adelph.

1196 913 1261 942 lv.
1297 904 1339 942 4..
1382 901 1587 951 ‘Valeas,
1623 899 1780 940 habeas
1817 899 1949 950 illam,
1984 910 2078 951 quae

1196 965 1372 1018 placet!
1427 962 1498 1004 Ad
1529 975 1654 1017 quem
1685 963 1824 1004 locum
1855 963 2079 1003 Donatus:

1198 1032 1208 1049 ‘
1231 1025 1396 1067 Haberi
1423 1038 1532 1066 uxor
1559 1025 1745 1067 dicitur.'
1773 1024 1900 1066 Joan.
1921 1037 2017 1078 cap.
2038 1028 2081 1066 3.

1196 1103 1305 1132 vers.
1324 1094 1392 1132 29.
1418 1091 1468 1130 ‘O
1483 1088 1585 1143 ἔχων
1596 1089 1763 1143 νύμφην,
1778 1087 1940 1143 νύμφιός
1959 1090 2081 1131 ἐστιν.

1198 1154 1400 1202 Keuehen.

1250 1219 1432 1259 Sororem
1457 1230 1566 1259 suam
1579 1230 1823 1270 germanam,
1836 1218 1991 1259 nomine
2006 1218 2081 1269 ‚El-

1193 1282 1382 1335 pinicem]
1411 1283 1562 1324 Codex
1594 1284 1648 1324 P.
1667 1284 1781 1325 Dan.
1811 1283 2079 1336 Helpz'cenem.

1195 1346 1307 1386 Vide
1340 1358 1437 1399 quae
1476 1345 1530 1386 ad
1573 1345 1880 1387 Praefationem
1915 1347 2083 1387 notavi-

1195 1421 1304 1451 mus.
1359 1407 1488 1462 Apud
1501 1408 1788 1450 Athenienses
1802 1409 1988 1462 proximi
2009 1422 2082 1463 ge-

1195 1484 1298 1512 nere
1322 1471 1455 1512 'orbas
1489 1473 1653 1525 puellas
1683 1476 1729 1513 et
1761 1472 1940 1524 penuria
1965 1471 2082 1514 dolis

1196 1534 1366 1575 elocatu
1399 1533 1597 1576 difficiles
1631 1536 1728 1587 lege
1764 1535 1925 1576 ducere
1952 1535 2082 1588 jube-

1195 1597 1366 1651 bantur,
1395 1604 1470 1639 aut
1500 1603 1664 1639 tantum
1694 1597 1808 1639 dotis
1837 1597 1985 1650 largiri
2010 1599 2083 1652 qui

1196 1673 1394 1713 sponsum
1441 1662 1636 1703 invenire
1677 1666 1868 1714 possent.
1934 1662 2082 1704 Verba

1194 1723 1300 1775 legis
1318 1735 1373 1763 ex
1402 1724 1566 1764 Budaeo
1591 1723 1856 1764 adscribam:
1885 1726 1971 1765 Τῶν
2001 1726 2083 1765 ἑπι-

1193 1786 1347 1840 κλήρων
1364 1786 1453 1828 ὅσαι
1471 1787 1520 1827 τὸ
1539 1787 1696 1837 θητικὸν
1712 1788 1908 1840 τελοῦσιν,
1932 1787 2000 1829 ἐὰν
2026 1788 2082 1839 μὴ

1193 1850 1388 1900 βούληται
1403 1849 1510 1902 ἔχειν
1525 1850 1730 1903 ἐγγύτατα
1739 1850 1890 1903 γένους,
1901 1851 2082 1894 ἐκδιδότω

1194 1914 1361 1967 ἐπιδοὺς,
1379 1916 1401 1954 ὁ
1415 1914 1487 1965 μὲν
1512 1914 1920 1966 πεντακοσιομέδιμνος
1937 1932 2081 1958 πεντα-

1193 1977 1344 2019 κοσίους
1362 1978 1551 2032 δραχμὰς,
1575 1979 1596 2018 ὁ
1615 1977 1657 2018 δὲ
1680 1978 1819 2021 ἱππεὺς
1840 1980 2080 2033 τριακοσίας,

1194 2043 1216 2082 ὁ
1229 2041 1271 2082 δὲ·
1285 2041 1470 2094 ζευγίτης
1487 2036 1628 2084 ἑκατὸν
1647 2043 1906 2092 πεντήκοντα.
1951 2045 2083 2088 Diod.

1192 2106 1270 2147 lib.
1291 2118 1378 2146 ΧΠ.
1398 2107 1529 2146 talem
1545 2107 1684 2160 legem
1706 2120 1732 2147 a
1757 2108 1912 2148 Solone
1931 2108 2082 2160 latam,

1192 2169 1268 2209 sed
1305 2182 1330 2210 a
1367 2169 1595 2210 Charonda
1627 2175 1868 2210 correctam
1902 2177 2081 2212 narrat:

1194 2233 1349 2275 ἐκέλευε
1371 2235 1439 2274 lex
1471 2234 1639 2275 Solonis
1666 2236 1717 2288 τῇ
1742 2234 1937 2288 ἐπικλήρῳ
1966 2236 2084 2276 ἐπιδι-

1193 2297 1383 2350 κάζεσθαι
1428 2297 1502 2338 τὸν
1543 2297 1716 2349 ἔγγιστα
1752 2297 1889 2350 γένους
1930 2298 2084 2353 γένους,

1185 2361 1376 2419 ,ὡσαύτως
1405 2361 1448 2402 δὲ
1480 2361 1546 2402 καὶ
1578 2361 1653 2411 τὴν
1681 2361 1890 2416 ἐπίκληρον
1916 2363 2084 2404 ἐπιδικά-

1191 2425 1335 2479 ζεσθαι
1363 2428 1423 2477 τῷ
1457 2426 1658 2477 ἂγχιστεῒ·
1687 2423 1721 2477 ᾧ
1740 2424 1789 2475 ἣν
1812 2423 1964 2477 ἀνάγκη
1994 2440 2084 2467 συν-

1162 2540 1165 2543 .
1194 2493 1313 2531 οικεῖν
1329 2490 1355 2540 ἢ
1375 2489 1650 2531 πεντακοσίους
1669 2488 1821 2530 ἑκτίσαι
1840 2490 2016 2543 δραχμὰς
2030 2489 2084 2533 εἷς

1192 2555 1348 2608 προικὸς
1361 2554 1486 2606 λόγον
1498 2555 1552 2608 τῇ
1569 2555 1735 2606 πενιχρᾷ
1753 2552 1958 2606 ἐπικλήρῳ.
1974 2554 2083 2594 Por·

1193 2631 1241 2660 ro
1261 2619 1375 2659 inter
1393 2618 1608 2672 proximas
1629 2624 1676 2659 et
1690 2616 1919 2671 ἐπικλήρους
1937 2629 2084 2658 recen·

1192 2681 1401 2722 sebantur
1419 2692 1586 2721 sorores
1615 2693 1831 2731 ger-mance,
1860 2681 1901 2721 h.
1920 2693 1960 2721 e.
1994 2675 2081 2730 ὅμο·

1191 2742 1357 2797 πάτριοι.
1412 2745 1553 2784 Locus
1572 2744 1745 2794 elegans
1765 2743 1948 2784 habetur
1966 2741 2082 2796 apud

1194 2807 1416 2848 Philonem
1431 2804 1630 2847 Judaeum
1651 2805 1705 2845 de
1723 2805 1891 2858 legibus
1919 2807 2084 2859 specia-

1193 2868 1317 2920 libus,
1333 2880 1462 2922 quem
1488 2868 1638 2920 attigit
1664 2869 1731 2909 Μ.
1749 2868 1960 2911 Antonius
1986 2870 2084 2911 Mu-

1194 2938 1312 2973 retus
1341 2933 1446 2973 Var.
1473 2932 1596 2972 Lect.
1628 2931 1702 2972 lib.
1723 2942 1799 2973 xv.
1826 2944 1863 2973 c.
1883 2938 1926 2973 6.
1982 2933 2085 2975 1²10-

1196 2999 1360 3040 niorem
1380 3010 1480 3038 vero
1500 2996 1684 3038 adduxit
1712 2998 1778 3037 vir
1797 3010 1963 3050 magnae
1982 2998 2083 3040 doc·

1197 3061 1340 3112 trinae,
1368 3073 1449 3101 nec
1481 3060 1654 3101 minoris
1673 3061 1895 3101 industriae
1913 3073 1964 3102 ac
1981 3073 2082 3113 pro·

1195 3125 1343 3169 bitatis
1372 3125 1571 3166 Andreas
1604 3126 1822 3167 Schottus.
1889 3126 1939 3165 Ὅ
1968 3127 2084 3176 Ἀθη-

1195 3192 1301 3231 ναῖος
1338 3188 1487 3241 Σόλων,
1516 3190 1654 3241 inquit
1688 3189 1777 3238 ille,
1826 3189 2082 3242 ὁμοπατρίους

1196 3252 1315 3304 ἐφιεὶς
1328 3251 1510 3303 ἄγεσθαι,
1522 3251 1594 3291 τὰς
1608 3250 1859 3303 ὁμομητρίους
1873 3252 2082 3296 ἐκώλυσεν.

1193 3315 1243 3356 ‘0
1271 3315 1313 3356 δὲ
1342 3313 1646 3363 Λακεδαιμονίων
1667 3313 1877 3364 νομοθέτης
1899 3314 2081 3366 ἔμπαλιν,

1194 3378 1266 3419 τὸν
1306 3379 1369 3418 ἐπὶ
1403 3380 1492 3419 ταῖς
1532 3378 1804 3431 ὁμσγαστρίοις
1837 3377 1967 3431 γάμον
2002 3381 2084 3420 ἐπι-

1193 3442 1354 3497 τρέψας,
1381 3442 1452 3483 τὸν
1477 3442 1571 3496 πρὸς
1593 3442 1667 3484 τὰς
1693 3444 1947 3497 ὁμοπατρίους
1971 3444 2081 3484 ἀπεῖ-

1193 3522 1284 3566 (rev,
1306 3506 1527 3559 Αἰγυπτίων
1544 3504 1761 3574 ’χλαυάζων
1787 3506 1863 3558 τὴν
1889 3504 2081 3566 ἑκατέρου
2147 3559 2158 3565 ς
