<?xml version="1.0" encoding="UTF-8"?>
<!DOCTYPE html PUBLIC "-//W3C//DTD XHTML 1.0 Transitional//EN"
    "http://www.w3.org/TR/xhtml1/DTD/xhtml1-transitional.dtd">
<html xmlns="http://www.w3.org/1999/xhtml" xml:lang="en" lang="en">
 <head>
  <title>
</title>
<meta http-equiv="Content-Type" content="text/html;charset=utf-8" />
  <meta name='ocr-system' content='tesseract 3.04.00' />
  <meta name='ocr-capabilities' content='ocr_page ocr_carea ocr_par ocr_line ocrx_word'/>
</head>
<body>
  <div class='ocr_page' id='page_1' title='image "./vitaeexcellentiu02nepouoft_0383.png"; bbox 0 0 2306 3900; ppageno 0'>
   <div class='ocr_carea' id='block_1_1' title="bbox 746 270 2033 325">
    <p class='ocr_par' dir='ltr' id='par_1_1' title="bbox 746 270 2033 325">
     <span class='ocr_line' id='line_1_1' title="bbox 746 270 2033 325; baseline -0.002 -1"><span class='ocrx_word' id='word_1_1' title='bbox 746 284 968 325; x_wconf 66' lang='lat' dir='ltr'><strong>aarum</strong></span> <span class='ocrx_word' id='word_1_2' title='bbox 1010 283 1087 324; x_wconf 75' lang='lat' dir='ltr'><strong>ET</strong></span> <span class='ocrx_word' id='word_1_3' title='bbox 1125 283 1494 324; x_wconf 74' lang='lat' dir='ltr'><strong>vnnssontm.</strong></span> <span class='ocrx_word' id='word_1_4' title='bbox 1935 270 2033 322; x_wconf 83' lang='lat' dir='ltr'><strong>lvii</strong></span> 
     </span>
    </p>
   </div>
   <div class='ocr_carea' id='block_1_2' title="bbox 206 406 1110 3574">
    <p class='ocr_par' dir='ltr' id='par_1_2' title="bbox 255 406 1088 769">
     <span class='ocr_line' id='line_1_2' title="bbox 255 406 1087 463; baseline -0.002 -14"><span class='ocrx_word' id='word_1_5' title='bbox 255 416 446 463; x_wconf 74' lang='lat' dir='ltr'><strong>perpetua</strong></span> <span class='ocrx_word' id='word_1_6' title='bbox 471 409 498 456; x_wconf 89' lang='lat' dir='ltr'><strong>i,</strong></span> <span class='ocrx_word' id='word_1_7' title='bbox 518 412 545 448; x_wconf 85' lang='grc'>8</span> <span class='ocrx_word' id='word_1_8' title='bbox 588 406 758 460; x_wconf 83' lang='lat' dir='ltr'><strong>propitia</strong></span> <span class='ocrx_word' id='word_1_9' title='bbox 774 407 975 446; x_wconf 85' lang='lat' dir='ltr'><strong>voluntate</strong></span> <span class='ocrx_word' id='word_1_10' title='bbox 1003 421 1040 455; x_wconf 86' lang='lat' dir='ltr'><strong>x,</strong></span> <span class='ocrx_word' id='word_1_11' title='bbox 1060 412 1087 448; x_wconf 85' lang='lat'><strong>9</strong></span> 
     </span>
     <span class='ocr_line' id='line_1_3' title="bbox 258 460 1087 516; baseline -0.004 -13"><span class='ocrx_word' id='word_1_12' title='bbox 258 465 466 516; x_wconf 86' lang='lat' dir='ltr'><strong>prudentia</strong></span> <span class='ocrx_word' id='word_1_13' title='bbox 489 461 673 514; x_wconf 77' lang='lat' dir='ltr'>singulari</span> <span class='ocrx_word' id='word_1_14' title='bbox 698 467 739 500; x_wconf 90' lang='lat' dir='ltr'><strong>et</strong></span> <span class='ocrx_word' id='word_1_15' title='bbox 762 460 952 500; x_wconf 83' lang='lat' dir='ltr'><strong>industria</strong></span> <span class='ocrx_word' id='word_1_16' title='bbox 968 462 1008 499; x_wconf 93' lang='lat' dir='ltr'><strong>in</strong></span> <span class='ocrx_word' id='word_1_17' title='bbox 1029 474 1087 500; x_wconf 87' lang='lat' dir='ltr'><strong>re-</strong></span> 
     </span>
     <span class='ocr_line' id='line_1_4' title="bbox 257 513 1088 567; baseline -0.004 -10"><span class='ocrx_word' id='word_1_18' title='bbox 257 519 331 557; x_wconf 79' lang='lat' dir='ltr'><strong>bus</strong></span> <span class='ocrx_word' id='word_1_19' title='bbox 341 517 520 556; x_wconf 77' lang='lat' dir='ltr'><strong>omnibus</strong></span> <span class='ocrx_word' id='word_1_20' title='bbox 546 515 650 562; x_wconf 83' lang='lat' dir='ltr'><strong>xxiv,</strong></span> <span class='ocrx_word' id='word_1_21' title='bbox 663 518 688 555; x_wconf 73' lang='lat'>3</span> <span class='ocrx_word' id='word_1_22' title='bbox 704 513 929 566; x_wconf 65' lang='lat' dir='ltr'><strong>‚sagacitate</strong></span> <span class='ocrx_word' id='word_1_23' title='bbox 948 527 1088 567; x_wconf 84' lang='lat' dir='ltr'><strong>magna</strong></span> 
     </span>
     <span class='ocr_line' id='line_1_5' title="bbox 259 568 1086 622; baseline -0.004 -13"><span class='ocrx_word' id='word_1_24' title='bbox 259 570 328 617; x_wconf 79' lang='lat' dir='ltr'><strong>vii,</strong></span> <span class='ocrx_word' id='word_1_25' title='bbox 345 576 370 611; x_wconf 81' lang='lat'>5</span> <span class='ocrx_word' id='word_1_26' title='bbox 399 571 538 610; x_wconf 86' lang='lat' dir='ltr'><strong>eodem</strong></span> <span class='ocrx_word' id='word_1_27' title='bbox 551 581 667 610; x_wconf 85' lang='lat' dir='ltr'><strong>sensu</strong></span> <span class='ocrx_word' id='word_1_28' title='bbox 680 580 760 620; x_wconf 88' lang='lat' dir='ltr'><strong>quo</strong></span> <span class='ocrx_word' id='word_1_29' title='bbox 776 568 825 622; x_wconf 90' lang='lat' dir='ltr'><strong>(i.</strong></span> <span class='ocrx_word' id='word_1_30' title='bbox 839 581 876 607; x_wconf 87' lang='lat' dir='ltr'><strong>e.</strong></span> <span class='ocrx_word' id='word_1_31' title='bbox 891 568 1086 619; x_wconf 88' lang='lat' dir='ltr'><strong>ingenio),</strong></span> 
     </span>
     <span class='ocr_line' id='line_1_6' title="bbox 258 621 1087 677; baseline -0.004 -14"><span class='ocrx_word' id='word_1_32' title='bbox 258 625 355 663; x_wconf 86' lang='lat' dir='ltr'><strong>ibid.</strong></span> <span class='ocrx_word' id='word_1_33' title='bbox 380 637 466 664; x_wconf 82' lang='lat' dir='ltr'><strong>esse</strong></span> <span class='ocrx_word' id='word_1_34' title='bbox 484 622 567 677; x_wconf 87' lang='lat' dir='ltr'><strong>pari</strong></span> <span class='ocrx_word' id='word_1_35' title='bbox 586 622 756 674; x_wconf 89' lang='lat' dir='ltr'><strong>periculo</strong></span> <span class='ocrx_word' id='word_1_36' title='bbox 785 621 877 669; x_wconf 81' lang='lat' dir='ltr'><strong>xxii,</strong></span> <span class='ocrx_word' id='word_1_37' title='bbox 890 624 916 661; x_wconf 77' lang='lat'>2</span> <span class='ocrx_word' id='word_1_38' title='bbox 943 634 1087 673; x_wconf 88' lang='lat' dir='ltr'><strong>magno</strong></span> 
     </span>
     <span class='ocr_line' id='line_1_7' title="bbox 259 674 1086 769; baseline -0.001 -53"><span class='ocrx_word' id='word_1_39' title='bbox 259 678 364 769; x_wconf 61' lang='lat' dir='ltr'><strong>penc‘</strong></span> <span class='ocrx_word' id='word_1_40' title='bbox 369 678 432 717; x_wconf 90' lang='lat' dir='ltr'><strong>ulo</strong></span> <span class='ocrx_word' id='word_1_41' title='bbox 461 678 569 724; x_wconf 82' lang='lat' dir='ltr'><strong>xxiii,</strong></span> <span class='ocrx_word' id='word_1_42' title='bbox 586 679 628 716; x_wconf 86' lang='grc'><strong>9.</strong></span> <span class='ocrx_word' id='word_1_43' title='bbox 656 677 733 722; x_wconf 81' lang='lat' dir='ltr'><strong>xiv,</strong></span> <span class='ocrx_word' id='word_1_44' title='bbox 753 681 778 716; x_wconf 82' lang='lat'><strong>5</strong></span> <span class='ocrx_word' id='word_1_45' title='bbox 805 675 872 728; x_wconf 91' lang='lat' dir='ltr'><strong>(et</strong></span> <span class='ocrx_word' id='word_1_46' title='bbox 884 674 999 727; x_wconf 82' lang='lat' dir='ltr'><strong>juxta</strong></span> <span class='ocrx_word' id='word_1_47' title='bbox 1018 690 1086 728; x_wconf 90' lang='lat' dir='ltr'><strong>qu.</strong></span> 
     </span>
    </p>

    <p class='ocr_par' dir='ltr' id='par_1_3' title="bbox 206 729 1110 3574">
     <span class='ocr_line' id='line_1_8' title="bbox 288 729 1087 782; baseline 0 -13"><span class='ocrx_word' id='word_1_48' title='bbox 288 732 360 770; x_wconf 75' lang='lat' dir='ltr'><strong>iss.</strong></span> <span class='ocrx_word' id='word_1_49' title='bbox 400 744 438 778; x_wconf 73' lang='grc' dir='ltr'><strong>ι,</strong></span> <span class='ocrx_word' id='word_1_50' title='bbox 472 735 513 772; x_wconf 88' lang='grc'><strong>8.</strong></span> <span class='ocrx_word' id='word_1_51' title='bbox 558 730 638 768; x_wconf 82' lang='lat' dir='ltr'><strong>vid.</strong></span> <span class='ocrx_word' id='word_1_52' title='bbox 671 737 754 768; x_wconf 90' lang='lat' dir='ltr'><strong>not.</strong></span> <span class='ocrx_word' id='word_1_53' title='bbox 791 730 885 769; x_wconf 84' lang='lat' dir='ltr'><strong>add.</strong></span> <span class='ocrx_word' id='word_1_54' title='bbox 899 729 1087 782; x_wconf 61' lang='lat' dir='ltr'><strong>‘Sc-hopp.</strong></span> 
     </span>
     <span class='ocr_line' id='line_1_9' title="bbox 257 782 1087 836; baseline -0.004 -12"><span class='ocrx_word' id='word_1_55' title='bbox 257 783 438 825; x_wconf 82' lang='lat' dir='ltr'><strong>Verisim.</strong></span> <span class='ocrx_word' id='word_1_56' title='bbox 465 785 518 831; x_wconf 83' lang='lat' dir='ltr'><strong>iv,</strong></span> <span class='ocrx_word' id='word_1_57' title='bbox 538 783 627 836; x_wconf 82' lang='lat'><strong>14).</strong></span> <span class='ocrx_word' id='word_1_58' title='bbox 674 783 809 836; x_wconf 86' lang='lat' dir='ltr'><strong>majori</strong></span> <span class='ocrx_word' id='word_1_59' title='bbox 840 782 1014 834; x_wconf 87' lang='lat' dir='ltr'><strong>periculo</strong></span> <span class='ocrx_word' id='word_1_60' title='bbox 1049 798 1087 829; x_wconf 85' lang='lat' dir='ltr'><strong>x,</strong></span> 
     </span>
     <span class='ocr_line' id='line_1_10' title="bbox 256 836 1089 892; baseline -0.004 -13"><span class='ocrx_word' id='word_1_61' title='bbox 256 842 283 879; x_wconf 76' lang='lat'><em>2</em></span> <span class='ocrx_word' id='word_1_62' title='bbox 310 838 383 892; x_wconf 79' lang='lat' dir='ltr'><strong>(ad</strong></span> <span class='ocrx_word' id='word_1_63' title='bbox 399 839 569 878; x_wconf 85' lang='lat' dir='ltr'><strong>eundem</strong></span> <span class='ocrx_word' id='word_1_64' title='bbox 588 838 747 877; x_wconf 77' lang='lat' dir='ltr'><strong>modum</strong></span> <span class='ocrx_word' id='word_1_65' title='bbox 764 843 804 876; x_wconf 90' lang='lat' dir='ltr'><strong>et</strong></span> <span class='ocrx_word' id='word_1_66' title='bbox 824 836 962 877; x_wconf 88' lang='lat' dir='ltr'><strong>Cicero</strong></span> <span class='ocrx_word' id='word_1_67' title='bbox 981 837 1089 876; x_wconf 88' lang='lat' dir='ltr'><strong>locu—</strong></span> 
     </span>
     <span class='ocr_line' id='line_1_11' title="bbox 259 890 1089 940; baseline -0.002 -9"><span class='ocrx_word' id='word_1_68' title='bbox 259 899 322 931; x_wconf 84' lang='lat' dir='ltr'><strong>tus</strong></span> <span class='ocrx_word' id='word_1_69' title='bbox 341 893 394 931; x_wconf 86' lang='lat' dir='ltr'><strong>ad</strong></span> <span class='ocrx_word' id='word_1_70' title='bbox 425 893 533 931; x_wconf 85' lang='lat' dir='ltr'><strong>Fam.</strong></span> <span class='ocrx_word' id='word_1_71' title='bbox 558 891 614 938; x_wconf 81' lang='lat' dir='ltr'><strong>iv,</strong></span> <span class='ocrx_word' id='word_1_72' title='bbox 634 895 700 931; x_wconf 84' lang='lat'><strong>15.</strong></span> <span class='ocrx_word' id='word_1_73' title='bbox 728 897 770 931; x_wconf 88' lang='lat' dir='ltr'><strong>et</strong></span> <span class='ocrx_word' id='word_1_74' title='bbox 802 891 881 938; x_wconf 80' lang='lat' dir='ltr'><strong>viii,</strong></span> <span class='ocrx_word' id='word_1_75' title='bbox 897 894 938 930; x_wconf 83' lang='lat'><strong>2.</strong></span> <span class='ocrx_word' id='word_1_76' title='bbox 976 890 1089 940; x_wconf 84' lang='lat' dir='ltr'><strong>item·</strong></span> 
     </span>
     <span class='ocr_line' id='line_1_12' title="bbox 258 944 1089 998; baseline -0.004 -12"><span class='ocrx_word' id='word_1_77' title='bbox 258 959 338 998; x_wconf 79' lang='lat' dir='ltr'><strong>que</strong></span> <span class='ocrx_word' id='word_1_78' title='bbox 369 945 589 992; x_wconf 75' lang='lat' dir='ltr'><strong>Petronius,</strong></span> <span class='ocrx_word' id='word_1_79' title='bbox 618 944 766 990; x_wconf 86' lang='lat' dir='ltr'><strong>Livius,</strong></span> <span class='ocrx_word' id='word_1_80' title='bbox 796 945 876 983; x_wconf 79' lang='lat' dir='ltr'><strong>alii.</strong></span> <span class='ocrx_word' id='word_1_81' title='bbox 906 944 1089 985; x_wconf 89' lang='lat' dir='ltr'><strong>Ceterum</strong></span> 
     </span>
     <span class='ocr_line' id='line_1_13' title="bbox 256 997 1089 1053; baseline -0.001 -15"><span class='ocrx_word' id='word_1_82' title='bbox 256 1000 299 1039; x_wconf 86' lang='lat' dir='ltr'><strong>in</strong></span> <span class='ocrx_word' id='word_1_83' title='bbox 322 999 547 1053; x_wconf 86' lang='lat' dir='ltr'><strong>hujusmodi</strong></span> <span class='ocrx_word' id='word_1_84' title='bbox 570 999 832 1039; x_wconf 81' lang='lat' dir='ltr'><strong>locutionibus</strong></span> <span class='ocrx_word' id='word_1_85' title='bbox 857 997 1089 1050; x_wconf 68' lang='lat' dir='ltr'><strong>supplendas</strong></span> 
     </span>
     <span class='ocr_line' id='line_1_14' title="bbox 260 1052 1088 1116; baseline -0.001 -24"><span class='ocrx_word' id='word_1_86' title='bbox 260 1059 352 1092; x_wconf 87' lang='lat' dir='ltr'><strong>sunt</strong></span> <span class='ocrx_word' id='word_1_87' title='bbox 370 1053 679 1116; x_wconf 81' lang='lat' dir='ltr'><strong>praepositiones,</strong></span> <span class='ocrx_word' id='word_1_88' title='bbox 693 1065 797 1098; x_wconf 88' lang='lat' dir='ltr'><strong>cum,</strong></span> <span class='ocrx_word' id='word_1_89' title='bbox 818 1052 872 1098; x_wconf 86' lang='lat' dir='ltr'><strong>in,</strong></span> <span class='ocrx_word' id='word_1_90' title='bbox 893 1052 968 1090; x_wconf 76' lang='lat' dir='ltr'><strong>&amp;c-</strong></span> <span class='ocrx_word' id='word_1_91' title='bbox 998 1064 1088 1091; x_wconf 84' lang='lat' dir='ltr'><strong>narn</strong></span> 
     </span>
     <span class='ocr_line' id='line_1_15' title="bbox 258 1106 1089 1159; baseline -0.002 -14"><span class='ocrx_word' id='word_1_92' title='bbox 258 1108 409 1159; x_wconf 83' lang='lat' dir='ltr'>integre</span> <span class='ocrx_word' id='word_1_93' title='bbox 426 1107 569 1147; x_wconf 72' lang='lat' dir='ltr'><strong>dicitu-r</strong></span> <span class='ocrx_word' id='word_1_94' title='bbox 585 1121 594 1147; x_wconf 75' lang='grc' dir='ltr'><strong><em>ι</em></strong></span> <span class='ocrx_word' id='word_1_95' title='bbox 629 1113 713 1145; x_wconf 79' lang='lat' dir='ltr'><strong>esse</strong></span> <span class='ocrx_word' id='word_1_96' title='bbox 731 1118 821 1146; x_wconf 89' lang='lat' dir='ltr'><strong>cum</strong></span> <span class='ocrx_word' id='word_1_97' title='bbox 839 1106 1089 1153; x_wconf 80' lang='lat' dir='ltr'><strong>abstinentia,</strong></span> 
     </span>
     <span class='ocr_line' id='line_1_16' title="bbox 260 1158 1088 1212; baseline -0.004 -11"><span class='ocrx_word' id='word_1_98' title='bbox 260 1167 470 1212; x_wconf 72' lang='lat' dir='ltr'><strong>potestate,</strong></span> <span class='ocrx_word' id='word_1_99' title='bbox 487 1160 562 1199; x_wconf 73' lang='grc' dir='ltr'><strong>διο.</strong></span> <span class='ocrx_word' id='word_1_100' title='bbox 587 1160 629 1199; x_wconf 88' lang='lat' dir='ltr'><strong>in</strong></span> <span class='ocrx_word' id='word_1_101' title='bbox 657 1166 773 1198; x_wconf 84' lang='lat' dir='ltr'><strong>aetate</strong></span> <span class='ocrx_word' id='word_1_102' title='bbox 799 1172 861 1207; x_wconf 85' lang='lat' dir='ltr'><strong>ea,</strong></span> <span class='ocrx_word' id='word_1_103' title='bbox 881 1159 922 1197; x_wconf 85' lang='lat' dir='ltr'><strong>in</strong></span> <span class='ocrx_word' id='word_1_104' title='bbox 952 1158 1088 1211; x_wconf 86' lang='lat' dir='ltr'><strong>gloria,</strong></span> 
     </span>
     <span class='ocr_line' id='line_1_17' title="bbox 206 1212 1089 1319; baseline -0.002 -11"><span class='ocrx_word' id='word_1_105' title='bbox 206 1227 306 1308; x_wconf 48' lang='lat' dir='ltr'><strong>Este</strong></span> <span class='ocrx_word' id='word_1_106' title='bbox 322 1212 730 1314; x_wconf 42' lang='lat' dir='ltr'><strong>ggnffeli’diffiaiitum,</strong></span> <span class='ocrx_word' id='word_1_107' title='bbox 750 1272 941 1319; x_wconf 89' lang='lat' dir='ltr'><strong>quantum</strong></span> <span class='ocrx_word' id='word_1_108' title='bbox 961 1266 1048 1318; x_wconf 90' lang='lat' dir='ltr'><strong>quis</strong></span> <span class='ocrx_word' id='word_1_109' title='bbox 1066 1279 1089 1306; x_wconf 87' lang='lat' dir='ltr'><strong>a</strong></span> 
     </span>
     <span class='ocr_line' id='line_1_18' title="bbox 261 1321 1089 1374; baseline -0.001 -13"><span class='ocrx_word' id='word_1_110' title='bbox 261 1329 477 1374; x_wconf 83' lang='lat' dir='ltr'><strong>conspeetu</strong></span> <span class='ocrx_word' id='word_1_111' title='bbox 490 1333 643 1361; x_wconf 85' lang='lat' dir='ltr'><strong>suorum</strong></span> <span class='ocrx_word' id='word_1_112' title='bbox 656 1321 812 1360; x_wconf 84' lang='lat' dir='ltr'><strong>recessit</strong></span> <span class='ocrx_word' id='word_1_113' title='bbox 826 1321 875 1373; x_wconf 88' lang='lat' dir='ltr'><strong>(i.</strong></span> <span class='ocrx_word' id='word_1_114' title='bbox 889 1333 926 1359; x_wconf 91' lang='lat' dir='ltr'><strong>e.</strong></span> <span class='ocrx_word' id='word_1_115' title='bbox 938 1322 1089 1367; x_wconf 84' lang='lat' dir='ltr'><strong>abesse,</strong></span> 
     </span>
     <span class='ocr_line' id='line_1_19' title="bbox 260 1373 1088 1428; baseline -0.004 -13"><span class='ocrx_word' id='word_1_116' title='bbox 260 1383 449 1416; x_wconf 80' lang='lat' dir='ltr'><strong>remotum</strong></span> <span class='ocrx_word' id='word_1_117' title='bbox 462 1375 569 1428; x_wconf 86' lang='lat' dir='ltr'><strong>esse)</strong></span> <span class='ocrx_word' id='word_1_118' title='bbox 588 1374 654 1421; x_wconf 85' lang='lat' dir='ltr'><strong>xii,</strong></span> <span class='ocrx_word' id='word_1_119' title='bbox 668 1377 694 1414; x_wconf 78' lang='lat'><strong>3</strong></span> <span class='ocrx_word' id='word_1_120' title='bbox 718 1376 903 1414; x_wconf 87' lang='lat' dir='ltr'><strong>adversus</strong></span> <span class='ocrx_word' id='word_1_121' title='bbox 917 1373 1088 1425; x_wconf 81' lang='lat' dir='ltr'><strong>aliquem</strong></span> 
     </span>
     <span class='ocr_line' id='line_1_20' title="bbox 230 1427 1089 1486; baseline -0.005 -17"><span class='ocrx_word' id='word_1_122' title='bbox 230 1456 234 1461; x_wconf 86' lang='lat'><strong>·</strong></span> <span class='ocrx_word' id='word_1_123' title='bbox 258 1429 530 1486; x_wconf 87' lang='lat' dir='ltr'><strong>(belligerare)</strong></span> <span class='ocrx_word' id='word_1_124' title='bbox 575 1429 669 1473; x_wconf 86' lang='lat' dir='ltr'><strong>xxii,</strong></span> <span class='ocrx_word' id='word_1_125' title='bbox 698 1432 725 1468; x_wconf 81' lang='lat'><strong>2</strong></span> <span class='ocrx_word' id='word_1_126' title='bbox 771 1434 862 1467; x_wconf 83' lang='lat' dir='ltr'><strong>ante</strong></span> <span class='ocrx_word' id='word_1_127' title='bbox 878 1427 1013 1466; x_wconf 84' lang='lat' dir='ltr'><strong>oculos</strong></span> <span class='ocrx_word' id='word_1_128' title='bbox 1031 1427 1089 1466; x_wconf 87' lang='lat' dir='ltr'><strong>ci-</strong></span> 
     </span>
     <span class='ocr_line' id='line_1_21' title="bbox 260 1480 1091 1538; baseline -0.002 -16"><span class='ocrx_word' id='word_1_129' title='bbox 260 1483 366 1523; x_wconf 79' lang='lat' dir='ltr'><strong>vium</strong></span> <span class='ocrx_word' id='word_1_130' title='bbox 378 1482 563 1538; x_wconf 81' lang='lat' dir='ltr'><strong>(versari)</strong></span> <span class='ocrx_word' id='word_1_131' title='bbox 581 1482 682 1527; x_wconf 76' lang='lat' dir='ltr'><strong>xii‚3</strong></span> <span class='ocrx_word' id='word_1_132' title='bbox 709 1482 815 1533; x_wconf 89' lang='lat' dir='ltr'><strong>apud</strong></span> <span class='ocrx_word' id='word_1_133' title='bbox 831 1481 1000 1533; x_wconf 80' lang='lat' dir='ltr'><strong>aliquem</strong></span> <span class='ocrx_word' id='word_1_134' title='bbox 1015 1480 1091 1534; x_wconf 90' lang='lat' dir='ltr'><strong>(de</strong></span> 
     </span>
     <span class='ocr_line' id='line_1_22' title="bbox 261 1533 1090 1588; baseline -0.002 -12"><span class='ocrx_word' id='word_1_135' title='bbox 261 1538 412 1585; x_wconf 78' lang='lat' dir='ltr'><strong>amicis,</strong></span> <span class='ocrx_word' id='word_1_136' title='bbox 437 1537 506 1588; x_wconf 89' lang='lat' dir='ltr'><strong>qui</strong></span> <span class='ocrx_word' id='word_1_137' title='bbox 525 1549 589 1588; x_wconf 87' lang='lat' dir='ltr'><strong>ap.</strong></span> <span class='ocrx_word' id='word_1_138' title='bbox 608 1534 703 1587; x_wconf 86' lang='lat' dir='ltr'><strong>aliq.</strong></span> <span class='ocrx_word' id='word_1_139' title='bbox 719 1533 879 1587; x_wconf 84' lang='lat' dir='ltr'><strong>vivunt)</strong></span> <span class='ocrx_word' id='word_1_140' title='bbox 907 1534 1018 1581; x_wconf 82' lang='lat' dir='ltr'><strong>xviii,</strong></span> <span class='ocrx_word' id='word_1_141' title='bbox 1038 1537 1090 1574; x_wconf 83' lang='lat'><strong>12</strong></span> 
     </span>
     <span class='ocr_line' id='line_1_23' title="bbox 252 1588 1092 1643; baseline -0.005 -13"><span class='ocrx_word' id='word_1_142' title='bbox 252 1590 381 1643; x_wconf 74' lang='lat' dir='ltr'><strong>(Esse</strong></span> <span class='ocrx_word' id='word_1_143' title='bbox 392 1591 500 1642; x_wconf 83' lang='lat' dir='ltr'><strong>apud</strong></span> <span class='ocrx_word' id='word_1_144' title='bbox 513 1590 698 1643; x_wconf 75' lang='lat' dir='ltr'><strong>aliquem,</strong></span> <span class='ocrx_word' id='word_1_145' title='bbox 705 1600 776 1641; x_wconf 88' lang='lat' dir='ltr'><strong>pro</strong></span> <span class='ocrx_word' id='word_1_146' title='bbox 791 1588 1013 1634; x_wconf 78' lang='lat' dir='ltr'><strong>existimari,</strong></span> <span class='ocrx_word' id='word_1_147' title='bbox 1024 1589 1092 1626; x_wconf 86' lang='lat' dir='ltr'><strong>ha-</strong></span> 
     </span>
     <span class='ocr_line' id='line_1_24' title="bbox 212 1641 1094 1698; baseline -0.007 -13"><span class='ocrx_word' id='word_1_148' title='bbox 212 1670 214 1672; x_wconf 88' lang='lat'>·</span> <span class='ocrx_word' id='word_1_149' title='bbox 265 1645 410 1685; x_wconf 76' lang='lat' dir='ltr'><strong>beriab</strong></span> <span class='ocrx_word' id='word_1_150' title='bbox 428 1645 575 1698; x_wconf 88' lang='lat' dir='ltr'><strong>aliquo,</strong></span> <span class='ocrx_word' id='word_1_151' title='bbox 588 1657 627 1682; x_wconf 84' lang='lat' dir='ltr'><strong>v.</strong></span> <span class='ocrx_word' id='word_1_152' title='bbox 645 1656 682 1694; x_wconf 87' lang='lat' dir='ltr'><strong>g.</strong></span> <span class='ocrx_word' id='word_1_153' title='bbox 695 1644 731 1695; x_wconf 73' lang='grc' dir='ltr'><strong>ι)</strong></span> <span class='ocrx_word' id='word_1_154' title='bbox 748 1642 893 1681; x_wconf 85' lang='lat' dir='ltr'><strong>nullius</strong></span> <span class='ocrx_word' id='word_1_155' title='bbox 908 1641 1094 1680; x_wconf 81' lang='lat' dir='ltr'><strong>momenti</strong></span> 
     </span>
     <span class='ocr_line' id='line_1_25' title="bbox 262 1699 1095 1805; baseline -0.001 -14"><span class='ocrx_word' id='word_1_156' title='bbox 262 1700 369 1792; x_wconf 57' lang='lat'><strong>{¹32³</strong></span> <span class='ocrx_word' id='word_1_157' title='bbox 360 1704 790 1805; x_wconf 55' lang='lat'><strong>„333‘013223523333</strong></span> <span class='ocrx_word' id='word_1_158' title='bbox 796 1699 935 1788; x_wconf 60' lang='lat' dir='ltr'><strong>{effi</strong></span> <span class='ocrx_word' id='word_1_159' title='bbox 946 1707 1095 1802; x_wconf 52' lang='lat' dir='ltr'><strong>*elffii</strong></span> 
     </span>
     <span class='ocr_line' id='line_1_26' title="bbox 266 1802 1094 1856; baseline -0.007 -10"><span class='ocrx_word' id='word_1_160' title='bbox 266 1812 328 1846; x_wconf 83' lang='lat' dir='ltr'><strong>est</strong></span> <span class='ocrx_word' id='word_1_161' title='bbox 337 1807 415 1846; x_wconf 87' lang='lat' dir='ltr'><strong>hoc</strong></span> <span class='ocrx_word' id='word_1_162' title='bbox 427 1805 549 1845; x_wconf 88' lang='lat' dir='ltr'><strong>multo</strong></span> <span class='ocrx_word' id='word_1_163' title='bbox 562 1805 668 1856; x_wconf 86' lang='lat' dir='ltr'><strong>apud</strong></span> <span class='ocrx_word' id='word_1_164' title='bbox 682 1802 1094 1845; x_wconf 73' lang='lat' dir='ltr'><strong>Graioshonorificen-</strong></span> 
     </span>
     <span class='ocr_line' id='line_1_27' title="bbox 263 1851 1099 1912; baseline -0.005 -14"><span class='ocrx_word' id='word_1_165' title='bbox 263 1851 484 1912; x_wconf 74' lang='lat' dir='ltr'><strong>tius,qiiam</strong></span> <span class='ocrx_word' id='word_1_166' title='bbox 503 1859 610 1911; x_wconf 89' lang='lat' dir='ltr'><strong>apud</strong></span> <span class='ocrx_word' id='word_1_167' title='bbox 630 1857 831 1896; x_wconf 81' lang='lat' dir='ltr'><strong>Romanos</strong></span> <span class='ocrx_word' id='word_1_168' title='bbox 850 1855 956 1903; x_wconf 82' lang='lat' dir='ltr'><strong>xviii,</strong></span> <span class='ocrx_word' id='word_1_169' title='bbox 971 1860 992 1897; x_wconf 89' lang='lat'>1</span> <span class='ocrx_word' id='word_1_170' title='bbox 1014 1868 1099 1895; x_wconf 88' lang='lat' dir='ltr'><strong>esse</strong></span> 
     </span>
     <span class='ocr_line' id='line_1_28' title="bbox 263 1911 1100 1969; baseline -0.002 -17"><span class='ocrx_word' id='word_1_171' title='bbox 263 1911 542 1966; x_wconf 58' lang='lat' dir='ltr'><strong>legationisjus</strong></span> <span class='ocrx_word' id='word_1_172' title='bbox 556 1912 663 1969; x_wconf 85' lang='lat' dir='ltr'><strong>apud</strong></span> <span class='ocrx_word' id='word_1_173' title='bbox 683 1923 816 1950; x_wconf 84' lang='lat' dir='ltr'><strong>omnes</strong></span> <span class='ocrx_word' id='word_1_174' title='bbox 836 1917 971 1963; x_wconf 80' lang='lat' dir='ltr'><strong>gentes</strong></span> <span class='ocrx_word' id='word_1_175' title='bbox 991 1923 1100 1950; x_wconf 87' lang='lat' dir='ltr'><strong>sanc·</strong></span> 
     </span>
     <span class='ocr_line' id='line_1_29' title="bbox 263 1964 1102 2016; baseline -0.005 -11"><span class='ocrx_word' id='word_1_176' title='bbox 263 1973 349 2006; x_wconf 86' lang='lat' dir='ltr'><strong>tum</strong></span> <span class='ocrx_word' id='word_1_177' title='bbox 366 1966 570 2007; x_wconf 81' lang='lat' dir='ltr'><strong>consuevit</strong></span> <span class='ocrx_word' id='word_1_178' title='bbox 586 1966 662 2012; x_wconf 83' lang='lat' dir='ltr'><strong>xvi,</strong></span> <span class='ocrx_word' id='word_1_179' title='bbox 684 1971 708 2005; x_wconf 79' lang='lat'>5</span> <span class='ocrx_word' id='word_1_180' title='bbox 747 1978 799 2004; x_wconf 85' lang='lat' dir='ltr'><strong>ne</strong></span> <span class='ocrx_word' id='word_1_181' title='bbox 817 1964 994 2011; x_wconf 85' lang='lat' dir='ltr'><strong>lectores,</strong></span> <span class='ocrx_word' id='word_1_182' title='bbox 1013 1977 1102 2016; x_wconf 85' lang='lat' dir='ltr'><strong>quae</strong></span> 
     </span>
     <span class='ocr_line' id='line_1_30' title="bbox 263 2018 1101 2072; baseline -0.006 -11"><span class='ocrx_word' id='word_1_183' title='bbox 263 2021 359 2072; x_wconf 80' lang='lat' dir='ltr'><strong>ipsis</strong></span> <span class='ocrx_word' id='word_1_184' title='bbox 381 2021 525 2061; x_wconf 89' lang='lat' dir='ltr'><strong>leviora</strong></span> <span class='ocrx_word' id='word_1_185' title='bbox 542 2026 649 2067; x_wconf 85' lang='lat' dir='ltr'><strong>sunt,</strong></span> <span class='ocrx_word' id='word_1_186' title='bbox 668 2018 750 2072; x_wconf 88' lang='lat' dir='ltr'><strong>pari</strong></span> <span class='ocrx_word' id='word_1_187' title='bbox 768 2019 885 2057; x_wconf 90' lang='lat' dir='ltr'><strong>modo</strong></span> <span class='ocrx_word' id='word_1_188' title='bbox 904 2018 1010 2071; x_wconf 90' lang='lat' dir='ltr'><strong>apud</strong></span> <span class='ocrx_word' id='word_1_189' title='bbox 1038 2031 1101 2056; x_wconf 91' lang='lat' dir='ltr'><strong>ce-</strong></span> 
     </span>
     <span class='ocr_line' id='line_1_31' title="bbox 258 2071 1103 2124; baseline -0.007 -9"><span class='ocrx_word' id='word_1_190' title='bbox 258 2073 368 2115; x_wconf 68' lang='lat' dir='ltr'><strong>teros</strong></span> <span class='ocrx_word' id='word_1_191' title='bbox 400 2073 520 2114; x_wconf 75' lang='lat' dir='ltr'><strong>fuisse</strong></span> <span class='ocrx_word' id='word_1_192' title='bbox 553 2074 785 2113; x_wconf 85' lang='lat' dir='ltr'><strong>arbitrentur</strong></span> <span class='ocrx_word' id='word_1_193' title='bbox 830 2086 895 2118; x_wconf 86' lang='lat' dir='ltr'><strong>xv,</strong></span> <span class='ocrx_word' id='word_1_194' title='bbox 929 2077 950 2112; x_wconf 90' lang='lat' dir='ltr'>l</span> <span class='ocrx_word' id='word_1_195' title='bbox 1000 2071 1103 2124; x_wconf 89' lang='lat' dir='ltr'><strong>(Ubi</strong></span> 
     </span>
     <span class='ocr_line' id='line_1_32' title="bbox 265 2126 1102 2169; baseline -0.006 -1"><span class='ocrx_word' id='word_1_196' title='bbox 265 2135 372 2168; x_wconf 84' lang='lat' dir='ltr'><strong>recte</strong></span> <span class='ocrx_word' id='word_1_197' title='bbox 388 2133 554 2168; x_wconf 80' lang='lat' dir='ltr'><strong>annotat</strong></span> <span class='ocrx_word' id='word_1_198' title='bbox 578 2127 640 2169; x_wconf 91' lang='lat' dir='ltr'><strong>Cl.</strong></span> <span class='ocrx_word' id='word_1_199' title='bbox 660 2126 841 2166; x_wconf 78' lang='lat' dir='ltr'><strong>vorstius</strong></span> <span class='ocrx_word' id='word_1_200' title='bbox 855 2126 994 2165; x_wconf 90' lang='lat' dir='ltr'><strong>eodem</strong></span> <span class='ocrx_word' id='word_1_201' title='bbox 1014 2138 1102 2164; x_wconf 85' lang='lat' dir='ltr'><strong>sen-</strong></span> 
     </span>
     <span class='ocr_line' id='line_1_33' title="bbox 269 2179 1104 2232; baseline -0.005 -12"><span class='ocrx_word' id='word_1_202' title='bbox 269 2184 315 2221; x_wconf 87' lang='lat' dir='ltr'><strong>su</strong></span> <span class='ocrx_word' id='word_1_203' title='bbox 334 2183 415 2223; x_wconf 86' lang='lat' dir='ltr'><strong>dici</strong></span> <span class='ocrx_word' id='word_1_204' title='bbox 434 2187 446 2205; x_wconf 89' lang='lat'><em>‘</em></span> <span class='ocrx_word' id='word_1_205' title='bbox 459 2194 544 2221; x_wconf 82' lang='lat' dir='ltr'><strong>esse</strong></span> <span class='ocrx_word' id='word_1_206' title='bbox 562 2180 703 2220; x_wconf 85' lang='lat' dir='ltr'><strong>alicui’</strong></span> <span class='ocrx_word' id='word_1_207' title='bbox 717 2186 759 2219; x_wconf 90' lang='lat' dir='ltr'><strong>et</strong></span> <span class='ocrx_word' id='word_1_208' title='bbox 775 2185 786 2204; x_wconf 80' lang='lat'>⁸</span> <span class='ocrx_word' id='word_1_209' title='bbox 801 2191 886 2218; x_wconf 86' lang='lat' dir='ltr'><strong>esse</strong></span> <span class='ocrx_word' id='word_1_210' title='bbox 905 2180 1010 2232; x_wconf 82' lang='lat' dir='ltr'><strong>apud</strong></span> <span class='ocrx_word' id='word_1_211' title='bbox 1030 2179 1104 2217; x_wconf 91' lang='lat' dir='ltr'><strong>ali-</strong></span> 
     </span>
     <span class='ocr_line' id='line_1_34' title="bbox 268 2232 1102 2288; baseline -0.006 -12"><span class='ocrx_word' id='word_1_212' title='bbox 268 2235 414 2288; x_wconf 62' lang='lat' dir='ltr'><strong>quem?</strong></span> <span class='ocrx_word' id='word_1_213' title='bbox 439 2235 505 2275; x_wconf 87' lang='lat' dir='ltr'><strong>Sic</strong></span> <span class='ocrx_word' id='word_1_214' title='bbox 522 2235 627 2274; x_wconf 85' lang='lat' dir='ltr'><strong>enim</strong></span> <span class='ocrx_word' id='word_1_215' title='bbox 645 2233 791 2273; x_wconf 86' lang='lat' dir='ltr'><strong>Noster</strong></span> <span class='ocrx_word' id='word_1_216' title='bbox 818 2232 995 2286; x_wconf 86' lang='lat' dir='ltr'><strong>passim).</strong></span> <span class='ocrx_word' id='word_1_217' title='bbox 1022 2245 1102 2271; x_wconf 90' lang='lat' dir='ltr'><strong>non</strong></span> 
     </span>
     <span class='ocr_line' id='line_1_35' title="bbox 271 2287 1103 2339; baseline -0.007 -9"><span class='ocrx_word' id='word_1_218' title='bbox 271 2288 411 2339; x_wconf 61' lang='lat' dir='ltr'><strong>eadem</strong></span> <span class='ocrx_word' id='word_1_219' title='bbox 446 2288 626 2329; x_wconf 85' lang='lat' dir='ltr'><strong>omnibus</strong></span> <span class='ocrx_word' id='word_1_220' title='bbox 663 2293 754 2326; x_wconf 81' lang='lat' dir='ltr'><strong>sunt</strong></span> <span class='ocrx_word' id='word_1_221' title='bbox 790 2287 954 2326; x_wconf 85' lang='lat' dir='ltr'><strong>honesta</strong></span> <span class='ocrx_word' id='word_1_222' title='bbox 982 2292 1103 2339; x_wconf 86' lang='lat' dir='ltr'><strong>atque</strong></span> 
     </span>
     <span class='ocr_line' id='line_1_36' title="bbox 267 2340 1103 2396; baseline -0.006 -14"><span class='ocrx_word' id='word_1_223' title='bbox 267 2344 400 2396; x_wconf 72' lang='lat' dir='ltr'><strong>turpia</strong></span> <span class='ocrx_word' id='word_1_224' title='bbox 437 2343 487 2395; x_wconf 87' lang='lat' dir='ltr'><strong>(i.</strong></span> <span class='ocrx_word' id='word_1_225' title='bbox 511 2372 513 2375; x_wconf 86' lang='lat'><strong>.</strong></span> <span class='ocrx_word' id='word_1_226' title='bbox 530 2355 568 2381; x_wconf 90' lang='lat' dir='ltr'><strong>e.</strong></span> <span class='ocrx_word' id='word_1_227' title='bbox 606 2340 849 2393; x_wconf 84' lang='lat' dir='ltr'><strong>judicantur,</strong></span> <span class='ocrx_word' id='word_1_228' title='bbox 880 2340 1103 2393; x_wconf 88' lang='lat' dir='ltr'><strong>putantur),</strong></span> 
     </span>
     <span class='ocr_line' id='line_1_37' title="bbox 269 2394 1103 2446; baseline -0.007 -8"><span class='ocrx_word' id='word_1_229' title='bbox 269 2397 388 2438; x_wconf 72' lang='lat' dir='ltr'><strong>Praef.</strong></span> <span class='ocrx_word' id='word_1_230' title='bbox 434 2396 588 2437; x_wconf 88' lang='lat' dir='ltr'><strong>Cimoni</strong></span> <span class='ocrx_word' id='word_1_231' title='bbox 617 2394 786 2434; x_wconf 85' lang='lat' dir='ltr'><strong>nonfuit</strong></span> <span class='ocrx_word' id='word_1_232' title='bbox 803 2400 916 2446; x_wconf 81' lang='lat' dir='ltr'><strong>turpe</strong></span> <span class='ocrx_word' id='word_1_233' title='bbox 936 2407 1103 2433; x_wconf 86' lang='lat' dir='ltr'><strong>sororem</strong></span> 
     </span>
     <span class='ocr_line' id='line_1_38' title="bbox 270 2447 1105 2503; baseline -0.005 -12"><span class='ocrx_word' id='word_1_234' title='bbox 270 2462 492 2503; x_wconf 76' lang='lat' dir='ltr'><strong>germanam</strong></span> <span class='ocrx_word' id='word_1_235' title='bbox 511 2450 552 2488; x_wconf 90' lang='lat' dir='ltr'><strong>in</strong></span> <span class='ocrx_word' id='word_1_236' title='bbox 569 2447 813 2488; x_wconf 84' lang='lat' dir='ltr'><strong>matrimonio</strong></span> <span class='ocrx_word' id='word_1_237' title='bbox 830 2449 988 2495; x_wconf 84' lang='lat' dir='ltr'><strong>habere,</strong></span> <span class='ocrx_word' id='word_1_238' title='bbox 1006 2447 1105 2487; x_wconf 82' lang='lat' dir='ltr'><strong>ibid.</strong></span> 
     </span>
     <span class='ocr_line' id='line_1_39' title="bbox 267 2500 1104 2559; baseline -0.006 -15"><span class='ocrx_word' id='word_1_239' title='bbox 267 2503 320 2559; x_wconf 81' lang='lat' dir='ltr'><strong>(i.</strong></span> <span class='ocrx_word' id='word_1_240' title='bbox 337 2518 375 2544; x_wconf 88' lang='lat' dir='ltr'><strong>e.</strong></span> <span class='ocrx_word' id='word_1_241' title='bbox 402 2516 428 2544; x_wconf 84' lang='lat' dir='ltr'><strong>a</strong></span> <span class='ocrx_word' id='word_1_242' title='bbox 445 2505 612 2544; x_wconf 86' lang='lat' dir='ltr'><strong>Cimone</strong></span> <span class='ocrx_word' id='word_1_243' title='bbox 639 2515 721 2540; x_wconf 87' lang='lat' dir='ltr'><strong>non</strong></span> <span class='ocrx_word' id='word_1_244' title='bbox 749 2500 828 2540; x_wconf 80' lang='lat' dir='ltr'><strong>fuit</strong></span> <span class='ocrx_word' id='word_1_245' title='bbox 858 2501 969 2542; x_wconf 76' lang='lat' dir='ltr'><strong>nefas</strong></span> <span class='ocrx_word' id='word_1_246' title='bbox 994 2502 1104 2540; x_wconf 85' lang='lat' dir='ltr'><strong>habi-</strong></span> 
     </span>
     <span class='ocr_line' id='line_1_40' title="bbox 271 2554 1103 2608; baseline -0.001 -13"><span class='ocrx_word' id='word_1_247' title='bbox 271 2564 370 2604; x_wconf 81' lang='lat' dir='ltr'><strong>tum,</strong></span> <span class='ocrx_word' id='word_1_248' title='bbox 406 2557 464 2596; x_wconf 87' lang='lat' dir='ltr'><strong>uti</strong></span> <span class='ocrx_word' id='word_1_249' title='bbox 509 2556 630 2608; x_wconf 86' lang='lat' dir='ltr'><strong>paulo</strong></span> <span class='ocrx_word' id='word_1_250' title='bbox 662 2561 755 2606; x_wconf 89' lang='lat' dir='ltr'><strong>post</strong></span> <span class='ocrx_word' id='word_1_251' title='bbox 798 2555 983 2606; x_wconf 86' lang='lat' dir='ltr'><strong>loquitur,</strong></span> <span class='ocrx_word' id='word_1_252' title='bbox 1027 2554 1103 2594; x_wconf 72' lang='grc' dir='ltr'><strong>διο.</strong></span> 
     </span>
     <span class='ocr_line' id='line_1_41' title="bbox 269 2607 1105 2663; baseline -0.004 -12"><span class='ocrx_word' id='word_1_253' title='bbox 269 2611 337 2651; x_wconf 87' lang='lat' dir='ltr'><strong>Sic</strong></span> <span class='ocrx_word' id='word_1_254' title='bbox 366 2623 525 2663; x_wconf 91' lang='lat' dir='ltr'><strong>quoque</strong></span> <span class='ocrx_word' id='word_1_255' title='bbox 555 2608 742 2660; x_wconf 71' lang='lat' dir='ltr'><strong>Virgilius</strong></span> <span class='ocrx_word' id='word_1_256' title='bbox 773 2607 911 2661; x_wconf 82' lang='lat' dir='ltr'><strong>Eclog.</strong></span> <span class='ocrx_word' id='word_1_257' title='bbox 930 2613 970 2648; x_wconf 88' lang='grc'><strong>5.</strong></span> <span class='ocrx_word' id='word_1_258' title='bbox 1005 2621 1105 2648; x_wconf 79' lang='lat' dir='ltr'><strong>vers.</strong></span> 
     </span>
     <span class='ocr_line' id='line_1_42' title="bbox 270 2661 1107 2716; baseline -0.006 -11"><span class='ocrx_word' id='word_1_259' title='bbox 270 2668 324 2705; x_wconf 70' lang='lat'><strong>58</strong></span> <span class='ocrx_word' id='word_1_260' title='bbox 364 2663 456 2704; x_wconf 83' lang='lat' dir='ltr'><strong>‘An</strong></span> <span class='ocrx_word' id='word_1_261' title='bbox 474 2663 686 2716; x_wconf 86' lang='lat' dir='ltr'><strong>quicquam</strong></span> <span class='ocrx_word' id='word_1_262' title='bbox 711 2662 823 2701; x_wconf 89' lang='lat' dir='ltr'><strong>nobis</strong></span> <span class='ocrx_word' id='word_1_263' title='bbox 854 2661 926 2701; x_wconf 89' lang='lat' dir='ltr'><strong>tali</strong></span> <span class='ocrx_word' id='word_1_264' title='bbox 953 2662 1004 2700; x_wconf 88' lang='lat' dir='ltr'><strong>sit</strong></span> <span class='ocrx_word' id='word_1_265' title='bbox 1022 2675 1107 2700; x_wconf 91' lang='lat' dir='ltr'><strong>mu-</strong></span> 
     </span>
     <span class='ocr_line' id='line_1_43' title="bbox 271 2714 1106 2770; baseline -0.005 -12"><span class='ocrx_word' id='word_1_266' title='bbox 271 2731 364 2758; x_wconf 87' lang='lat' dir='ltr'><strong>nere</strong></span> <span class='ocrx_word' id='word_1_267' title='bbox 381 2716 538 2770; x_wconf 64' lang='lat' dir='ltr'><strong>majus:</strong></span> <span class='ocrx_word' id='word_1_268' title='bbox 565 2730 589 2755; x_wconf 89' lang='lat' dir='ltr'><strong>a</strong></span> <span class='ocrx_word' id='word_1_269' title='bbox 608 2716 721 2756; x_wconf 78' lang='lat' dir='ltr'><strong>nobis</strong></span> <span class='ocrx_word' id='word_1_270' title='bbox 738 2716 938 2755; x_wconf 83' lang='lat' dir='ltr'><strong>habeatur.</strong></span> <span class='ocrx_word' id='word_1_271' title='bbox 967 2714 1106 2768; x_wconf 84' lang='lat' dir='ltr'><strong>Eclog.</strong></span> 
     </span>
     <span class='ocr_line' id='line_1_44' title="bbox 272 2768 1106 2823; baseline -0.01 -10"><span class='ocrx_word' id='word_1_272' title='bbox 272 2775 315 2813; x_wconf 97' lang='grc'><strong>7.</strong></span> <span class='ocrx_word' id='word_1_273' title='bbox 350 2785 448 2811; x_wconf 82' lang='lat' dir='ltr'><strong>vers.</strong></span> <span class='ocrx_word' id='word_1_274' title='bbox 466 2771 540 2810; x_wconf 87' lang='lat' dir='ltr'><strong>ult.</strong></span> <span class='ocrx_word' id='word_1_275' title='bbox 569 2775 581 2794; x_wconf 85' lang='lat'>‘</span> <span class='ocrx_word' id='word_1_276' title='bbox 597 2769 656 2810; x_wconf 80' lang='lat' dir='ltr'><strong>Ex</strong></span> <span class='ocrx_word' id='word_1_277' title='bbox 687 2769 755 2808; x_wconf 91' lang='lat' dir='ltr'><strong>illo</strong></span> <span class='ocrx_word' id='word_1_278' title='bbox 770 2769 960 2822; x_wconf 85' lang='lat' dir='ltr'><strong>Corydon</strong></span> <span class='ocrx_word' id='word_1_279' title='bbox 979 2768 1106 2823; x_wconf 79' lang='lat' dir='ltr'><strong>Cory-</strong></span> 
     </span>
     <span class='ocr_line' id='line_1_45' title="bbox 275 2822 1108 2877; baseline -0.004 -12"><span class='ocrx_word' id='word_1_280' title='bbox 275 2828 356 2865; x_wconf 85' lang='lat' dir='ltr'><strong>don</strong></span> <span class='ocrx_word' id='word_1_281' title='bbox 375 2831 436 2864; x_wconf 83' lang='lat' dir='ltr'><strong>est</strong></span> <span class='ocrx_word' id='word_1_282' title='bbox 454 2831 628 2877; x_wconf 86' lang='lat' dir='ltr'><strong>tempore</strong></span> <span class='ocrx_word' id='word_1_283' title='bbox 645 2823 785 2862; x_wconf 61' lang='lat' dir='ltr'><strong>nobis?</strong></span> <span class='ocrx_word' id='word_1_284' title='bbox 816 2836 842 2862; x_wconf 86' lang='lat' dir='ltr'><strong>a</strong></span> <span class='ocrx_word' id='word_1_285' title='bbox 855 2822 969 2862; x_wconf 87' lang='lat' dir='ltr'><strong>nobis</strong></span> <span class='ocrx_word' id='word_1_286' title='bbox 987 2823 1108 2863; x_wconf 81' lang='lat' dir='ltr'><strong>habe·</strong></span> 
     </span>
     <span class='ocr_line' id='line_1_46' title="bbox 271 2876 1108 2931; baseline -0.002 -12"><span class='ocrx_word' id='word_1_287' title='bbox 271 2879 541 2926; x_wconf 72' lang='lat' dir='ltr'><strong>tui-„ducitun</strong></span> <span class='ocrx_word' id='word_1_288' title='bbox 573 2884 614 2917; x_wconf 86' lang='lat' dir='ltr'><strong>et</strong></span> <span class='ocrx_word' id='word_1_289' title='bbox 630 2876 760 2931; x_wconf 81' lang='lat' dir='ltr'><strong>alibi).</strong></span> <span class='ocrx_word' id='word_1_290' title='bbox 791 2882 851 2916; x_wconf 86' lang='lat' dir='ltr'><strong>est</strong></span> <span class='ocrx_word' id='word_1_291' title='bbox 879 2877 984 2930; x_wconf 84' lang='lat' dir='ltr'><strong>apud</strong></span> <span class='ocrx_word' id='word_1_292' title='bbox 1002 2877 1108 2917; x_wconf 85' lang='lat' dir='ltr'><strong>hunc</strong></span> 
     </span>
     <span class='ocr_line' id='line_1_47' title="bbox 273 2930 1109 2984; baseline -0.004 -10"><span class='ocrx_word' id='word_1_293' title='bbox 273 2946 464 2974; x_wconf 87' lang='lat' dir='ltr'><strong>summum</strong></span> <span class='ocrx_word' id='word_1_294' title='bbox 495 2931 697 2984; x_wconf 85' lang='lat' dir='ltr'><strong>imperium</strong></span> <span class='ocrx_word' id='word_1_295' title='bbox 717 2930 855 2983; x_wconf 88' lang='lat' dir='ltr'><strong>populi</strong></span> <span class='ocrx_word' id='word_1_296' title='bbox 870 2930 919 2983; x_wconf 89' lang='lat' dir='ltr'><strong>(i.</strong></span> <span class='ocrx_word' id='word_1_297' title='bbox 937 2944 972 2970; x_wconf 87' lang='lat' dir='ltr'><strong>e.</strong></span> <span class='ocrx_word' id='word_1_298' title='bbox 991 2931 1109 2971; x_wconf 87' lang='lat' dir='ltr'><strong>habet</strong></span> 
     </span>
     <span class='ocr_line' id='line_1_48' title="bbox 275 2984 1107 3039; baseline -0.004 -13"><span class='ocrx_word' id='word_1_299' title='bbox 275 2988 315 3026; x_wconf 88' lang='lat' dir='ltr'><strong>in</strong></span> <span class='ocrx_word' id='word_1_300' title='bbox 348 2985 559 3039; x_wconf 88' lang='lat' dir='ltr'><strong>populum)</strong></span> <span class='ocrx_word' id='word_1_301' title='bbox 588 2986 669 3032; x_wconf 82' lang='lat' dir='ltr'><strong>xix,</strong></span> <span class='ocrx_word' id='word_1_302' title='bbox 684 2988 711 3025; x_wconf 80' lang='lat'><strong>2</strong></span> <span class='ocrx_word' id='word_1_303' title='bbox 750 2998 836 3025; x_wconf 84' lang='lat' dir='ltr'><strong>esse</strong></span> <span class='ocrx_word' id='word_1_304' title='bbox 853 2997 942 3024; x_wconf 89' lang='lat' dir='ltr'><strong>cum</strong></span> <span class='ocrx_word' id='word_1_305' title='bbox 974 2984 1107 3037; x_wconf 81' lang='lat' dir='ltr'><strong>aliquo</strong></span> 
     </span>
     <span class='ocr_line' id='line_1_49' title="bbox 273 3037 1108 3093; baseline -0.001 -13"><span class='ocrx_word' id='word_1_306' title='bbox 273 3041 459 3093; x_wconf 72' lang='grc' dir='ltr'>(ὁμιλεῖν,</span> <span class='ocrx_word' id='word_1_307' title='bbox 471 3041 522 3080; x_wconf 91' lang='lat' dir='ltr'><strong>de</strong></span> <span class='ocrx_word' id='word_1_308' title='bbox 539 3038 744 3092; x_wconf 83' lang='lat' dir='ltr'><strong>convictu)</strong></span> <span class='ocrx_word' id='word_1_309' title='bbox 773 3038 866 3085; x_wconf 79' lang='lat' dir='ltr'><strong>xxii,</strong></span> <span class='ocrx_word' id='word_1_310' title='bbox 885 3042 926 3080; x_wconf 75' lang='lat'><strong>3.</strong></span> <span class='ocrx_word' id='word_1_311' title='bbox 965 3037 1035 3086; x_wconf 83' lang='lat' dir='ltr'><strong>vii,</strong></span> <span class='ocrx_word' id='word_1_312' title='bbox 1056 3043 1108 3079; x_wconf 82' lang='lat'><strong>1⁰</strong></span> 
     </span>
     <span class='ocr_line' id='line_1_50' title="bbox 277 3091 1108 3139; baseline 0 -6"><span class='ocrx_word' id='word_1_313' title='bbox 277 3100 338 3133; x_wconf 79' lang='lat' dir='ltr'><strong>est</strong></span> <span class='ocrx_word' id='word_1_314' title='bbox 379 3094 472 3133; x_wconf 87' lang='lat' dir='ltr'><strong>huic</strong></span> <span class='ocrx_word' id='word_1_315' title='bbox 508 3091 676 3133; x_wconf 86' lang='lat' dir='ltr'><strong>societas</strong></span> <span class='ocrx_word' id='word_1_316' title='bbox 710 3105 800 3132; x_wconf 90' lang='lat' dir='ltr'><strong>cum</strong></span> <span class='ocrx_word' id='word_1_317' title='bbox 834 3092 903 3131; x_wconf 91' lang='lat' dir='ltr'><strong>illo</strong></span> <span class='ocrx_word' id='word_1_318' title='bbox 948 3091 1017 3139; x_wconf 80' lang='lat' dir='ltr'><strong>vii,</strong></span> <span class='ocrx_word' id='word_1_319' title='bbox 1054 3096 1108 3133; x_wconf 79' lang='lat' dir='ltr'><strong>lo</strong></span> 
     </span>
     <span class='ocr_line' id='line_1_51' title="bbox 280 3146 1109 3199; baseline -0.002 -13"><span class='ocrx_word' id='word_1_320' title='bbox 280 3147 367 3199; x_wconf 86' lang='lat' dir='ltr'><strong>(Sic</strong></span> <span class='ocrx_word' id='word_1_321' title='bbox 385 3147 467 3186; x_wconf 86' lang='lat' dir='ltr'><strong>Ms.</strong></span> <span class='ocrx_word' id='word_1_322' title='bbox 485 3146 666 3187; x_wconf 85' lang='lat' dir='ltr'><strong>Boecleri</strong></span> <span class='ocrx_word' id='word_1_323' title='bbox 679 3152 720 3185; x_wconf 89' lang='lat' dir='ltr'><strong>et</strong></span> <span class='ocrx_word' id='word_1_324' title='bbox 737 3159 805 3199; x_wconf 88' lang='lat' dir='ltr'><strong>qu.</strong></span> <span class='ocrx_word' id='word_1_325' title='bbox 823 3146 915 3186; x_wconf 86' lang='lat' dir='ltr'><strong>edd.</strong></span> <span class='ocrx_word' id='word_1_326' title='bbox 932 3158 1005 3185; x_wconf 82' lang='lat' dir='ltr'><strong>nos</strong></span> <span class='ocrx_word' id='word_1_327' title='bbox 1024 3146 1109 3185; x_wconf 89' lang='lat' dir='ltr'><strong>edi-</strong></span> 
     </span>
     <span class='ocr_line' id='line_1_52' title="bbox 281 3199 1108 3252; baseline 0 -13"><span class='ocrx_word' id='word_1_328' title='bbox 281 3202 434 3240; x_wconf 84' lang='lat' dir='ltr'><strong>dimus:</strong></span> <span class='ocrx_word' id='word_1_329' title='bbox 475 3211 563 3252; x_wconf 70' lang='lat' dir='ltr'><strong>quie</strong></span> <span class='ocrx_word' id='word_1_330' title='bbox 581 3200 663 3252; x_wconf 85' lang='lat' dir='ltr'><strong>regi</strong></span> <span class='ocrx_word' id='word_1_331' title='bbox 688 3213 778 3239; x_wconf 87' lang='lat' dir='ltr'><strong>cum</strong></span> <span class='ocrx_word' id='word_1_332' title='bbox 801 3199 1108 3239; x_wconf 79' lang='lat' dir='ltr'><strong>Lacedoemoniis</strong></span> 
     </span>
     <span class='ocr_line' id='line_1_53' title="bbox 278 3252 1109 3304; baseline -0.005 -10"><span class='ocrx_word' id='word_1_333' title='bbox 278 3260 423 3300; x_wconf 81' lang='lat' dir='ltr'><strong>essent,</strong></span> <span class='ocrx_word' id='word_1_334' title='bbox 444 3252 641 3292; x_wconf 82' lang='lat' dir='ltr'><strong>subintell.</strong></span> <span class='ocrx_word' id='word_1_335' title='bbox 681 3258 769 3292; x_wconf 82' lang='lat' dir='ltr'><strong>acta</strong></span> <span class='ocrx_word' id='word_1_336' title='bbox 783 3253 847 3292; x_wconf 83' lang='lat' dir='ltr'><strong>vel</strong></span> <span class='ocrx_word' id='word_1_337' title='bbox 858 3253 936 3292; x_wconf 76' lang='lat' dir='ltr'><strong>tale</strong></span> <span class='ocrx_word' id='word_1_338' title='bbox 948 3253 1056 3304; x_wconf 84' lang='lat' dir='ltr'><strong>quid.</strong></span> <span class='ocrx_word' id='word_1_339' title='bbox 1071 3266 1109 3291; x_wconf 81' lang='lat' dir='ltr'><strong>v.</strong></span> 
     </span>
     <span class='ocr_line' id='line_1_54' title="bbox 277 3305 1110 3358; baseline -0.005 -11"><span class='ocrx_word' id='word_1_340' title='bbox 277 3315 362 3347; x_wconf 88' lang='lat' dir='ltr'><strong>not.</strong></span> <span class='ocrx_word' id='word_1_341' title='bbox 377 3313 421 3347; x_wconf 83' lang='lat' dir='ltr'><strong>et</strong></span> <span class='ocrx_word' id='word_1_342' title='bbox 436 3307 609 3358; x_wconf 85' lang='lat' dir='ltr'><strong>Schopp.</strong></span> <span class='ocrx_word' id='word_1_343' title='bbox 667 3305 808 3344; x_wconf 84' lang='lat' dir='ltr'><strong>erisim.</strong></span> <span class='ocrx_word' id='word_1_344' title='bbox 826 3307 879 3351; x_wconf 80' lang='lat' dir='ltr'><strong>iv,</strong></span> <span class='ocrx_word' id='word_1_345' title='bbox 891 3305 953 3357; x_wconf 83' lang='lat'><strong>8).</strong></span> <span class='ocrx_word' id='word_1_346' title='bbox 973 3318 1057 3344; x_wconf 82' lang='lat' dir='ltr'><strong>esse</strong></span> <span class='ocrx_word' id='word_1_347' title='bbox 1068 3306 1110 3344; x_wconf 87' lang='lat' dir='ltr'><strong>in</strong></span> 
     </span>
     <span class='ocr_line' id='line_1_55' title="bbox 280 3358 1109 3411; baseline -0.005 -11"><span class='ocrx_word' id='word_1_348' title='bbox 280 3361 449 3402; x_wconf 81' lang='lat' dir='ltr'><strong>amicitia</strong></span> <span class='ocrx_word' id='word_1_349' title='bbox 462 3373 549 3400; x_wconf 88' lang='lat' dir='ltr'><strong>cum</strong></span> <span class='ocrx_word' id='word_1_350' title='bbox 564 3358 695 3411; x_wconf 84' lang='lat' dir='ltr'><strong>aliquo</strong></span> <span class='ocrx_word' id='word_1_351' title='bbox 714 3358 858 3404; x_wconf 51' lang='lat' dir='ltr'><strong>xxiiia}</strong></span> <span class='ocrx_word' id='word_1_352' title='bbox 885 3370 970 3398; x_wconf 84' lang='lat' dir='ltr'><strong>esse</strong></span> <span class='ocrx_word' id='word_1_353' title='bbox 983 3358 1109 3397; x_wconf 77' lang='lat' dir='ltr'><strong>hocin</strong></span> 
     </span>
     <span class='ocr_line' id='line_1_56' title="bbox 271 3411 1109 3465; baseline -0.007 -11"><span class='ocrx_word' id='word_1_354' title='bbox 271 3415 420 3454; x_wconf 66' lang='lat' dir='ltr'><strong>animis</strong></span> <span class='ocrx_word' id='word_1_355' title='bbox 452 3414 572 3453; x_wconf 88' lang='lat' dir='ltr'><strong>debet</strong></span> <span class='ocrx_word' id='word_1_356' title='bbox 599 3412 814 3465; x_wconf 79' lang='lat' dir='ltr'><strong>(observari</strong></span> <span class='ocrx_word' id='word_1_357' title='bbox 839 3411 999 3462; x_wconf 82' lang='lat' dir='ltr'><strong>animis)</strong></span> <span class='ocrx_word' id='word_1_358' title='bbox 1027 3411 1109 3458; x_wconf 82' lang='lat' dir='ltr'><strong>viii,</strong></span> 
     </span>
     <span class='ocr_line' id='line_1_57' title="bbox 282 3463 1109 3518; baseline -0.006 -11"><span class='ocrx_word' id='word_1_359' title='bbox 282 3470 309 3507; x_wconf 77' lang='lat'><em>2</em></span> <span class='ocrx_word' id='word_1_360' title='bbox 363 3463 448 3508; x_wconf 76' lang='lat' dir='ltr'><strong>esse</strong></span> <span class='ocrx_word' id='word_1_361' title='bbox 478 3468 519 3506; x_wconf 90' lang='lat' dir='ltr'><strong>in</strong></span> <span class='ocrx_word' id='word_1_362' title='bbox 552 3466 749 3518; x_wconf 88' lang='lat' dir='ltr'><strong>colloquio</strong></span> <span class='ocrx_word' id='word_1_363' title='bbox 782 3464 996 3518; x_wconf 88' lang='lat' dir='ltr'><strong>(colloqui)</strong></span> <span class='ocrx_word' id='word_1_364' title='bbox 1029 3464 1109 3512; x_wconf 83' lang='lat' dir='ltr'><strong>xiv,</strong></span> 
     </span>
     <span class='ocr_line' id='line_1_58' title="bbox 273 3518 1110 3574; baseline -0.004 -13"><span class='ocrx_word' id='word_1_365' title='bbox 273 3524 334 3569; x_wconf 61' lang='lat' dir='ltr'><strong>,u</strong></span> <span class='ocrx_word' id='word_1_366' title='bbox 376 3521 418 3561; x_wconf 86' lang='lat' dir='ltr'><strong>in</strong></span> <span class='ocrx_word' id='word_1_367' title='bbox 441 3520 596 3574; x_wconf 76' lang='lat' dir='ltr'><strong>fastigio</strong></span> <span class='ocrx_word' id='word_1_368' title='bbox 614 3532 765 3560; x_wconf 85' lang='lat' dir='ltr'><strong>summo</strong></span> <span class='ocrx_word' id='word_1_369' title='bbox 784 3532 873 3567; x_wconf 78' lang='lat' dir='ltr'><strong>nv,</strong></span> <span class='ocrx_word' id='word_1_370' title='bbox 895 3522 947 3560; x_wconf 84' lang='lat'><strong>10</strong></span> <span class='ocrx_word' id='word_1_371' title='bbox 991 3518 1110 3573; x_wconf 87' lang='lat' dir='ltr'><strong>(opp.</strong></span> 
     </span>
    </p>
   </div>
   <div class='ocr_carea' id='block_1_3' title="bbox 1163 403 2059 3574">
    <p class='ocr_par' dir='ltr' id='par_1_4' title="bbox 1201 403 2044 1910">
     <span class='ocr_line' id='line_1_59' title="bbox 1205 403 2033 460; baseline -0.004 -13"><span class='ocrx_word' id='word_1_372' title='bbox 1205 407 1246 446; x_wconf 87' lang='lat' dir='ltr'><strong>in</strong></span> <span class='ocrx_word' id='word_1_373' title='bbox 1276 407 1448 460; x_wconf 86' lang='lat' dir='ltr'><strong>periculo</strong></span> <span class='ocrx_word' id='word_1_374' title='bbox 1468 418 1632 453; x_wconf 73' lang='lat' dir='ltr'><strong>summo,</strong></span> <span class='ocrx_word' id='word_1_375' title='bbox 1652 403 1771 459; x_wconf 82' lang='lat' dir='ltr'><strong>ibid.)</strong></span> <span class='ocrx_word' id='word_1_376' title='bbox 1815 405 1856 446; x_wconf 89' lang='lat' dir='ltr'><strong>in</strong></span> <span class='ocrx_word' id='word_1_377' title='bbox 1875 411 1961 445; x_wconf 86' lang='lat' dir='ltr'><strong>tuto</strong></span> <span class='ocrx_word' id='word_1_378' title='bbox 1990 406 2033 460; x_wconf 73' lang='lat' dir='ltr'><strong>ji,</strong></span> 
     </span>
     <span class='ocr_line' id='line_1_60' title="bbox 1203 459 2031 515; baseline -0.006 -13"><span class='ocrx_word' id='word_1_379' title='bbox 1203 466 1231 502; x_wconf 78' lang='lat'>9</span> <span class='ocrx_word' id='word_1_380' title='bbox 1276 463 1392 515; x_wconf 89' lang='lat' dir='ltr'><strong>(opp.</strong></span> <span class='ocrx_word' id='word_1_381' title='bbox 1429 462 1469 500; x_wconf 89' lang='lat' dir='ltr'><strong>in</strong></span> <span class='ocrx_word' id='word_1_382' title='bbox 1499 460 1688 512; x_wconf 81' lang='lat' dir='ltr'><strong>periculo,</strong></span> <span class='ocrx_word' id='word_1_383' title='bbox 1705 461 1802 501; x_wconf 83' lang='lat' dir='ltr'><strong>ibid.</strong></span> <span class='ocrx_word' id='word_1_384' title='bbox 1845 459 2031 514; x_wconf 79' lang='lat' dir='ltr'><strong>Thucyd.</strong></span> 
     </span>
     <span class='ocr_line' id='line_1_61' title="bbox 1204 513 2039 568; baseline -0.004 -14"><span class='ocrx_word' id='word_1_385' title='bbox 1204 516 1246 554; x_wconf 70' lang='grc' dir='ltr'><strong>ἐν</strong></span> <span class='ocrx_word' id='word_1_386' title='bbox 1263 515 1450 568; x_wconf 76' lang='grc' dir='ltr'><strong>ἀσφαλεῖ,</strong></span> <span class='ocrx_word' id='word_1_387' title='bbox 1467 516 1510 554; x_wconf 76' lang='grc' dir='ltr'><strong>ἐν</strong></span> <span class='ocrx_word' id='word_1_388' title='bbox 1524 513 1779 567; x_wconf 74' lang='grc' dir='ltr'><strong>ἐπικινδύνῳ).</strong></span> <span class='ocrx_word' id='word_1_389' title='bbox 1797 515 1838 554; x_wconf 81' lang='lat' dir='ltr'><strong>in</strong></span> <span class='ocrx_word' id='word_1_390' title='bbox 1850 513 2039 554; x_wconf 77' lang='lat' dir='ltr'><strong>discrimi-</strong></span> 
     </span>
     <span class='ocr_line' id='line_1_62' title="bbox 1204 567 2034 621; baseline -0.001 -14"><span class='ocrx_word' id='word_1_391' title='bbox 1204 582 1254 608; x_wconf 88' lang='lat' dir='ltr'><strong>ne</strong></span> <span class='ocrx_word' id='word_1_392' title='bbox 1269 582 1411 621; x_wconf 86' lang='lat' dir='ltr'><strong>magno</strong></span> <span class='ocrx_word' id='word_1_393' title='bbox 1439 568 1517 615; x_wconf 85' lang='lat' dir='ltr'><strong>xiv,</strong></span> <span class='ocrx_word' id='word_1_394' title='bbox 1535 573 1560 608; x_wconf 84' lang='lat'><strong>5</strong></span> <span class='ocrx_word' id='word_1_395' title='bbox 1608 569 1648 607; x_wconf 91' lang='lat' dir='ltr'><strong>in</strong></span> <span class='ocrx_word' id='word_1_396' title='bbox 1663 568 1779 608; x_wconf 88' lang='lat' dir='ltr'><strong>exilio</strong></span> <span class='ocrx_word' id='word_1_397' title='bbox 1798 581 1886 608; x_wconf 90' lang='lat' dir='ltr'><strong>cum</strong></span> <span class='ocrx_word' id='word_1_398' title='bbox 1901 567 2034 620; x_wconf 72' lang='lat' dir='ltr'><strong>aliquo</strong></span> 
     </span>
     <span class='ocr_line' id='line_1_63' title="bbox 1203 617 2037 676; baseline 0.001 -17"><span class='ocrx_word' id='word_1_399' title='bbox 1203 622 1283 668; x_wconf 87' lang='lat' dir='ltr'><strong>viii,</strong></span> <span class='ocrx_word' id='word_1_400' title='bbox 1299 626 1323 662; x_wconf 78' lang='lat'><strong>3</strong></span> <span class='ocrx_word' id='word_1_401' title='bbox 1353 623 1394 661; x_wconf 91' lang='lat' dir='ltr'><strong>in</strong></span> <span class='ocrx_word' id='word_1_402' title='bbox 1408 622 1492 660; x_wconf 81' lang='lat' dir='ltr'><strong>foro</strong></span> <span class='ocrx_word' id='word_1_403' title='bbox 1518 622 1567 676; x_wconf 88' lang='lat' dir='ltr'><strong>(i.</strong></span> <span class='ocrx_word' id='word_1_404' title='bbox 1582 635 1617 661; x_wconf 87' lang='lat' dir='ltr'><strong>e.</strong></span> <span class='ocrx_word' id='word_1_405' title='bbox 1636 622 1708 661; x_wconf 81' lang='lat' dir='ltr'><strong>fori</strong></span> <span class='ocrx_word' id='word_1_406' title='bbox 1726 622 1864 661; x_wconf 85' lang='lat' dir='ltr'><strong>studiis</strong></span> <span class='ocrx_word' id='word_1_407' title='bbox 1882 629 1924 661; x_wconf 90' lang='lat' dir='ltr'><strong>et</strong></span> <span class='ocrx_word' id='word_1_408' title='bbox 1940 617 2037 662; x_wconf 87' lang='lat' dir='ltr'><strong>civi-</strong></span> 
     </span>
     <span class='ocr_line' id='line_1_64' title="bbox 1205 675 2034 728; baseline 0.002 -14"><span class='ocrx_word' id='word_1_409' title='bbox 1205 676 1306 714; x_wconf 84' lang='lat' dir='ltr'><strong>libus</strong></span> <span class='ocrx_word' id='word_1_410' title='bbox 1341 677 1487 714; x_wconf 87' lang='lat' dir='ltr'><strong>artibus</strong></span> <span class='ocrx_word' id='word_1_411' title='bbox 1523 688 1680 728; x_wconf 88' lang='lat' dir='ltr'><strong>operam</strong></span> <span class='ocrx_word' id='word_1_412' title='bbox 1717 676 1831 727; x_wconf 89' lang='lat' dir='ltr'><strong>dare)</strong></span> <span class='ocrx_word' id='word_1_413' title='bbox 1878 675 1986 723; x_wconf 81' lang='lat' dir='ltr'><strong>xxiv,-</strong></span> <span class='ocrx_word' id='word_1_414' title='bbox 2011 680 2034 716; x_wconf 83' lang='lat'>1</span> 
     </span>
     <span class='ocr_line' id='line_1_65' title="bbox 1201 728 2036 784; baseline 0.001 -17"><span class='ocrx_word' id='word_1_415' title='bbox 1201 729 1304 784; x_wconf 88' lang='lat' dir='ltr'><strong>(vid.</strong></span> <span class='ocrx_word' id='word_1_416' title='bbox 1319 729 1496 780; x_wconf 85' lang='lat' dir='ltr'><strong>Forum).</strong></span> <span class='ocrx_word' id='word_1_417' title='bbox 1511 728 1551 768; x_wconf 88' lang='lat' dir='ltr'><strong>in</strong></span> <span class='ocrx_word' id='word_1_418' title='bbox 1566 729 1660 781; x_wconf 81' lang='lat' dir='ltr'><strong>fuga</strong></span> <span class='ocrx_word' id='word_1_419' title='bbox 1674 728 1874 783; x_wconf 87' lang='lat' dir='ltr'><strong>(meditari</strong></span> <span class='ocrx_word' id='word_1_420' title='bbox 1887 729 2036 782; x_wconf 84' lang='lat' dir='ltr'><strong>fugam,</strong></span> 
     </span>
     <span class='ocr_line' id='line_1_66' title="bbox 1206 783 2035 835; baseline 0.001 -13"><span class='ocrx_word' id='word_1_421' title='bbox 1206 783 1416 834; x_wconf 85' lang='lat' dir='ltr'><strong>adornare)</strong></span> <span class='ocrx_word' id='word_1_422' title='bbox 1452 783 1494 830; x_wconf 88' lang='lat' dir='ltr'><strong>ii,</strong></span> <span class='ocrx_word' id='word_1_423' title='bbox 1522 787 1548 823; x_wconf 88' lang='lat'>4</span> <span class='ocrx_word' id='word_1_424' title='bbox 1595 783 1636 821; x_wconf 88' lang='lat' dir='ltr'><strong>in</strong></span> <span class='ocrx_word' id='word_1_425' title='bbox 1669 783 1894 835; x_wconf 85' lang='lat' dir='ltr'><strong>magistratu</strong></span> <span class='ocrx_word' id='word_1_426' title='bbox 1923 784 1990 830; x_wconf 80' lang='lat' dir='ltr'><strong>xii,</strong></span> <span class='ocrx_word' id='word_1_427' title='bbox 2009 788 2035 823; x_wconf 87' lang='lat'>4</span> 
     </span>
     <span class='ocr_line' id='line_1_67' title="bbox 1203 835 2037 890; baseline -0.001 -15"><span class='ocrx_word' id='word_1_428' title='bbox 1203 837 1485 876; x_wconf 74' lang='lat' dir='ltr'><strong>in‘obsidione</strong></span> <span class='ocrx_word' id='word_1_429' title='bbox 1522 837 1737 890; x_wconf 85' lang='lat' dir='ltr'><strong>(obsideri)</strong></span> <span class='ocrx_word' id='word_1_430' title='bbox 1763 835 1870 884; x_wconf 87' lang='lat' dir='ltr'><strong>xviii,</strong></span> <span class='ocrx_word' id='word_1_431' title='bbox 1903 841 1926 876; x_wconf 88' lang='lat'><strong>5</strong></span> <span class='ocrx_word' id='word_1_432' title='bbox 1995 838 2037 875; x_wconf 88' lang='lat' dir='ltr'><strong>in</strong></span> 
     </span>
     <span class='ocr_line' id='line_1_68' title="bbox 1205 890 2037 941; baseline 0.001 -14"><span class='ocrx_word' id='word_1_433' title='bbox 1205 896 1398 941; x_wconf 83' lang='lat' dir='ltr'><strong>potestate</strong></span> <span class='ocrx_word' id='word_1_434' title='bbox 1423 903 1493 929; x_wconf 88' lang='lat' dir='ltr'><strong>sua</strong></span> <span class='ocrx_word' id='word_1_435' title='bbox 1520 904 1610 938; x_wconf 84' lang='lat' dir='ltr'><strong>xxv,</strong></span> <span class='ocrx_word' id='word_1_436' title='bbox 1627 894 1654 931; x_wconf 78' lang='lat'>6</span> <span class='ocrx_word' id='word_1_437' title='bbox 1681 890 1723 930; x_wconf 90' lang='lat' dir='ltr'><strong>in</strong></span> <span class='ocrx_word' id='word_1_438' title='bbox 1735 891 1932 931; x_wconf 79' lang='lat' dir='ltr'><strong>simultate</strong></span> <span class='ocrx_word' id='word_1_439' title='bbox 1948 903 2037 930; x_wconf 87' lang='lat' dir='ltr'><strong>cum</strong></span> 
     </span>
     <span class='ocr_line' id='line_1_69' title="bbox 1206 943 2037 998; baseline 0 -15"><span class='ocrx_word' id='word_1_440' title='bbox 1206 943 1300 997; x_wconf 83' lang='lat' dir='ltr'><strong>aliq.</strong></span> <span class='ocrx_word' id='word_1_441' title='bbox 1328 958 1417 991; x_wconf 81' lang='lat' dir='ltr'><strong>xxv,</strong></span> <span class='ocrx_word' id='word_1_442' title='bbox 1439 948 1490 984; x_wconf 89' lang='grc'><strong>17</strong></span> <span class='ocrx_word' id='word_1_443' title='bbox 1519 943 1559 981; x_wconf 89' lang='lat' dir='ltr'><strong>in</strong></span> <span class='ocrx_word' id='word_1_444' title='bbox 1579 957 1648 996; x_wconf 87' lang='lat' dir='ltr'><strong>spe</strong></span> <span class='ocrx_word' id='word_1_445' title='bbox 1667 943 2037 998; x_wconf 76' lang='lat' dir='ltr'><strong>magnaprovinciae</strong></span> 
     </span>
     <span class='ocr_line' id='line_1_70' title="bbox 1207 998 2038 1052; baseline 0 -15"><span class='ocrx_word' id='word_1_446' title='bbox 1207 998 1307 1038; x_wconf 84' lang='lat' dir='ltr'><strong>bene</strong></span> <span class='ocrx_word' id='word_1_447' title='bbox 1325 998 1640 1038; x_wconf 76' lang='lat' dir='ltr'><strong>administrandae</strong></span> <span class='ocrx_word' id='word_1_448' title='bbox 1666 999 1739 1052; x_wconf 86' lang='lat' dir='ltr'><strong>(de</strong></span> <span class='ocrx_word' id='word_1_449' title='bbox 1759 1011 1828 1051; x_wconf 87' lang='lat' dir='ltr'><strong>spe</strong></span> <span class='ocrx_word' id='word_1_450' title='bbox 1858 998 2038 1044; x_wconf 87' lang='lat' dir='ltr'><strong>aliorum,</strong></span> 
     </span>
     <span class='ocr_line' id='line_1_71' title="bbox 1205 1051 2040 1104; baseline 0 -14"><span class='ocrx_word' id='word_1_451' title='bbox 1205 1051 1445 1104; x_wconf 88' lang='lat' dir='ltr'><strong>provinciam</strong></span> <span class='ocrx_word' id='word_1_452' title='bbox 1479 1052 1580 1091; x_wconf 88' lang='lat' dir='ltr'><strong>bene</strong></span> <span class='ocrx_word' id='word_1_453' title='bbox 1617 1053 1926 1093; x_wconf 87' lang='lat' dir='ltr'><strong>administratum</strong></span> <span class='ocrx_word' id='word_1_454' title='bbox 1970 1053 2040 1104; x_wconf 89' lang='lat' dir='ltr'><strong>iri)</strong></span> 
     </span>
     <span class='ocr_line' id='line_1_72' title="bbox 1206 1106 2039 1153; baseline 0.002 -10"><span class='ocrx_word' id='word_1_455' title='bbox 1206 1107 1274 1153; x_wconf 89' lang='lat' dir='ltr'><strong>vii,</strong></span> <span class='ocrx_word' id='word_1_456' title='bbox 1293 1110 1318 1146; x_wconf 87' lang='grc'>4</span> <span class='ocrx_word' id='word_1_457' title='bbox 1340 1108 1388 1145; x_wconf 81' lang='lat' dir='ltr'><strong>‘in</strong></span> <span class='ocrx_word' id='word_1_458' title='bbox 1407 1118 1556 1144; x_wconf 85' lang='lat' dir='ltr'><strong>summa</strong></span> <span class='ocrx_word' id='word_1_459' title='bbox 1575 1106 1691 1145; x_wconf 88' lang='lat' dir='ltr'><strong>laude</strong></span> <span class='ocrx_word' id='word_1_460' title='bbox 1719 1106 1772 1152; x_wconf 86' lang='lat' dir='ltr'><strong>xi,</strong></span> <span class='ocrx_word' id='word_1_461' title='bbox 1791 1111 1817 1147; x_wconf 83' lang='grc'><strong>2</strong></span> <span class='ocrx_word' id='word_1_462' title='bbox 1845 1107 1887 1145; x_wconf 90' lang='lat' dir='ltr'><strong>in</strong></span> <span class='ocrx_word' id='word_1_463' title='bbox 1901 1106 2039 1145; x_wconf 76' lang='lat' dir='ltr'><strong>timore</strong></span> 
     </span>
     <span class='ocr_line' id='line_1_73' title="bbox 1206 1159 2039 1214; baseline 0 -16"><span class='ocrx_word' id='word_1_464' title='bbox 1206 1160 1233 1207; x_wconf 90' lang='lat' dir='ltr'><strong>i,</strong></span> <span class='ocrx_word' id='word_1_465' title='bbox 1250 1163 1276 1199; x_wconf 86' lang='grc'>8</span> <span class='ocrx_word' id='word_1_466' title='bbox 1304 1160 1343 1199; x_wconf 90' lang='lat' dir='ltr'><strong>in</strong></span> <span class='ocrx_word' id='word_1_467' title='bbox 1363 1159 1528 1199; x_wconf 83' lang='lat' dir='ltr'><strong>vinculis</strong></span> <span class='ocrx_word' id='word_1_468' title='bbox 1556 1159 1608 1205; x_wconf 80' lang='lat' dir='ltr'><strong>ix,</strong></span> <span class='ocrx_word' id='word_1_469' title='bbox 1630 1165 1668 1200; x_wconf 87' lang='lat'><strong>5.</strong></span> <span class='ocrx_word' id='word_1_470' title='bbox 1697 1160 1804 1207; x_wconf 82' lang='lat' dir='ltr'><strong>xviii,</strong></span> <span class='ocrx_word' id='word_1_471' title='bbox 1824 1164 1890 1201; x_wconf 73' lang='lat'><strong>11·</strong></span> <span class='ocrx_word' id='word_1_472' title='bbox 1914 1166 2039 1214; x_wconf 87' lang='lat' dir='ltr'><strong>pater,</strong></span> 
     </span>
     <span class='ocr_line' id='line_1_74' title="bbox 1205 1214 2040 1267; baseline 0.002 -16"><span class='ocrx_word' id='word_1_473' title='bbox 1205 1220 1395 1266; x_wconf 87' lang='lat' dir='ltr'><strong>quantum</strong></span> <span class='ocrx_word' id='word_1_474' title='bbox 1422 1214 1464 1253; x_wconf 89' lang='lat' dir='ltr'><strong>in</strong></span> <span class='ocrx_word' id='word_1_475' title='bbox 1494 1225 1536 1252; x_wconf 84' lang='lat' dir='ltr'><strong>se</strong></span> <span class='ocrx_word' id='word_1_476' title='bbox 1565 1214 1654 1260; x_wconf 83' lang='lat' dir='ltr'><strong>fuit,</strong></span> <span class='ocrx_word' id='word_1_477' title='bbox 1682 1214 1874 1254; x_wconf 82' lang='lat' dir='ltr'><strong>Thracem·</strong></span> <span class='ocrx_word' id='word_1_478' title='bbox 1892 1227 1953 1254; x_wconf 91' lang='lat' dir='ltr'><strong>me</strong></span> <span class='ocrx_word' id='word_1_479' title='bbox 1972 1228 2040 1267; x_wconf 82' lang='lat' dir='ltr'><strong>ge·-</strong></span> 
     </span>
     <span class='ocr_line' id='line_1_75' title="bbox 1204 1266 2040 1314; baseline 0.001 -9"><span class='ocrx_word' id='word_1_480' title='bbox 1204 1266 1294 1306; x_wconf 89' lang='lat' dir='ltr'><strong>nuit</strong></span> <span class='ocrx_word' id='word_1_481' title='bbox 1321 1268 1373 1314; x_wconf 85' lang='lat' dir='ltr'><strong>xi,</strong></span> <span class='ocrx_word' id='word_1_482' title='bbox 1389 1271 1413 1308; x_wconf 81' lang='lat'><strong>3</strong></span> <span class='ocrx_word' id='word_1_483' title='bbox 1460 1273 1543 1306; x_wconf 90' lang='lat' dir='ltr'><strong>erat</strong></span> <span class='ocrx_word' id='word_1_484' title='bbox 1561 1267 1600 1306; x_wconf 90' lang='lat' dir='ltr'><strong>in</strong></span> <span class='ocrx_word' id='word_1_485' title='bbox 1620 1281 1667 1307; x_wconf 91' lang='lat' dir='ltr'><strong>eo</strong></span> <span class='ocrx_word' id='word_1_486' title='bbox 1687 1281 1775 1307; x_wconf 89' lang='lat' dir='ltr'><strong>cum</strong></span> <span class='ocrx_word' id='word_1_487' title='bbox 1795 1281 1944 1307; x_wconf 84' lang='lat' dir='ltr'><strong>summa</strong></span> <span class='ocrx_word' id='word_1_488' title='bbox 1968 1269 2040 1306; x_wconf 89' lang='lat' dir='ltr'><strong>hu-</strong></span> 
     </span>
     <span class='ocr_line' id='line_1_76' title="bbox 1205 1321 2043 1368; baseline 0.001 -9"><span class='ocrx_word' id='word_1_489' title='bbox 1205 1322 1386 1368; x_wconf 86' lang='lat' dir='ltr'><strong>manitas,</strong></span> <span class='ocrx_word' id='word_1_490' title='bbox 1416 1327 1499 1359; x_wconf 89' lang='lat' dir='ltr'><strong>tum</strong></span> <span class='ocrx_word' id='word_1_491' title='bbox 1531 1321 1626 1360; x_wconf 89' lang='lat' dir='ltr'><strong>mira</strong></span> <span class='ocrx_word' id='word_1_492' title='bbox 1655 1322 1817 1361; x_wconf 85' lang='lat' dir='ltr'><strong>comitas</strong></span> <span class='ocrx_word' id='word_1_493' title='bbox 1846 1321 1913 1367; x_wconf 68' lang='lat' dir='ltr'><strong>5,ss</strong></span> <span class='ocrx_word' id='word_1_494' title='bbox 1959 1328 2043 1361; x_wconf 84' lang='lat' dir='ltr'><strong>erat</strong></span> 
     </span>
     <span class='ocr_line' id='line_1_77' title="bbox 1205 1375 2042 1426; baseline 0.001 -13"><span class='ocrx_word' id='word_1_495' title='bbox 1205 1376 1246 1413; x_wconf 89' lang='lat' dir='ltr'><strong>in</strong></span> <span class='ocrx_word' id='word_1_496' title='bbox 1266 1388 1389 1426; x_wconf 85' lang='lat' dir='ltr'><strong>puero</strong></span> <span class='ocrx_word' id='word_1_497' title='bbox 1411 1387 1562 1413; x_wconf 85' lang='lat' dir='ltr'><strong>summa</strong></span> <span class='ocrx_word' id='word_1_498' title='bbox 1578 1375 1749 1414; x_wconf 85' lang='lat' dir='ltr'><strong>suavitas</strong></span> <span class='ocrx_word' id='word_1_499' title='bbox 1768 1375 1844 1414; x_wconf 87' lang='lat' dir='ltr'><strong>oris</strong></span> <span class='ocrx_word' id='word_1_500' title='bbox 1869 1387 1915 1414; x_wconf 87' lang='lat' dir='ltr'><strong>ac</strong></span> <span class='ocrx_word' id='word_1_501' title='bbox 1934 1376 2042 1414; x_wconf 83' lang='lat' dir='ltr'><strong>vocis</strong></span> 
     </span>
     <span class='ocr_line' id='line_1_78' title="bbox 1205 1427 2041 1481; baseline 0.001 -15"><span class='ocrx_word' id='word_1_502' title='bbox 1205 1442 1296 1474; x_wconf 86' lang='lat' dir='ltr'>xxv,</span> <span class='ocrx_word' id='word_1_503' title='bbox 1317 1432 1338 1467; x_wconf 91' lang='lat'>1</span> <span class='ocrx_word' id='word_1_504' title='bbox 1382 1433 1493 1467; x_wconf 83' lang='lat' dir='ltr'><strong>erant</strong></span> <span class='ocrx_word' id='word_1_505' title='bbox 1515 1429 1554 1466; x_wconf 89' lang='lat' dir='ltr'><strong>in</strong></span> <span class='ocrx_word' id='word_1_506' title='bbox 1585 1428 1722 1467; x_wconf 87' lang='lat' dir='ltr'><strong>eadem</strong></span> <span class='ocrx_word' id='word_1_507' title='bbox 1752 1427 1932 1481; x_wconf 80' lang='lat' dir='ltr'><strong>epistola,</strong></span> <span class='ocrx_word' id='word_1_508' title='bbox 1952 1442 2041 1481; x_wconf 81' lang='lat' dir='ltr'><strong>quae</strong></span> 
     </span>
     <span class='ocr_line' id='line_1_79' title="bbox 1206 1481 2043 1536; baseline -0.002 -16"><span class='ocrx_word' id='word_1_509' title='bbox 1206 1482 1257 1520; x_wconf 88' lang='lat' dir='ltr'><strong>ad</strong></span> <span class='ocrx_word' id='word_1_510' title='bbox 1276 1481 1586 1534; x_wconf 84' lang='lat' dir='ltr'><strong>eapertinebant</strong></span> <span class='ocrx_word' id='word_1_511' title='bbox 1603 1481 1678 1520; x_wconf 84' lang='lat' dir='ltr'><strong>&amp;c.</strong></span> <span class='ocrx_word' id='word_1_512' title='bbox 1705 1482 1783 1536; x_wconf 87' lang='lat' dir='ltr'><strong>(sc.</strong></span> <span class='ocrx_word' id='word_1_513' title='bbox 1799 1481 1962 1535; x_wconf 86' lang='lat' dir='ltr'><strong>scripta)</strong></span> <span class='ocrx_word' id='word_1_514' title='bbox 1989 1483 2043 1528; x_wconf 84' lang='lat' dir='ltr'><strong>iv,</strong></span> 
     </span>
     <span class='ocr_line' id='line_1_80' title="bbox 1207 1536 2042 1589; baseline -0.001 -13"><span class='ocrx_word' id='word_1_515' title='bbox 1207 1539 1233 1576; x_wconf 74' lang='lat'>4</span> <span class='ocrx_word' id='word_1_516' title='bbox 1276 1536 1451 1587; x_wconf 88' lang='lat' dir='ltr'><strong>arripuit,</strong></span> <span class='ocrx_word' id='word_1_517' title='bbox 1482 1536 1590 1587; x_wconf 89' lang='lat' dir='ltr'><strong>quod</strong></span> <span class='ocrx_word' id='word_1_518' title='bbox 1621 1536 1662 1574; x_wconf 90' lang='lat' dir='ltr'><strong>in</strong></span> <span class='ocrx_word' id='word_1_519' title='bbox 1686 1536 1892 1589; x_wconf 81' lang='lat' dir='ltr'><strong>praesentia</strong></span> <span class='ocrx_word' id='word_1_520' title='bbox 1927 1537 2042 1576; x_wconf 88' lang='lat' dir='ltr'><strong>vesti-</strong></span> 
     </span>
     <span class='ocr_line' id='line_1_81' title="bbox 1209 1589 2044 1643; baseline 0.001 -16"><span class='ocrx_word' id='word_1_521' title='bbox 1209 1595 1426 1628; x_wconf 86' lang='lat' dir='ltr'><strong>mentorum</strong></span> <span class='ocrx_word' id='word_1_522' title='bbox 1462 1589 1537 1628; x_wconf 82' lang='lat' dir='ltr'><strong>fuit</strong></span> <span class='ocrx_word' id='word_1_523' title='bbox 1571 1589 1649 1643; x_wconf 85' lang='lat' dir='ltr'><strong>(sc.</strong></span> <span class='ocrx_word' id='word_1_524' title='bbox 1683 1591 1734 1628; x_wconf 87' lang='lat' dir='ltr'><strong>ad</strong></span> <span class='ocrx_word' id='word_1_525' title='bbox 1768 1590 1946 1642; x_wconf 88' lang='lat' dir='ltr'><strong>manum)</strong></span> <span class='ocrx_word' id='word_1_526' title='bbox 1975 1591 2044 1637; x_wconf 83' lang='lat' dir='ltr'><strong>vii,</strong></span> 
     </span>
     <span class='ocr_line' id='line_1_82' title="bbox 1212 1644 2040 1696; baseline -0.001 -13"><span class='ocrx_word' id='word_1_527' title='bbox 1212 1647 1264 1683; x_wconf 85' lang='lat'><strong>10</strong></span> <span class='ocrx_word' id='word_1_528' title='bbox 1310 1655 1395 1682; x_wconf 88' lang='lat' dir='ltr'><strong>esse</strong></span> <span class='ocrx_word' id='word_1_529' title='bbox 1432 1655 1553 1695; x_wconf 82' lang='lat' dir='ltr'><strong>penes</strong></span> <span class='ocrx_word' id='word_1_530' title='bbox 1586 1644 1656 1681; x_wconf 85' lang='lat' dir='ltr'><strong>hos</strong></span> <span class='ocrx_word' id='word_1_531' title='bbox 1693 1644 1848 1682; x_wconf 86' lang='lat' dir='ltr'><strong>videtur</strong></span> <span class='ocrx_word' id='word_1_532' title='bbox 1882 1645 2040 1696; x_wconf 83' lang='lat' dir='ltr'><strong>respub.</strong></span> 
     </span>
     <span class='ocr_line' id='line_1_83' title="bbox 1210 1697 2042 1750; baseline 0.001 -15"><span class='ocrx_word' id='word_1_533' title='bbox 1210 1709 1299 1743; x_wconf 86' lang='lat' dir='ltr'>xxv,</span> <span class='ocrx_word' id='word_1_534' title='bbox 1319 1700 1345 1736; x_wconf 90' lang='lat'>8</span> <span class='ocrx_word' id='word_1_535' title='bbox 1390 1703 1450 1735; x_wconf 87' lang='lat' dir='ltr'><strong>est</strong></span> <span class='ocrx_word' id='word_1_536' title='bbox 1481 1709 1601 1748; x_wconf 86' lang='lat' dir='ltr'><strong>penes</strong></span> <span class='ocrx_word' id='word_1_537' title='bbox 1627 1697 1732 1736; x_wconf 89' lang='lat' dir='ltr'><strong>hunc</strong></span> <span class='ocrx_word' id='word_1_538' title='bbox 1751 1704 1900 1736; x_wconf 84' lang='lat' dir='ltr'><strong>summa</strong></span> <span class='ocrx_word' id='word_1_539' title='bbox 1918 1697 2042 1750; x_wconf 88' lang='lat' dir='ltr'><strong>impe·</strong></span> 
     </span>
     <span class='ocr_line' id='line_1_84' title="bbox 1210 1749 2043 1798; baseline 0.002 -10"><span class='ocrx_word' id='word_1_540' title='bbox 1210 1749 1257 1788; x_wconf 88' lang='lat' dir='ltr'><strong>rii</strong></span> <span class='ocrx_word' id='word_1_541' title='bbox 1272 1750 1460 1789; x_wconf 83' lang='lat' dir='ltr'><strong>custodiae</strong></span> <span class='ocrx_word' id='word_1_542' title='bbox 1488 1750 1595 1798; x_wconf 87' lang='lat' dir='ltr'><strong>xviii,</strong></span> <span class='ocrx_word' id='word_1_543' title='bbox 1616 1754 1664 1791; x_wconf 92' lang='lat'><strong>11</strong></span> <span class='ocrx_word' id='word_1_544' title='bbox 1710 1764 1795 1790; x_wconf 83' lang='lat' dir='ltr'><strong>esse</strong></span> <span class='ocrx_word' id='word_1_545' title='bbox 1814 1751 1886 1790; x_wconf 88' lang='lat' dir='ltr'><strong>sub</strong></span> <span class='ocrx_word' id='word_1_546' title='bbox 1905 1751 2043 1790; x_wconf 84' lang='lat' dir='ltr'><strong>adver·</strong></span> 
     </span>
     <span class='ocr_line' id='line_1_85' title="bbox 1213 1803 2043 1858; baseline 0 -16"><span class='ocrx_word' id='word_1_547' title='bbox 1213 1803 1301 1842; x_wconf 84' lang='lat' dir='ltr'><strong>sarii</strong></span> <span class='ocrx_word' id='word_1_548' title='bbox 1327 1809 1520 1856; x_wconf 85' lang='lat' dir='ltr'><strong>potestate</strong></span> <span class='ocrx_word' id='word_1_549' title='bbox 1549 1809 1624 1851; x_wconf 83' lang='lat' dir='ltr'><strong>x,5</strong></span> <span class='ocrx_word' id='word_1_550' title='bbox 1673 1805 1747 1843; x_wconf 86' lang='lat' dir='ltr'><strong>sub</strong></span> <span class='ocrx_word' id='word_1_551' title='bbox 1774 1803 1936 1858; x_wconf 88' lang='lat' dir='ltr'><strong>imperio</strong></span> <span class='ocrx_word' id='word_1_552' title='bbox 1955 1803 2043 1856; x_wconf 89' lang='lat' dir='ltr'><strong>ejus</strong></span> 
     </span>
     <span class='ocr_line' id='line_1_86' title="bbox 1213 1857 1869 1910; baseline 0.003 -13"><span class='ocrx_word' id='word_1_553' title='bbox 1213 1863 1273 1897; x_wconf 85' lang='lat' dir='ltr'><strong>est</strong></span> <span class='ocrx_word' id='word_1_554' title='bbox 1287 1859 1456 1910; x_wconf 82' lang='lat' dir='ltr'><strong>phalanx</strong></span> <span class='ocrx_word' id='word_1_555' title='bbox 1472 1858 1546 1898; x_wconf 74' lang='grc' dir='ltr'><strong>ὅτε.</strong></span> <span class='ocrx_word' id='word_1_556' title='bbox 1567 1857 1672 1906; x_wconf 82' lang='lat' dir='ltr'><strong>xviii,</strong></span> <span class='ocrx_word' id='word_1_557' title='bbox 1692 1862 1717 1899; x_wconf 88' lang='grc'><strong>7</strong></span> <span class='ocrx_word' id='word_1_558' title='bbox 1866 1870 1869 1875; x_wconf 87' lang='grc'><strong>’</strong></span> 
     </span>
    </p>

    <p class='ocr_par' dir='ltr' id='par_1_5' title="bbox 1164 1909 1581 1959">
     <span class='ocr_line' id='line_1_87' title="bbox 1164 1909 1581 1959; baseline 0.012 -11"><span class='ocrx_word' id='word_1_559' title='bbox 1164 1909 1392 1950; x_wconf 79' lang='lat' dir='ltr'><strong>Etiam=tum</strong></span> <span class='ocrx_word' id='word_1_560' title='bbox 1419 1912 1527 1959; x_wconf 79' lang='lat' dir='ltr'><strong>xxiii,</strong></span> <span class='ocrx_word' id='word_1_561' title='bbox 1546 1917 1581 1953; x_wconf 71' lang='lat'><strong>4&#39;</strong></span> 
     </span>
    </p>

    <p class='ocr_par' dir='ltr' id='par_1_6' title="bbox 1163 1963 1785 2013">
     <span class='ocr_line' id='line_1_88' title="bbox 1163 1963 1785 2013; baseline 0.005 -10"><span class='ocrx_word' id='word_1_562' title='bbox 1163 1963 1217 2003; x_wconf 86' lang='lat' dir='ltr'><strong>Et</strong></span> <span class='ocrx_word' id='word_1_563' title='bbox 1235 1965 1329 2004; x_wconf 87' lang='lat' dir='ltr'><strong>mari</strong></span> <span class='ocrx_word' id='word_1_564' title='bbox 1345 1970 1502 2004; x_wconf 73' lang='lat' dir='ltr'><strong>et‘terra</strong></span> <span class='ocrx_word' id='word_1_565' title='bbox 1527 1966 1570 2012; x_wconf 91' lang='lat' dir='ltr'><strong>ii,</strong></span> <span class='ocrx_word' id='word_1_566' title='bbox 1589 1970 1629 2007; x_wconf 80' lang='grc'><strong>2.</strong></span> <span class='ocrx_word' id='word_1_567' title='bbox 1658 1966 1748 2013; x_wconf 81' lang='lat' dir='ltr'><strong>xxii,</strong></span> <span class='ocrx_word' id='word_1_568' title='bbox 1764 1970 1785 2006; x_wconf 88' lang='lat'>1</span> 
     </span>
    </p>

    <p class='ocr_par' dir='ltr' id='par_1_7' title="bbox 1164 2018 2052 2287">
     <span class='ocr_line' id='line_1_89' title="bbox 1164 2018 2048 2073; baseline 0.003 -17"><span class='ocrx_word' id='word_1_569' title='bbox 1164 2018 1318 2057; x_wconf 84' lang='lat' dir='ltr'><strong>Etruria</strong></span> <span class='ocrx_word' id='word_1_570' title='bbox 1347 2018 1449 2073; x_wconf 87' lang='lat' dir='ltr'><strong>(sive</strong></span> <span class='ocrx_word' id='word_1_571' title='bbox 1480 2019 1676 2066; x_wconf 83' lang='lat' dir='ltr'><strong>Hetruria,</strong></span> <span class='ocrx_word' id='word_1_572' title='bbox 1706 2031 1794 2072; x_wconf 83' lang='lat' dir='ltr'><strong>quae</strong></span> <span class='ocrx_word' id='word_1_573' title='bbox 1824 2019 2048 2062; x_wconf 13' lang='lat' dir='ltr'><strong>aliisrvete-</strong></span> 
     </span>
     <span class='ocr_line' id='line_1_90' title="bbox 1219 2072 2050 2126; baseline 0.002 -16"><span class='ocrx_word' id='word_1_574' title='bbox 1219 2084 1303 2111; x_wconf 89' lang='lat' dir='ltr'><strong>rum</strong></span> <span class='ocrx_word' id='word_1_575' title='bbox 1319 2072 1476 2119; x_wconf 84' lang='lat' dir='ltr'><strong>Tuscia,</strong></span> <span class='ocrx_word' id='word_1_576' title='bbox 1496 2085 1602 2112; x_wconf 89' lang='lat' dir='ltr'><strong>nunc</strong></span> <span class='ocrx_word' id='word_1_577' title='bbox 1630 2073 1669 2111; x_wconf 87' lang='lat' dir='ltr'><strong>la</strong></span> <span class='ocrx_word' id='word_1_578' title='bbox 1684 2073 1863 2112; x_wconf 78' lang='lat' dir='ltr'><strong>Tuscana</strong></span> <span class='ocrx_word' id='word_1_579' title='bbox 1883 2073 2050 2126; x_wconf 84' lang='lat' dir='ltr'><strong>dicitur)</strong></span> 
     </span>
     <span class='ocr_line' id='line_1_91' title="bbox 1219 2126 2051 2179; baseline 0.004 -15"><span class='ocrx_word' id='word_1_580' title='bbox 1219 2126 1326 2173; x_wconf 79' lang='lat' dir='ltr'><strong>xxiii,</strong></span> <span class='ocrx_word' id='word_1_581' title='bbox 1355 2129 1381 2166; x_wconf 88' lang='lat'>4</span> <span class='ocrx_word' id='word_1_582' title='bbox 1427 2127 1535 2179; x_wconf 84' lang='lat' dir='ltr'><strong>(pars</strong></span> <span class='ocrx_word' id='word_1_583' title='bbox 1565 2126 1691 2166; x_wconf 87' lang='lat' dir='ltr'><strong>Italiae</strong></span> <span class='ocrx_word' id='word_1_584' title='bbox 1716 2126 1931 2174; x_wconf 78' lang='lat' dir='ltr'><strong>notissima,</strong></span> <span class='ocrx_word' id='word_1_585' title='bbox 1950 2128 2051 2167; x_wconf 77' lang='lat' dir='ltr'><strong>inter</strong></span> 
     </span>
     <span class='ocr_line' id='line_1_92' title="bbox 1219 2179 2052 2234; baseline 0.002 -16"><span class='ocrx_word' id='word_1_586' title='bbox 1219 2193 1323 2219; x_wconf 88' lang='lat' dir='ltr'><strong>mare</strong></span> <span class='ocrx_word' id='word_1_587' title='bbox 1338 2179 1583 2234; x_wconf 77' lang='lat' dir='ltr'><strong>Tyrrhenum</strong></span> <span class='ocrx_word' id='word_1_588' title='bbox 1610 2182 1659 2220; x_wconf 86' lang='lat' dir='ltr'><strong>ad</strong></span> <span class='ocrx_word' id='word_1_589' title='bbox 1680 2193 1861 2220; x_wconf 88' lang='lat' dir='ltr'><strong>occasum</strong></span> <span class='ocrx_word' id='word_1_590' title='bbox 1879 2187 1921 2219; x_wconf 83' lang='lat' dir='ltr'><strong>et</strong></span> <span class='ocrx_word' id='word_1_591' title='bbox 1938 2182 2052 2221; x_wconf 81' lang='lat' dir='ltr'><strong>rneri-</strong></span> 
     </span>
     <span class='ocr_line' id='line_1_93' title="bbox 1217 2233 2052 2287; baseline 0.001 -15"><span class='ocrx_word' id='word_1_592' title='bbox 1217 2233 1337 2281; x_wconf 88' lang='lat' dir='ltr'><strong>diem,</strong></span> <span class='ocrx_word' id='word_1_593' title='bbox 1358 2240 1527 2273; x_wconf 88' lang='lat' dir='ltr'><strong>montem</strong></span> <span class='ocrx_word' id='word_1_594' title='bbox 1547 2234 1581 2273; x_wconf 84' lang='lat' dir='ltr'>A</span> <span class='ocrx_word' id='word_1_595' title='bbox 1589 2234 1805 2287; x_wconf 61' lang='lat' dir='ltr'><strong>penninum‘</strong></span> <span class='ocrx_word' id='word_1_596' title='bbox 1821 2235 1871 2273; x_wconf 90' lang='lat' dir='ltr'><strong>ad</strong></span> <span class='ocrx_word' id='word_1_597' title='bbox 1890 2241 2052 2287; x_wconf 81' lang='lat' dir='ltr'><strong>septen-</strong></span> 
     </span>
    </p>

    <p class='ocr_par' dir='ltr' id='par_1_8' title="bbox 1183 2288 2054 2341">
     <span class='ocr_line' id='line_1_94' title="bbox 1183 2288 2054 2341; baseline 0.002 -16"><span class='ocrx_word' id='word_1_598' title='bbox 1183 2304 1187 2309; x_wconf 92' lang='lat'><em>·</em></span> <span class='ocrx_word' id='word_1_599' title='bbox 1219 2288 1398 2334; x_wconf 85' lang='lat' dir='ltr'><strong>trionem,</strong></span> <span class='ocrx_word' id='word_1_600' title='bbox 1412 2294 1453 2328; x_wconf 87' lang='lat' dir='ltr'><strong>et</strong></span> <span class='ocrx_word' id='word_1_601' title='bbox 1467 2288 1637 2328; x_wconf 86' lang='lat' dir='ltr'><strong>Tiberim</strong></span> <span class='ocrx_word' id='word_1_602' title='bbox 1655 2289 1815 2327; x_wconf 87' lang='lat' dir='ltr'><strong>fluvium</strong></span> <span class='ocrx_word' id='word_1_603' title='bbox 1834 2289 1883 2328; x_wconf 90' lang='lat' dir='ltr'><strong>ad</strong></span> <span class='ocrx_word' id='word_1_604' title='bbox 1903 2288 2054 2341; x_wconf 90' lang='lat' dir='ltr'><strong>ortum)</strong></span> 
     </span>
    </p>

    <p class='ocr_par' dir='ltr' id='par_1_9' title="bbox 1163 2340 2051 2395">
     <span class='ocr_line' id='line_1_95' title="bbox 1163 2340 2051 2395; baseline 0.003 -16"><span class='ocrx_word' id='word_1_605' title='bbox 1163 2340 1340 2382; x_wconf 84' lang='lat' dir='ltr'><strong>Evadere</strong></span> <span class='ocrx_word' id='word_1_606' title='bbox 1351 2356 1361 2380; x_wconf 90' lang='lat'>:</span> <span class='ocrx_word' id='word_1_607' title='bbox 1381 2342 1500 2382; x_wconf 89' lang='lat' dir='ltr'><strong>timeo</strong></span> <span class='ocrx_word' id='word_1_608' title='bbox 1509 2354 1691 2395; x_wconf 88' lang='lat' dir='ltr'><strong>quorsum</strong></span> <span class='ocrx_word' id='word_1_609' title='bbox 1700 2344 1784 2382; x_wconf 80' lang='lat' dir='ltr'><strong>haec</strong></span> <span class='ocrx_word' id='word_1_610' title='bbox 1793 2343 1962 2382; x_wconf 82' lang='lat' dir='ltr'><strong>evadant</strong></span> <span class='ocrx_word' id='word_1_611' title='bbox 1974 2357 2015 2390; x_wconf 86' lang='lat' dir='ltr'><strong>x,</strong></span> <span class='ocrx_word' id='word_1_612' title='bbox 2026 2346 2051 2382; x_wconf 91' lang='grc'>8</span> 
     </span>
    </p>

    <p class='ocr_par' dir='ltr' id='par_1_10' title="bbox 1164 2394 1544 2448">
     <span class='ocr_line' id='line_1_96' title="bbox 1164 2394 1544 2448; baseline 0.003 -14"><span class='ocrx_word' id='word_1_613' title='bbox 1164 2394 1362 2448; x_wconf 85' lang='lat' dir='ltr'><strong>Evagoras</strong></span> <span class='ocrx_word' id='word_1_614' title='bbox 1389 2396 1456 2443; x_wconf 87' lang='lat' dir='ltr'><strong>xii,</strong></span> <span class='ocrx_word' id='word_1_615' title='bbox 1472 2399 1499 2436; x_wconf 82' lang='lat'><strong>2</strong></span> <span class='ocrx_word' id='word_1_616' title='bbox 1541 2398 1544 2401; x_wconf 78' lang='grc'><em>“</em></span> 
     </span>
    </p>

    <p class='ocr_par' dir='ltr' id='par_1_11' title="bbox 1164 2449 2058 2771">
     <span class='ocr_line' id='line_1_97' title="bbox 1164 2449 2053 2504; baseline -0.001 -16"><span class='ocrx_word' id='word_1_617' title='bbox 1164 2449 1317 2488; x_wconf 84' lang='lat' dir='ltr'><strong>Euboea</strong></span> <span class='ocrx_word' id='word_1_618' title='bbox 1344 2449 1372 2495; x_wconf 89' lang='lat' dir='ltr'><strong>i,</strong></span> <span class='ocrx_word' id='word_1_619' title='bbox 1401 2453 1442 2490; x_wconf 87' lang='lat'><strong>4.</strong></span> <span class='ocrx_word' id='word_1_620' title='bbox 1461 2450 1504 2496; x_wconf 86' lang='lat' dir='ltr'><strong>ii,</strong></span> <span class='ocrx_word' id='word_1_621' title='bbox 1523 2453 1548 2490; x_wconf 74' lang='lat'><strong>3</strong></span> <span class='ocrx_word' id='word_1_622' title='bbox 1589 2450 1747 2504; x_wconf 87' lang='lat' dir='ltr'><strong>(Insula</strong></span> <span class='ocrx_word' id='word_1_623' title='bbox 1777 2449 1941 2490; x_wconf 78' lang='lat' dir='ltr'><strong>Graeciae</strong></span> <span class='ocrx_word' id='word_1_624' title='bbox 1974 2462 2053 2488; x_wconf 80' lang='lat' dir='ltr'><strong>orae</strong></span> 
     </span>
     <span class='ocr_line' id='line_1_98' title="bbox 1219 2501 2054 2555; baseline 0.001 -15"><span class='ocrx_word' id='word_1_625' title='bbox 1219 2501 1366 2542; x_wconf 66' lang='lat' dir='ltr'><strong>Atticas</strong></span> <span class='ocrx_word' id='word_1_626' title='bbox 1397 2508 1488 2555; x_wconf 82' lang='lat' dir='ltr'><strong>post</strong></span> <span class='ocrx_word' id='word_1_627' title='bbox 1519 2502 1825 2555; x_wconf 87' lang='lat' dir='ltr'><strong>promontorium</strong></span> <span class='ocrx_word' id='word_1_628' title='bbox 1873 2503 2054 2549; x_wconf 87' lang='lat' dir='ltr'><strong>Sunium,</strong></span> 
     </span>
     <span class='ocr_line' id='line_1_99' title="bbox 1221 2555 2058 2607; baseline 0.002 -14"><span class='ocrx_word' id='word_1_629' title='bbox 1221 2555 1393 2607; x_wconf 90' lang='lat' dir='ltr'><strong>itemque</strong></span> <span class='ocrx_word' id='word_1_630' title='bbox 1403 2555 1569 2594; x_wconf 84' lang='lat' dir='ltr'><strong>Boeotiae</strong></span> <span class='ocrx_word' id='word_1_631' title='bbox 1577 2562 1618 2595; x_wconf 87' lang='lat' dir='ltr'><strong>et</strong></span> <span class='ocrx_word' id='word_1_632' title='bbox 1626 2557 1809 2596; x_wconf 87' lang='lat' dir='ltr'><strong>Locrensi</strong></span> <span class='ocrx_word' id='word_1_633' title='bbox 1819 2563 1860 2595; x_wconf 92' lang='lat' dir='ltr'><strong>et</strong></span> <span class='ocrx_word' id='word_1_634' title='bbox 1868 2556 1953 2595; x_wconf 88' lang='lat' dir='ltr'><strong>Mal</strong></span> <span class='ocrx_word' id='word_1_635' title='bbox 1959 2557 2058 2595; x_wconf 84' lang='lat' dir='ltr'><strong>iensi</strong></span> 
     </span>
     <span class='ocr_line' id='line_1_100' title="bbox 1221 2608 2057 2662; baseline 0.004 -16"><span class='ocrx_word' id='word_1_636' title='bbox 1221 2608 1392 2660; x_wconf 83' lang='lat' dir='ltr'><strong>objecta,</strong></span> <span class='ocrx_word' id='word_1_637' title='bbox 1411 2614 1452 2648; x_wconf 92' lang='lat' dir='ltr'><strong>et</strong></span> <span class='ocrx_word' id='word_1_638' title='bbox 1471 2610 1612 2662; x_wconf 83' lang='lat' dir='ltr'><strong>pelago</strong></span> <span class='ocrx_word' id='word_1_639' title='bbox 1630 2623 1709 2648; x_wconf 90' lang='lat' dir='ltr'><strong>non</strong></span> <span class='ocrx_word' id='word_1_640' title='bbox 1727 2611 1806 2648; x_wconf 84' lang='lat' dir='ltr'><strong>lato</strong></span> <span class='ocrx_word' id='word_1_641' title='bbox 1835 2611 1884 2648; x_wconf 83' lang='lat' dir='ltr'><strong>ab</strong></span> <span class='ocrx_word' id='word_1_642' title='bbox 1915 2609 1963 2649; x_wconf 84' lang='lat' dir='ltr'><strong>iis</strong></span> <span class='ocrx_word' id='word_1_643' title='bbox 1992 2610 2057 2649; x_wconf 88' lang='lat' dir='ltr'><strong>di·</strong></span> 
     </span>
     <span class='ocr_line' id='line_1_101' title="bbox 1221 2662 2055 2704; baseline 0.002 -3"><span class='ocrx_word' id='word_1_644' title='bbox 1221 2669 1356 2702; x_wconf 86' lang='lat' dir='ltr'><strong>remta.</strong></span> <span class='ocrx_word' id='word_1_645' title='bbox 1416 2662 1523 2702; x_wconf 90' lang='lat' dir='ltr'><strong>Ubb.</strong></span> <span class='ocrx_word' id='word_1_646' title='bbox 1565 2663 1740 2703; x_wconf 83' lang='lat' dir='ltr'><strong>Emmius</strong></span> <span class='ocrx_word' id='word_1_647' title='bbox 1773 2670 1867 2703; x_wconf 88' lang='lat' dir='ltr'><strong>tom.</strong></span> <span class='ocrx_word' id='word_1_648' title='bbox 1897 2667 1934 2704; x_wconf 89' lang='lat'><strong>1.</strong></span> <span class='ocrx_word' id='word_1_649' title='bbox 1976 2671 2055 2703; x_wconf 88' lang='lat' dir='ltr'><strong>vet.</strong></span> 
     </span>
     <span class='ocr_line' id='line_1_102' title="bbox 1224 2716 1581 2771; baseline 0.008 -16"><span class='ocrx_word' id='word_1_650' title='bbox 1224 2716 1351 2755; x_wconf 81' lang='lat' dir='ltr'><strong>Graec.</strong></span> <span class='ocrx_word' id='word_1_651' title='bbox 1370 2728 1462 2770; x_wconf 85' lang='lat' dir='ltr'><strong>pag.</strong></span> <span class='ocrx_word' id='word_1_652' title='bbox 1477 2716 1581 2771; x_wconf 80' lang='lat'><strong>141)</strong></span> 
     </span>
    </p>

    <p class='ocr_par' dir='ltr' id='par_1_12' title="bbox 1168 2768 1499 2818">
     <span class='ocr_line' id='line_1_103' title="bbox 1168 2768 1499 2818; baseline 0.012 -11"><span class='ocrx_word' id='word_1_653' title='bbox 1168 2768 1373 2818; x_wconf 84' lang='lat' dir='ltr'><strong>Eudoxus,</strong></span> <span class='ocrx_word' id='word_1_654' title='bbox 1392 2769 1456 2811; x_wconf 88' lang='lat' dir='ltr'><strong>Fr.</strong></span> <span class='ocrx_word' id='word_1_655' title='bbox 1474 2775 1499 2811; x_wconf 89' lang='grc'><strong>7</strong></span> 
     </span>
    </p>

    <p class='ocr_par' dir='ltr' id='par_1_13' title="bbox 1168 2822 2057 2986">
     <span class='ocr_line' id='line_1_104' title="bbox 1168 2822 2057 2877; baseline 0.004 -16"><span class='ocrx_word' id='word_1_656' title='bbox 1168 2822 1327 2863; x_wconf 82' lang='lat' dir='ltr'><strong>Evitare</strong></span> <span class='ocrx_word' id='word_1_657' title='bbox 1356 2825 1488 2864; x_wconf 91' lang='lat' dir='ltr'><strong>odium</strong></span> <span class='ocrx_word' id='word_1_658' title='bbox 1518 2839 1557 2873; x_wconf 87' lang='lat' dir='ltr'><strong>x,</strong></span> <span class='ocrx_word' id='word_1_659' title='bbox 1594 2828 1621 2865; x_wconf 83' lang='lat'>8</span> <span class='ocrx_word' id='word_1_660' title='bbox 1660 2825 1872 2877; x_wconf 89' lang='lat' dir='ltr'><strong>periculum</strong></span> <span class='ocrx_word' id='word_1_661' title='bbox 1917 2825 1998 2872; x_wconf 79' lang='lat' dir='ltr'><strong>xiv,</strong></span> <span class='ocrx_word' id='word_1_662' title='bbox 2029 2828 2057 2865; x_wconf 77' lang='lat'><strong>2</strong></span> 
     </span>
     <span class='ocr_line' id='line_1_105' title="bbox 1222 2878 2056 2934; baseline 0.001 -19"><span class='ocrx_word' id='word_1_663' title='bbox 1222 2882 1492 2930; x_wconf 79' lang='lat' dir='ltr'><strong>tempestatem</strong></span> <span class='ocrx_word' id='word_1_664' title='bbox 1511 2878 1707 2933; x_wconf 84' lang='lat' dir='ltr'><strong>(proprie)</strong></span> <span class='ocrx_word' id='word_1_665' title='bbox 1745 2878 1826 2927; x_wconf 88' lang='lat' dir='ltr'><strong>xiii,</strong></span> <span class='ocrx_word' id='word_1_666' title='bbox 1846 2883 1870 2919; x_wconf 76' lang='lat'>3</span> <span class='ocrx_word' id='word_1_667' title='bbox 1914 2879 2056 2934; x_wconf 88' lang='lat' dir='ltr'><strong>(meta-</strong></span> 
     </span>
     <span class='ocr_line' id='line_1_106' title="bbox 1225 2933 1916 2986; baseline 0.006 -17"><span class='ocrx_word' id='word_1_668' title='bbox 1225 2933 1397 2983; x_wconf 86' lang='lat' dir='ltr'><strong>phorice,</strong></span> <span class='ocrx_word' id='word_1_669' title='bbox 1416 2933 1466 2972; x_wconf 85' lang='lat' dir='ltr'><strong>de</strong></span> <span class='ocrx_word' id='word_1_670' title='bbox 1481 2933 1574 2985; x_wconf 78' lang='lat' dir='ltr'><strong>fuga</strong></span> <span class='ocrx_word' id='word_1_671' title='bbox 1592 2933 1775 2986; x_wconf 86' lang='lat' dir='ltr'><strong>periculi)</strong></span> <span class='ocrx_word' id='word_1_672' title='bbox 1803 2934 1869 2980; x_wconf 87' lang='lat' dir='ltr'><strong>vii,</strong></span> <span class='ocrx_word' id='word_1_673' title='bbox 1890 2936 1916 2973; x_wconf 90' lang='lat'>4</span> 
     </span>
    </p>

    <p class='ocr_par' dir='ltr' id='par_1_14' title="bbox 1169 2983 2059 3574">
     <span class='ocr_line' id='line_1_107' title="bbox 1169 2983 2057 3039; baseline 0.001 -16"><span class='ocrx_word' id='word_1_674' title='bbox 1169 2983 1380 3033; x_wconf 80' lang='lat' dir='ltr'><strong>Eumenes,</strong></span> <span class='ocrx_word' id='word_1_675' title='bbox 1431 2985 1648 3027; x_wconf 81' lang='lat' dir='ltr'><strong>Cardianus</strong></span> <span class='ocrx_word' id='word_1_676' title='bbox 1693 2988 1838 3039; x_wconf 84' lang='lat' dir='ltr'><strong>(scriba</strong></span> <span class='ocrx_word' id='word_1_677' title='bbox 1890 2987 2057 3039; x_wconf 87' lang='lat' dir='ltr'><strong>primum</strong></span> 
     </span>
     <span class='ocr_line' id='line_1_108' title="bbox 1226 3039 2059 3094; baseline -0.001 -16"><span class='ocrx_word' id='word_1_678' title='bbox 1226 3039 1424 3094; x_wconf 85' lang='lat' dir='ltr'><strong>Philippi)</strong></span> <span class='ocrx_word' id='word_1_679' title='bbox 1453 3040 1562 3087; x_wconf 83' lang='lat' dir='ltr'><strong>xviii,</strong></span> <span class='ocrx_word' id='word_1_680' title='bbox 1581 3045 1603 3082; x_wconf 91' lang='lat' dir='ltr'>l</span> <span class='ocrx_word' id='word_1_681' title='bbox 1650 3040 1797 3080; x_wconf 86' lang='lat' dir='ltr'><strong>deinde</strong></span> <span class='ocrx_word' id='word_1_682' title='bbox 1829 3040 2059 3085; x_wconf 81' lang='lat' dir='ltr'><strong>Alexandri,</strong></span> 
     </span>
     <span class='ocr_line' id='line_1_109' title="bbox 1224 3092 2057 3146; baseline 0 -15"><span class='ocrx_word' id='word_1_683' title='bbox 1224 3092 1322 3132; x_wconf 89' lang='lat' dir='ltr'><strong>ibid.</strong></span> <span class='ocrx_word' id='word_1_684' title='bbox 1350 3100 1442 3146; x_wconf 89' lang='lat' dir='ltr'><strong>post</strong></span> <span class='ocrx_word' id='word_1_685' title='bbox 1466 3094 1579 3146; x_wconf 87' lang='lat' dir='ltr'><strong>cujus</strong></span> <span class='ocrx_word' id='word_1_686' title='bbox 1610 3101 1771 3133; x_wconf 88' lang='lat' dir='ltr'><strong>mortem</strong></span> <span class='ocrx_word' id='word_1_687' title='bbox 1791 3092 2057 3145; x_wconf 78' lang='lat' dir='ltr'><strong>Cappadocia:</strong></span> 
     </span>
     <span class='ocr_line' id='line_1_110' title="bbox 1225 3146 2058 3197; baseline -0.001 -12"><span class='ocrx_word' id='word_1_688' title='bbox 1225 3146 1432 3197; x_wconf 73' lang='lat' dir='ltr'><strong>praefectus</strong></span> <span class='ocrx_word' id='word_1_689' title='bbox 1449 3147 1665 3186; x_wconf 85' lang='lat' dir='ltr'><strong>destinatur</strong></span> <span class='ocrx_word' id='word_1_690' title='bbox 1684 3146 1790 3193; x_wconf 83' lang='lat' dir='ltr'><strong>xviii,</strong></span> <span class='ocrx_word' id='word_1_691' title='bbox 1808 3151 1834 3186; x_wconf 78' lang='lat'><strong>2</strong></span> <span class='ocrx_word' id='word_1_692' title='bbox 1864 3147 2058 3185; x_wconf 85' lang='lat' dir='ltr'><strong>Leonnati</strong></span> 
     </span>
     <span class='ocr_line' id='line_1_111' title="bbox 1225 3200 2057 3247; baseline 0.001 -10"><span class='ocrx_word' id='word_1_693' title='bbox 1225 3200 1386 3239; x_wconf 83' lang='lat' dir='ltr'><strong>insidias</strong></span> <span class='ocrx_word' id='word_1_694' title='bbox 1414 3201 1525 3247; x_wconf 89' lang='lat' dir='ltr'><strong>vitat,</strong></span> <span class='ocrx_word' id='word_1_695' title='bbox 1562 3201 1659 3238; x_wconf 89' lang='lat' dir='ltr'><strong>ibid.</strong></span> <span class='ocrx_word' id='word_1_696' title='bbox 1714 3200 1914 3239; x_wconf 83' lang='lat' dir='ltr'><strong>Perdiccae</strong></span> <span class='ocrx_word' id='word_1_697' title='bbox 1954 3200 2057 3239; x_wconf 83' lang='lat' dir='ltr'><strong>fidus</strong></span> 
     </span>
     <span class='ocr_line' id='line_1_112' title="bbox 1225 3253 2059 3305; baseline 0.004 -16"><span class='ocrx_word' id='word_1_698' title='bbox 1225 3253 1332 3299; x_wconf 88' lang='lat' dir='ltr'><strong>xviii,</strong></span> <span class='ocrx_word' id='word_1_699' title='bbox 1352 3257 1377 3292; x_wconf 76' lang='lat'>8</span> <span class='ocrx_word' id='word_1_700' title='bbox 1406 3259 1557 3305; x_wconf 82' lang='lat' dir='ltr'><strong>pugnat</strong></span> <span class='ocrx_word' id='word_1_701' title='bbox 1574 3266 1662 3291; x_wconf 89' lang='lat' dir='ltr'><strong>cum</strong></span> <span class='ocrx_word' id='word_1_702' title='bbox 1683 3253 1843 3292; x_wconf 88' lang='lat' dir='ltr'><strong>Cratero</strong></span> <span class='ocrx_word' id='word_1_703' title='bbox 1868 3261 1908 3293; x_wconf 87' lang='lat' dir='ltr'><strong>et</strong></span> <span class='ocrx_word' id='word_1_704' title='bbox 1934 3254 2059 3293; x_wconf 85' lang='lat' dir='ltr'><strong>vincit</strong></span> 
     </span>
     <span class='ocr_line' id='line_1_113' title="bbox 1224 3306 2057 3358; baseline 0.001 -15"><span class='ocrx_word' id='word_1_705' title='bbox 1224 3306 1332 3351; x_wconf 81' lang='lat' dir='ltr'><strong>xviii,</strong></span> <span class='ocrx_word' id='word_1_706' title='bbox 1351 3309 1377 3345; x_wconf 81' lang='lat'>4</span> <span class='ocrx_word' id='word_1_707' title='bbox 1406 3306 1611 3344; x_wconf 84' lang='lat' dir='ltr'><strong>damnatur</strong></span> <span class='ocrx_word' id='word_1_708' title='bbox 1627 3306 1767 3358; x_wconf 84' lang='lat' dir='ltr'><strong>capitis</strong></span> <span class='ocrx_word' id='word_1_709' title='bbox 1796 3306 1903 3355; x_wconf 81' lang='lat' dir='ltr'><strong>xviii,</strong></span> <span class='ocrx_word' id='word_1_710' title='bbox 1922 3312 1945 3347; x_wconf 80' lang='lat'><strong>5</strong></span> <span class='ocrx_word' id='word_1_711' title='bbox 1987 3309 2057 3346; x_wconf 82' lang='lat' dir='ltr'><strong>ob-</strong></span> 
     </span>
     <span class='ocr_line' id='line_1_114' title="bbox 1227 3358 2058 3411; baseline 0.005 -15"><span class='ocrx_word' id='word_1_712' title='bbox 1227 3371 1352 3397; x_wconf 80' lang='lat' dir='ltr'><strong>sessus</strong></span> <span class='ocrx_word' id='word_1_713' title='bbox 1397 3358 1580 3398; x_wconf 87' lang='lat' dir='ltr'><strong>callidum</strong></span> <span class='ocrx_word' id='word_1_714' title='bbox 1628 3366 1790 3411; x_wconf 76' lang='lat' dir='ltr'><strong>usurpat</strong></span> <span class='ocrx_word' id='word_1_715' title='bbox 1839 3361 2058 3406; x_wconf 81' lang='lat' dir='ltr'><strong>inventum,</strong></span> 
     </span>
     <span class='ocr_line' id='line_1_115' title="bbox 1226 3411 2058 3468; baseline 0.004 -18"><span class='ocrx_word' id='word_1_716' title='bbox 1226 3411 1322 3450; x_wconf 85' lang='lat' dir='ltr'><strong>ibid.</strong></span> <span class='ocrx_word' id='word_1_717' title='bbox 1364 3412 1510 3459; x_wconf 80' lang='lat' dir='ltr'><strong>evadit,</strong></span> <span class='ocrx_word' id='word_1_718' title='bbox 1549 3412 1645 3452; x_wconf 88' lang='lat' dir='ltr'><strong>ibid.</strong></span> <span class='ocrx_word' id='word_1_719' title='bbox 1699 3413 1930 3468; x_wconf 81' lang='lat' dir='ltr'><strong>Olympiadi</strong></span> <span class='ocrx_word' id='word_1_720' title='bbox 1966 3428 2058 3466; x_wconf 86' lang='lat' dir='ltr'><strong>pru-</strong></span> 
     </span>
     <span class='ocr_line' id='line_1_116' title="bbox 1226 3465 2055 3514; baseline 0 -11"><span class='ocrx_word' id='word_1_721' title='bbox 1226 3466 1364 3505; x_wconf 86' lang='lat' dir='ltr'><strong>denter</strong></span> <span class='ocrx_word' id='word_1_722' title='bbox 1395 3465 1564 3506; x_wconf 86' lang='lat' dir='ltr'><strong>consulit</strong></span> <span class='ocrx_word' id='word_1_723' title='bbox 1602 3467 1707 3514; x_wconf 85' lang='lat' dir='ltr'><strong>xviii,</strong></span> <span class='ocrx_word' id='word_1_724' title='bbox 1727 3471 1755 3508; x_wconf 85' lang='lat'><strong>6</strong></span> <span class='ocrx_word' id='word_1_725' title='bbox 1793 3474 1834 3508; x_wconf 89' lang='lat' dir='ltr'><strong>et</strong></span> <span class='ocrx_word' id='word_1_726' title='bbox 1862 3469 2055 3511; x_wconf 75' lang='lat' dir='ltr'><strong>subvenit,</strong></span> 
     </span>
     <span class='ocr_line' id='line_1_117' title="bbox 1225 3518 2055 3574; baseline 0.001 -18"><span class='ocrx_word' id='word_1_727' title='bbox 1225 3518 1322 3559; x_wconf 86' lang='lat' dir='ltr'><strong>ibid.</strong></span> <span class='ocrx_word' id='word_1_728' title='bbox 1351 3520 1534 3562; x_wconf 78' lang='lat' dir='ltr'><strong>adversus</strong></span> <span class='ocrx_word' id='word_1_729' title='bbox 1548 3519 1790 3574; x_wconf 82' lang='lat' dir='ltr'><strong>Antigonum</strong></span> <span class='ocrx_word' id='word_1_730' title='bbox 1810 3522 1952 3561; x_wconf 86' lang='lat' dir='ltr'><strong>bellum</strong></span> <span class='ocrx_word' id='word_1_731' title='bbox 1972 3532 2055 3558; x_wconf 81' lang='lat' dir='ltr'><strong>sus-</strong></span> 
     </span>
    </p>
   </div>
   <div class='ocr_carea' id='block_1_4' title="bbox 333 3584 1948 3640">
    <p class='ocr_par' dir='ltr' id='par_1_15' title="bbox 333 3584 1948 3640">
     <span class='ocr_line' id='line_1_118' title="bbox 333 3584 1948 3640; baseline -0.001 -12"><span class='ocrx_word' id='word_1_732' title='bbox 333 3587 478 3640; x_wconf 67' lang='lat' dir='ltr'><strong>Daph.</strong></span> <span class='ocrx_word' id='word_1_733' title='bbox 497 3592 536 3629; x_wconf 68' lang='lat' dir='ltr'><strong>ee</strong></span> <span class='ocrx_word' id='word_1_734' title='bbox 559 3587 652 3629; x_wconf 70' lang='lat' dir='ltr'><strong>Vae.</strong></span> <span class='ocrx_word' id='word_1_735' title='bbox 669 3589 779 3629; x_wconf 68' lang='lat' dir='ltr'><strong>clm.</strong></span> <span class='ocrx_word' id='word_1_736' title='bbox 1049 3586 1135 3627; x_wconf 86' lang='lat' dir='ltr'><strong>1m1.</strong></span> <span class='ocrx_word' id='word_1_737' title='bbox 1158 3584 1264 3637; x_wconf 83' lang='lat' dir='ltr'><strong>Nep.</strong></span> <span class='ocrx_word' id='word_1_738' title='bbox 1922 3588 1948 3626; x_wconf 77' lang='grc' dir='ltr'><strong><em>ὴ</em></strong></span> 
     </span>
    </p>
   </div>
  </div>
 </body>
</html>
