2306 3900
306 214 413 266 550

307 358 362 385 ex
395 347 660 398 praecedenti
678 349 944 403 intelligitur.
996 354 1193 398 Gebhard.

305 410 358 450 In
376 410 572 462 AEgypto]
606 411 784 453 Privato
802 413 961 467 officio,
981 429 1063 458 non
1086 421 1193 471 pub·

305 473 388 512 lice
425 485 450 512 a
486 475 646 525 populo
681 475 827 518 delata
872 492 925 520 ac
971 484 1190 525 mandata.

307 535 417 575 Vide
437 535 566 577 Diod.
585 547 662 578 xv.
695 539 801 591 Ejus
818 553 895 582 rex
914 548 1004 584 tum
1025 550 1189 598 tempo·

304 597 362 636 ris
381 604 474 638 erat
491 599 672 652 Tachus,
701 603 823 655 cujus
841 604 954 647 filius
974 608 1014 648 N
1019 614 1191 650 ectane-

303 660 417 710 bus;
447 661 516 700 vel
543 664 773 705 secundum
808 668 1086 712 Plutarchum
1105 673 1190 714 ᾰνε·

302 725 402 777 ψιὸς,
424 726 466 766 id
486 735 569 778 est,
583 731 740 771 sororis
764 731 889 775 filius.
916 736 1040 777 Idem.
1095 738 1188 778 Coe-

304 795 445 830 terum
464 789 677 843 AEgyptus
697 807 723 834 a
739 793 912 836 flumine
939 804 1094 840 nornen
1118 812 1186 841 ac-

303 851 471 905 cepisse
522 853 708 898 videtur.
775 858 903 900 Nilus
947 861 1062 903 enim
1113 863 1187 916 qui

302 926 442 969 Hebr.
488 929 622 969 'nutv
655 930 702 971 id
739 936 819 983 est,
853 933 976 986 niger
1010 935 1187 988 dicitur,

302 990 472 1034 Graecis
486 994 683 1045 Αἴγυπτος
694 995 835 1037 dictus
845 1001 928 1049 est,
946 999 1057 1051 quod
1070 998 1186 1041 idem

227 1114 230 1116 v
300 1055 482 1098 denotat
515 1059 646 1110 juxta
691 1061 974 1114 Scaligerum.
1031 1064 1129 1105 Nisi
1160 1077 1186 1105 a

302 1120 427 1173 Copto
445 1123 514 1163 vel
535 1123 646 1164 Gubt
674 1137 830 1166 nomen
862 1127 1048 1180 accepit.
1081 1129 1186 1182 Thy-

294 1183 388 1225 sius.
442 1186 604 1227 Masius
636 1188 837 1230 observat
872 1189 1101 1243 AEgyptios
1136 1193 1184 1232 iu

296 1247 485 1301 antiquis
503 1251 792 1292 monumentis
820 1253 966 1293 vocari
995 1254 1183 1308 AEgoph-

296 1310 410 1362 thos,
432 1312 558 1365 vulgo
578 1314 733 1366 Cophti
756 1316 826 1355 vel
861 1315 1009 1368 Copti,
1035 1322 1081 1357 et
1100 1318 1183 1370 ipsi

296 1374 515 1426 regionem
534 1389 653 1417 suam
679 1383 838 1419 vocant
868 1379 1043 1431 Chibth,
1069 1385 1184 1421 teste

304 1437 490 1480 Ortelio.
559 1441 614 1482 In
646 1442 757 1482 serie
791 1442 960 1494 Regum
991 1444 1186 1495 AEgypfi,

299 1514 424 1553 quam
455 1504 639 1544 Drusius
671 1517 727 1545 ex
754 1498 967 1546 Chronico
999 1507 1183 1559 quodam

299 1563 494 1607 Arabico
545 1568 789 1621 descripsit,
831 1569 1044 1610 secundus
1089 1572 1184 1612 Rex

298 1627 478 1682 AEgypti
507 1629 668 1672 dicitur
696 1631 883 1685 Cabtim,
909 1633 1024 1677 unde
1054 1635 1184 1676 deno-

294 1714 449 1754 minati
481 1721 582 1757 sunt
618 1715 804 1769 Cophtii.
860 1716 1054 1760 Hornius.

1099 1715 1185 1790 ³:2⁸

292 1803 440 1877 los-till
471 1812 610 1854 Pater
624 1813 898 1865 Coptitarum
917 1813 1060 1856 dictus
1079 1814 1185 1855 Mis·

296 1891 419 1933 raim.
477 1891 589 1932 Inde
626 1903 798 1933 nomen.
853 1891 1017 1944 Coptus
1053 1891 1185 1932 etiam

295 1956 416 2008 urbs,
439 1962 486 1997 et
521 1956 698 2008 Copites
725 1957 906 2008 Nomus,
935 1956 1029 1997 fere
1048 1955 1092 1996 in
1111 1967 1184 1997 ex-

294 2023 433 2059 tremo
481 2019 660 2072 AEgypti
705 2024 863 2072 tractu,
908 2030 1037 2073 quem
1082 2026 1185 2073 post

293 2081 590 2124 Alexandrum
609 2083 820 2135 Magnum
851 2083 1046 2137 AEgyptii
1065 2083 1183 2125 inco-

291 2147 481 2199 luerunt,
517 2147 730 2201 hodieque
766 2147 974 2189 incolunt.
1026 2148 1182 2190 Gozius.

292 2211 479 2262 Elegans
499 2211 676 2264 AEgypti
705 2209 940 2264 descriptio
970 2215 1037 2252 est
1066 2211 1181 2264 apud

295 2273 414 2315 Guil.
435 2274 616 2327 Tyrium
637 2285 739 2315 xlx.
759 2276 828 2314 24.

347 2336 632 2388 Nectanelmm]
677 2336 936 2376 Plutarchus
966 2336 1011 2377 in
1030 2337 1180 2390 Agesi-

292 2400 360 2439 lao
380 2397 627 2445 Νεκτάναβιν
646 2403 859 2451 perpetuo
879 2405 1024 2442 vocat.
1052 2401 1180 2453 Poly-

292 2473 411 2503 aenus
440 2462 513 2505 lib.
531 2473 584 2504 11.
602 2461 647 2502 in
666 2460 867 2513 Agesilao
887 2467 1016 2503 vocat
1033 2468 1178 2504 Νεκτε·

292 2524 426 2573 ναβόν.
465 2525 588 2566 Idem
607 2523 718 2565 libro
741 2534 816 2564 ιιι.
850 2525 1049 2576 perhibet
1072 2527 1180 2568 Cha-

292 2589 426 2630 briam
461 2589 620 2629 Thamo
672 2585 877 2641 adfuisse,
912 2593 960 2630 et
995 2590 1178 2632 'Ibamus

290 2653 389 2706 erit,
403 2665 531 2706 quem
545 2651 804 2693 Plutarchus
819 2651 975 2706 aliique
989 2654 1178 2697 Tachum

292 2715 531 2768 appellant.
564 2712 691 2756 Geth.

345 2779 461 2819 Fecit
487 2779 590 2819 idem
611 2777 758 2831 Cypri]
802 2777 977 2833 Hacfde
997 2792 1045 2821 re
1072 2780 1178 2822 nihil

291 2843 451 2895 reperi,
469 2849 630 2895 praeter
648 2842 693 2882 id
711 2842 827 2896 quod
844 2848 911 2885 est
926 2845 1043 2897 apud
1070 2845 1177 2887 Dio-

290 2906 382 2946 dor.
402 2906 488 2947 Sic.
502 2906 578 2946 lib.
594 2916 692 2946 xvr.
712 2907 748 2946 si
764 2905 880 2948 ferte
898 2908 951 2949 ad
972 2921 1062 2950 rem
1080 2921 1176 2962 per·

293 2970 418 3011 tinet.
480 2970 594 3010 Nam
631 2970 898 3011 Phocionem
933 2978 980 3014 et
1008 2973 1176 3025 Euago-

291 3045 406 3083 ram,
424 3043 506 3073 non
526 3032 755 3074 Chabriam
773 3038 819 3073 et
838 3034 1077 3087 Euagoram
1093 3036 1176 3088 cy-

292 3109 416 3149 prum
436 3101 728 3149 oppugnatum
745 3095 871 3138 ivisse
890 3102 1052 3140 narrat.
1074 3098 1177 3140 Cre-

293 3161 426 3202 dibile
447 3166 530 3213 est,
555 3160 686 3202 Diod.
715 3161 906 3202 Siculum
934 3163 1005 3204 vel
1023 3162 1179 3204 Phoci·

293 3237 417 3265 onem
435 3238 513 3278 pro
531 3224 717 3266 Chabria
730 3226 942 3278 posuisse,
954 3237 1050 3267 cum
1067 3226 1179 3268 Pho-

289 3289 385 3329 cion
406 3289 603 3330 Chabriae
622 3301 765 3330 comes
792 3294 935 3340 esset3
961 3291 1032 3332 vel
1050 3290 1178 3332 alium

291 3351 541 3391 historicum
561 3357 756 3391 secutum
774 3363 886 3404 esse,
903 3365 1029 3407 quam
1051 3365 1179 3407 quem

295 3418 471 3454 secutus
490 3418 557 3453 est
576 3419 728 3455 auctor
747 3421 908 3458 noster.
939 3417 1122 3458 Lambin.

347 3475 518 3517 Interim
560 3475 702 3517 bellum
736 3477 843 3519 inter
891 3480 1105 3534 AEgyptioe
1137 3485 1177 3523 et

688 234 866 272 NOTAE
909 236 1243 278 VARlORUM
1286 241 1349 280 IN
1394 244 1445 282 G.
1488 246 1750 288 NEPo'rls

1258 360 1421 416 Persas]
1463 363 1680 406 Diodorus
1712 366 1787 407 lib.
1824 378 1899 410 xv.
1949 368 2058 420 Ἅμα
2089 372 2134 414 δὲ

1252 423 1405 466 τούτοις
1433 426 1711 478 τραπομένοις
1741 430 1898 484 Ἀκωρὶς
1926 433 1949 473 ὁ
1973 436 2054 476 τῶν
2068 435 2134 477 ΑΙ-

1251 487 1427 538 ’γυπίοιν
1451 491 1654 544 βασιλεὺς,
1667 493 1885 548 ἀλλοτρίως
1901 497 2133 548 διακείμενος

1251 549 1347 604 πρὸς
1363 550 1436 592 τὸν
1453 558 1611 607 Περσῶν
1625 556 1811 610 βασιλέα,
1838 558 2014 611 δυνάμεις
2038 566 2133 614 (wt-

1251 614 1321 656 κὰς
1336 614 1558 667 ἀξιολόγους
1572 619 1740 673 ἤθροισε.
1771 623 1936 665 Narrat
1952 631 1998 666 et
2016 628 2131 668 aliud

1252 677 1408 721 bellum
1427 681 1641 723 Diodorus
1661 684 1811 726 eodem
1827 686 1954 740 libro,
1972 701 1997 728 a
2011 690 2133 743 Rege

1250 740 1426 794 AEgypti
1459 745 1604 786 Tacho
1636 747 1748 801 Regi
1778 750 2007 792 Persarum
2040 753 2132 794 illa-

1253 810 1366 845 tum:
1397 805 1473 856 ibi,
1499 806 1663 857 Ὁμοίως
1679 809 1722 851 δὲ
1740 810 1894 855 τούτοις
1910 814 1976 855 καὶ
1992 816 2132 867 Ταχὼς

1250 866 1274 905 ὁ
1289 867 1478 913 βασιλεὺς
1499 872 1580 911 τῶν
1603 870 1834 928 Αἰγυπτίων,
1859 876 1991 930 κρίνας
2010 886 2132 920 πολε-

1248 932 1336 980 μεῖν
1352 933 1436 973 τοῖς
1465 930 1646 986 Πέρσαις,
1676 937 1759 977 &c.
1787 939 1899 990 quod
1931 941 1986 981 ad
2018 941 2130 984 huuc

1249 995 1389 1036 locum
1420 996 1592 1038 videtur
1623 1000 1767 1052 potius
1787 1002 2021 1054 pertinere.
2075 1006 2130 1047 In

1247 1058 1328 1099 hoc
1349 1059 1465 1100 enim
1477 1059 1590 1102 beno
1608 1062 1833 1114 Agesilaus
1859 1071 1905 1107 et
1925 1067 2132 1110 Chabrias

1248 1121 1555 1176 interfuerunt,
1583 1125 1834 1180 Regemque
1852 1129 2039 1171 Tachum
2058 1132 2134 1172 ad-

1238 1185 1469 1240 juverunt;
1499 1195 1549 1230 ut
1569 1189 1702 1230 tradit
1718 1190 1838 1233 Plut.
1854 1191 1897 1233 in
1914 1189 2131 1246 Agesilfio.

1245 1248 1428 1291 Lambin.

1303 1313 1524 1366 Conflntum
1560 1315 1639 1368 est]
1683 1316 1806 1359 Infra
1839 1319 1883 1360 in
1913 1321 2128 1365 Eumene:

1245 1375 1443 1417 ‘interim
1461 1377 1647 1420 conflata
1663 1387 1764 1422 sunt
1787 1382 1916 1435 bella,
1944 1397 2042 1438 quae
2072 1386 2127 1426 ad

1246 1439 1585 1483 internecionem
1622 1449 1722 1496 post
1753 1445 1990 1487 Alexandri
2019 1460 2132 1490 mor-

1247 1507 1336 1542 tem
1361 1509 1484 1555 gesta
1513 1506 1645 1546 sunt:
1672 1507 1838 1548 Savaro.
1889 1510 1961 1551 Sic
1996 1511 2131 1565 loqui·

1245 1570 1317 1606 tur
1334 1566 1503 1608 Hirtius
1520 1568 1595 1608 lib.
1608 1580 1712 1610 vnr.
1729 1574 1770 1610 6.
1818 1572 1831 1594 ‘
1845 1572 1935 1613 Sub
1953 1578 2127 1627 tempus

1246 1629 1494 1672 aestivorum
1526 1633 1688 1674 nullum
1725 1647 1933 1676 summum
1967 1637 2127 1679 bellurn

1249 1705 1375 1746 posse
1393 1694 1570 1736 conflari
1582 1695 1610 1737 κ’
1629 1704 1676 1738 et
1693 1698 1786 1740 init.
1799 1699 1854 1741 de
1870 1701 1981 1742 bello
1997 1700 2129 1742 Alex-

1245 1758 1366 1799 andr.
1413 1759 1632 1802 Eumene:
1677 1762 1692 1785 ‘
1721 1762 1890 1805 interim
1941 1764 2131 1806 conflata

1245 1827 1347 1862 sunt
1364 1822 1437 1863 illa
1452 1823 1597 1864 bella!
1652 1826 1858 1880 Loquitur
1878 1841 2047 1882 quoque
2066 1829 2130 1870 ita

1247 1886 1418 1927 Patere.
1432 1887 1507 1928 lib.
1527 1899 1579 1929 rr.
1610 1889 1751 1931 Cicer.
1779 1903 1881 1932 vero
1899 1892 1953 1932 de
1967 1893 2129 1934 Harus-

1246 1950 1390 2002 picum
1422 1953 1654 2005 responsis.
1697 1956 1710 1977 ‘
1730 1953 1905 1995 Clodius
1944 1954 2129 1997 nefarias

1245 2026 1342 2054 cum
1361 2015 1504 2055 multis
1523 2017 1734 2057 scelerum
1760 2018 1979 2070 pactiones
1996 2019 2129 2059 socie-

1244 2082 1444 2131 tatesque
1459 2077 1659 2119 conflavit
1671 2078 1699 2119 :²
1718 2081 1820 2120 etin
1840 2079 2000 2129 Antan.
2015 2081 2029 2105 ‘
2044 2082 2127 2122 Ille

1244 2154 1373 2194 quum
1420 2143 1659 2184 exercitum
1711 2145 1875 2185 nullum
1925 2146 2126 2198 haberet,

1243 2216 1443 2257 magnum
1458 2213 1638 2259 repente
1654 2206 1888 2249 conflavit.'
1923 2210 2125 2252 Gebhard.

1296 2269 1554 2310 Athenienses
1578 2283 1665 2310 eum
1699 2271 1929 2313 ‚Artaxerxe
1961 2274 2125 2314 societa-

1240 2336 1321 2372 tem
1355 2332 1567 2386 habebant]
1609 2335 1824 2376 Quocirca
1851 2343 1896 2376 et
1932 2336 2127 2377 Pharna-

1242 2395 1348 2436 bazo
1378 2395 1513 2448 Regis
1547 2397 1777 2438 Persarum
1814 2399 2009 2453 Satrapae
2047 2413 2124 2453 pe-

1241 2459 1352 2500 tenti
1383 2459 1647 2512 Iphicratem
1680 2461 1781 2502 belli
1813 2462 1968 2504 ducem
1995 2465 2124 2505 dede-

1240 2527 1359 2564 runt:
1388 2527 1436 2563 et
1454 2523 1684 2564 Chabriam
1712 2524 1908 2576 ejusdem
1928 2526 2121 2568 Pharna-

1240 2585 1334 2626 bazi
1353 2585 1575 2628 admonitu
1601 2593 1647 2627 et
1667 2592 1820 2639 rogatu
1851 2595 2126 2643 revocarunt,

1239 2659 1290 2695 ut
1308 2652 1444 2695 tradit
1459 2652 1643 2695 Diodor.
1662 2653 1813 2695 eodem
1840 2653 1966 2697 libro.
2005 2655 2125 2696 Loan-

1240 2716 1321 2759 bin.

1292 2781 1331 2823 A
1368 2781 1504 2835 quibus
1535 2794 1699 2833 magnas
1725 2782 1883 2834 prodas
1910 2781 2124 2834 Agesilaus

1237 2858 1312 2887 rex
1328 2857 1459 2887 eorum
1484 2845 1684 2898 faciebat]
1728 2845 1972 2899 Redigebat
1990 2852 2122 2900 atque

1240 2910 1412 2963 agebat.
1467 2910 1629 2950 Facere
1658 2908 1842 2961 praedas,
1857 2920 1942 2950 uon
1959 2914 2029 2950 est
2048 2910 2122 2950 ob-

1239 2974 1354 3013 vium
1383 2973 1428 3013 in
1457 2972 1625 3013 Latinis
1643 2971 1940 3024 scriptoribus.
1994 2973 2123 3014 Inve-

1237 3036 1310 3076 nio
1331 3042 1475 3076 tamen
1507 3035 1621 3087 apud
1652 3034 1840 3075 Tullium
1875 3035 1918 3076 in
1938 3035 2120 3085 Verrem

1236 3100 1249 3122 ‘
1271 3098 1476 3139 maximos
1492 3102 1682 3151 quoestus
1711 3098 1965 3152 praedasque
1993 3097 2120 3140 fecis·

1239 3160 1317 3202 sel
1348 3161 1549 3201 Gebhard.
1861 3167 1864 3171 ’

1293 3223 1378 3266 Sua
1394 3228 1529 3277 sponte
1545 3236 1608 3265 eos
1623 3223 1802 3276 adiutum
1816 3221 2034 3277 profectus]
2065 3224 2118 3265 In

1239 3286 1405 3342 Agesil.
1434 3288 1447 3311 ‘
1466 3300 1564 3346 sero
1593 3288 1678 3328 suis
1713 3288 1915 3340 praesidio
1948 3285 2118 3341 profec-

1239 3356 1308 3392 tus
1320 3356 1387 3392 est
1397 3351 1424 3392 ς’
1438 3351 1482 3392 iu
1493 3350 1678 3393 Timoth.
1693 3350 2118 3393 ‘Ariabarsanisimul

1237 3427 1334 3456 cum
1363 3414 1561 3467 Agesilao
1590 3413 1749 3455 auxilio
1781 3412 2000 3466 profectus
2020 3413 2116 3455 est!

1236 3478 1402 3519 Severo.
1457 3477 1619 3519 Contra
1643 3476 1872 3531 Diodorus,
1893 3476 1967 3530 qui
1985 3476 2118 3519 tradit
