2306 3900
698 294 888 347 xv111.
955 295 1295 350 numanam,
1335 296 1478 341 cAP.
1515 283 1568 338 6.

207 416 442 474 Antigono,
472 417 547 474 qui
579 417 746 461 duobus
783 417 915 459 muris
944 417 1099 459 castel-

204 485 296 527 ium
314 484 626 538 circumsepsit.
658 484 793 526 Diod.
811 484 929 525 Plut.

260 547 564 599 Sub-stringebat
581 551 698 599 caput
717 547 819 600 loro]
839 546 1099 587 Plutarchus

204 612 250 653 in
268 612 358 653 vita
375 611 578 652 callidum
596 611 689 663 ejus
709 609 934 652 consilium
955 610 1099 662 paullo

203 675 450 718 accuratius
482 674 697 727 depingit.
769 674 973 714 Meminit
1005 674 1100 726 ejus

205 740 270 780 rei
288 739 420 780 etiam
450 738 698 792 Frontinus,
724 737 858 779 Strat.
880 737 957 779 lib.
974 749 1042 781 xv.
1058 741 1099 779 7.

204 803 370 854 Longol.

256 865 419 907 Deinde
429 867 516 917 post
535 862 777 915 verberibus]
810 861 1102 903 Posterior-ibus

204 941 262 970 ex
289 928 373 969 Ms.
402 939 499 968 meo
528 926 782 968 emendavi:
814 932 979 979 praeter
998 927 1102 967 Dio-

203 991 298 1034 dor.
318 997 365 1032 et
399 991 698 1043 Plutarchum,
727 991 956 1032 Frontinus
977 1003 1041 1032 1v.
1060 995 1101 1034 7.

202 1058 314 1098 hanc
334 1056 487 1109 optimi
509 1055 673 1097 codicis
695 1056 929 1097 lectionem
958 1055 1102 1098 admo·

206 1120 312 1161 dum
333 1119 579 1161 confirmat.

218 1233 222 1237 ,
255 1184 444 1224 sumenta
471 1195 579 1236 teque
605 1182 755 1235 nitida]
782 1182 799 1232 .‘
821 1182 997 1224 Nitida'
1026 1195 1102 1235 op·

202 1245 328 1300 ponit
347 1246 541 1298 strigosis
561 1251 607 1286 et
626 1246 726 1285 mali
742 1245 927 1287 habitus.
955 1246 970 1269 ‘
988 1245 1102 1286 Niti-

199 1308 260 1350 da
268 1309 491 1362 jumenta’
510 1322 596 1350 non
612 1314 699 1350 tam
714 1309 1102 1363 ἀπεστλεγγισμένα,

201 1386 332 1427 quam
348 1376 523 1415 λιπῶντα
543 1375 632 1415 sive
653 1374 814 1427 λιπαρά.
857 1376 915 1415 Et
934 1375 948 1397 ‘
963 1374 1102 1415 nitor’

202 1437 391 1492 Apuleio
420 1438 495 1480 lib.
516 1450 562 1479 x.
592 1438 885 1490 Metamorph.
913 1442 982 1478 est
1010 1438 1101 1491 pin-

203 1502 472 1556 gnedo,seu,
491 1507 541 1543 ut
570 1502 663 1555 ipse
698 1502 815 1556 loqui
848 1506 976 1552 amat,
1009 1502 1101 1554 pin-

201 1567 377 1618 guities.
448 1565 634 1607 Ovidius
678 1567 861 1606 Metam.
898 1565 1012 1606 libro
1045 1577 1097 1607 11.

199 1631 214 1652 ‘
238 1629 434 1670 Nitidam
490 1641 598 1682 cape
662 1628 841 1682 praemia
892 1626 1099 1669 vaccam?

203 1693 410 1736 Gebhard.

251 1757 309 1812 *In
328 1756 631 1810 campestribus]
671 1756 851 1810 Vulgati
882 1757 1098 1799 auctiores

203 1833 253 1861 ac
265 1820 412 1873 planis,
428 1819 542 1874 quod
564 1820 690 1861 abest
710 1834 735 1860 a
747 1819 916 1862 Schotti
931 1821 1098 1863 codice.

206 1883 445 1925 Lambinus
481 1897 528 1925 ea
558 1883 799 1925 conclusione
835 1888 886 1925 ut
917 1883 1099 1936 adjecti-

211 1947 320 1988 tium
340 1947 501 1988 omisit.

260 2011 376 2058 Quod
394 2014 490 2053 cast.
505 2010 576 2051 sub
595 2010 705 2062 divo]
732 2010 931 2063 Scriptus
950 2016 1098 2052 noster

204 2079 252 2115 et
287 2072 438 2115 Gifan.
496 2075 613 2120 Quod
637 2078 770 2115 castra
805 2073 995 2127 subsidio,
1027 2076 1095 2126 δῖε.

187 2146 300 2192 'quae
326 2138 559 2191 impensius
593 2137 768 2179 Gifanio
804 2137 860 2178 ad
892 2139 1018 2180 Lucr.
1050 2150 1096 2179 se

206 2201 423 2254 probavit.
462 2202 618 2244 Scitote.

258 2265 458 2306 Simulata
475 2265 689 2318 deditione]
718 2265 882 2308 Justin.
902 2266 975 2307 lib.
996 2277 1093 2307 xlv.

202 2327 468 2381 Antigonum
496 2328 550 2369 ab
585 2328 666 2369 hac
700 2328 924 2371 obsidione
954 2342 1095 2370 reces-

202 2392 309 2433 sisse
347 2393 426 2445 ait,
462 2404 559 2433 curn
597 2392 725 2433 missa
763 2393 818 2433 ab
857 2391 1095 2446 Antipatro

203 2455 386 2497 Eumeni
424 2456 586 2496 auxilia
620 2455 858 2497 didicisset.
917 2457 1094 2497 Plutar-

203 2520 324 2572 chus,
370 2518 587 2573 Antigono
640 2521 803 2561 Noram
850 2519 1094 2572 obsidente,

204 2583 294 2624 vita
311 2583 548 2624 excessisse
568 2582 863 2636 Antipatrum,
884 2583 1095 2637 aliamque

204 2646 260 2687 ob
281 2658 452 2687 causam
481 2647 593 2687 hanc
613 2645 748 2687 fuisse
776 2646 961 2687 solutam
981 2646 1094 2687 obsi-

206 2709 379 2751 dionem
400 2715 600 2751 testatur.
642 2710 824 2762 Magius.

261 2771 472 2822 Proesectis
504 2771 702 2825 Antigoni
735 2772 942 2827 imposuit]
987 2774 1094 2816 Hie-

208 2849 402 2890 ronymo.
444 2837 563 2877 Plut.

261 2900 429 2942 cume.
462 2899 687 2953 Olympias]
718 2900 830 2942 Filia
859 2901 1096 2955 Neoptole-

202 2965 278 3017 mi,
296 2966 410 3019 regis
430 2965 727 3006 Molossorum.
775 2967 885 3009 Quae
905 2965 1095 3021 Μυρτάλη

203 3029 325 3083 prius
343 3030 565 3083 appellata
584 3034 667 3072 est.
724 3030 909 3071 Consule
933 3031 1094 3074 Justin.

203 3095 329 3131 ua.
377 3090 525 3145 Atque
558 3092 652 3133 haec
683 3105 812 3133 causa
842 3102 926 3148 est,
944 3106 1022 3135 cur
1050 3096 1094 3137 in

207 3155 341 3207 Epiro
361 3160 451 3195 tum
471 3155 676 3207 temporis
694 3155 931 3200 habitabat.

262 3217 370 3270 Iret]
396 3217 629 3258 Lambinus
656 3219 819 3262 veniret.
873 3222 1034 3263 Savaro
1052 3222 1095 3263 in

206 3281 559 3335 praepositionem
580 3282 810 3334 praemisit:
840 3286 975 3338 magis
1003 3287 1095 3338 pla—

206 3349 283 3385 cet.
296 3338 427 3384 lectio
443 3343 578 3396 edita,
589 3348 637 3383 nt
649 3349 695 3384 et
711 3344 867 3399 Ultraj.
897 3347 1095 3388 Senectus.

207 3406 570 3459 Praepositionem
596 3407 841 3449 habuerunt
865 3409 1093 3450 Savaronis

210 3476 258 3511 et
300 3473 470 3514 schotti
514 3472 631 3525 libri,
673 3473 919 3531 retinetque
961 3476 1095 3521 editio

211 3533 332 3577 Brix.
351 3540 467 3588 soepe
484 3534 674 3579 laudata.
715 3537 851 3581 Boecl.

1941 279 2051 336 613

1218 419 1358 465 Quoad
1374 417 1595 459 Alexandri
1600 413 1738 471 filius]
1784 415 1852 457 Ex
1871 414 2050 457 Roxane

1163 487 1408 535 susceptus,
1427 482 1548 534 cujus
1567 493 1722 523 nomen
1751 481 1908 534 quaerit
1927 479 2053 522 Lam-

1163 543 1307 595 binus,
1342 550 1552 598 putatqne
1582 557 1638 586 ex
1666 544 1801 586 Probi
1828 543 2050 585 Phocione

1162 608 1321 660 conjici
1350 598 1490 661 posse,
1521 609 1771 663 Philippum
1803 607 1937 649 fuisse
1975 621 2052 662 ap-

1163 672 1390 725 pellatum,
1434 673 1578 724 Trogo
1625 679 1770 714 autem
1815 673 2052 715 Herculem

1163 735 1389 777 nominari.
1448 735 1510 777 At
1540 736 1778 777 Herculem
1807 737 1966 779 Justin.
1986 747 2053 779 xx.

1165 803 1230 841 10.
1249 811 1304 840 ex
1323 798 1504 840 Barsine
1520 798 1654 840 filium
1674 799 1913 840 Alexandri
1930 799 2052 842 facit.

1164 862 1295 906 Quod
1344 864 1544 915 agnoscit
1590 863 1683 916 ipse
1731 864 1962 903 Lambinus
1997 876 2052 904 ex

1164 925 1294 967 Diod.
1326 937 1405 967 xx.
1437 929 1504 966 20.
1537 925 1592 966 ad
1619 926 1737 966 illum
1759 926 1891 967 Probi
1909 926 2053 967 locum

1163 989 1207 1030 in
1227 989 1460 1038 Phocione,
1479 994 1582 1029 nota
1599 992 1670 1031 42.
1698 989 1770 1030 ubi
1791 989 1925 1030 verba
1955 1000 2054 1031 aue-

1166 1053 1298 1094 toris:
1331 1052 1344 1076 ‘
1364 1059 1535 1094 causam
1568 1052 1683 1106 apud
1716 1052 1964 1106 Philippum
1985 1065 2052 1093 re·

1165 1131 1262 1171 gem
1297 1119 1442 1170 verbo,
1485 1131 1532 1159 re
1578 1118 1673 1171 ipsa
1713 1118 1888 1172 quidem
1900 1105 2052 1172 &apud

1166 1183 1564 1236 Polyperchontem
1595 1183 1742 1236 jussus
1777 1189 1844 1224 est
1879 1183 2054 1234 dicere,'

1165 1247 1327 1287 mavult
1345 1247 1546 1298 accipere
1566 1246 1621 1287 de
1642 1246 1844 1299 Philippo
1867 1246 2052 1288 Alexan·

1167 1309 1249 1361 dri,
1269 1314 1318 1350 ut
1333 1310 1375 1350 ei
1391 1310 1576 1358 videtur,
1595 1310 1699 1362 filio,
1715 1323 1842 1364 quam
1870 1310 1926 1351 de
1954 1310 2053 1351 Ari-

1165 1372 1259 1414 daeo
1292 1373 1499 1426 Philippo
1535 1373 1773 1415 Alexandri
1805 1373 1967 1416 fratre:
1997 1373 2053 1415 ad

1164 1449 1290 1490 quem
1324 1442 1467 1478 tamen
1505 1438 1620 1479 haud
1654 1439 1783 1480 dubie
1816 1440 2053 1492 pertinent.

1162 1501 1325 1541 Verum
1360 1505 1506 1542 autem
1542 1514 1696 1544 nomen
1731 1502 1819 1543 filio
1852 1503 2052 1543 Roxanes

1162 1563 1248 1606 fuit
1283 1564 1544 1607 Alexander.
1613 1566 1743 1612 Quod
1779 1572 1946 1608 certum
1985 1572 2055 1609 est

1162 1641 1217 1669 ex
1262 1630 1498 1671 Pausanias
1545 1630 1706 1672 Atticis
1752 1636 1799 1672 et
1830 1633 2055 1685 BoeoticiS,

1162 1693 1267 1734 item
1282 1695 1488 1748 Dexippo
1509 1696 1623 1748 apud
1640 1695 1841 1736 Photium
1855 1701 1901 1736 et
1921 1697 2054 1737 Euse-

1162 1756 1294 1799 bium.
1350 1757 1477 1800 Adde
1511 1760 1798 1813 Porphyrium
1830 1759 1907 1801 lib.
1934 1772 1980 1801 x.
2010 1764 2052 1803 6.

1160 1820 1403 1862 Diodorum
1425 1832 1523 1863 xlx.
1543 1826 1636 1863 115.
1665 1822 1850 1865 Freimh.
1906 1823 2054 1864 Verba

1161 1883 1398 1938 Porphyrii
1416 1885 1531 1938 apud
1551 1886 1784 1927 Eusebium
1803 1900 1814 1927 ε
1846 1885 2051 1928 Κατέλιπε

1160 1945 1204 1987 δὲ
1223 1948 1245 1986 ὁ
1262 1947 1514 2002 Ἀλέξανδρος
1541 1951 1698 2002 παῖδας,
1725 1949 1923 2002 Ἠρακλέα
1938 1966 1987 1990 τε
2007 1952 2052 1991 ἐκ

1161 2010 1359 2064 Μαρσίνης
1377 2012 1537 2064 [scribe
1568 2012 1775 2065 Βαρσίνης]
1803 2015 1876 2061 τῆς
1907 2018 2053 2066 capra·

1159 2073 1302 2127 βάζου,
1332 2073 1587 2128 Ἀλέξανδρόν
1611 2091 1659 2117 τε
1680 2077 1733 2117 ’ἐκ
1767 2075 1953 2128 Ῥωξάνης
1978 2077 2052 2126 τῆς

1158 2138 1368 2194 Ὀξυάρτου
1383 2141 1455 2181 τοῦ
1473 2140 1653 2195 Βάκτρων
1669 2140 1880 2188 βασιλέως.
1910 2143 2052 2185 Quam

1158 2204 1228 2245 hic
1247 2205 1522 2246 Pharnabazi
1541 2205 1670 2246 filiam
1687 2203 1811 2257 facit,
1825 2206 2052 2246 Plutarch.

1159 2280 1258 2321 cap.
1279 2272 1348 2309 36.
1368 2273 1414 2308 et
1434 2269 1627 2309 Eumene
1648 2280 1742 2320 cap.
1762 2271 1802 2309 2.
1825 2266 2050 2308 Artabazi.

1158 2331 1332 2373 Arrian.
1366 2344 1450 2373 vn.
1483 2336 1522 2374 1.
1569 2332 1695 2374 Darii
1730 2331 1859 2385 regis.
1898 2331 1984 2372 Sed
2005 2331 2050 2372 in

1158 2396 1328 2436 nomine
1348 2396 1640 2437 consentiunt.
1683 2396 1810 2437 Idem.

1213 2460 1324 2500 Nam
1351 2464 1391 2501 et
1422 2460 1464 2500 in
1484 2460 1758 2500 Macedoniam
1773 2459 1953 2511 profecta
1972 2459 2050 2512 est]

1159 2523 1276 2576 Lege
1295 2525 1324 2566 J
1329 2525 1452 2565 nstin.
1473 2523 1547 2565 lib.
1569 2535 1666 2565 xxv.
1685 2528 1725 2565 5.
1745 2530 1791 2565 et
1805 2528 1847 2566 6.

1214 2588 1274 2627 Et
1305 2588 1362 2627 ibi
1398 2588 1665 2628 crudelissime
1695 2600 1736 2628 se
1760 2588 1906 2640 gessit]
1936 2588 2050 2631 Nam

1159 2663 1256 2693 cum
1277 2652 1518 2705 principum
1540 2653 1698 2706 passim
1717 2653 1876 2705 caedes,
1902 2654 2051 2695 mulie-

1159 2715 1225 2756 bri
1245 2716 1398 2768 magis,
1417 2728 1543 2770 quam
1574 2717 1692 2770 regio
1713 2729 1831 2758 more
1851 2716 2050 2770 fecisset,

1159 2777 1351 2819 favorem
1373 2779 1439 2819 sui
1469 2779 1512 2819 in
1539 2780 1680 2820 odium
1705 2781 1852 2822 vertit.
1888 2782 2048 2824 Justin.

1160 2841 1323 2883 Confer
1342 2841 1522 2884 Diodor.
1554 2843 1744 2883 Siculum
1764 2843 1840 2885 lib.
1861 2854 1962 2886 xix.
1982 2848 2048 2887 11.

1159 2905 1416 2951 Pausaniam
1437 2906 1478 2946 in
1497 2904 1669 2947 Atticis.

1215 2969 1278 3009 Ne
1293 2972 1382 3021 pat.
1400 2969 1511 3011 Phil.
1529 2971 1680 3022 domus,
1697 2971 1789 3023 ξω]
1833 2970 2048 3014 Audacius

1158 3032 1391 3074 Lambinus
1429 3032 1484 3074 de
1521 3045 1598 3074 suo
1647 3034 1827 3076 ἀντίθετα
1873 3036 2049 3088 adjecit,

1147 3094 1320 3144 fumilioe
1338 3096 1628 3137 inimicissimos
1654 3111 1836 3150 regnare,
1859 3099 2049 3141 amicissi-

1155 3172 1239 3200 mos
1265 3159 1445 3201 interire.
1504 3161 1672 3213 Sequor
1702 3161 1863 3202 editam
1896 3162 2048 3204 lectio·

1157 3234 1271 3262 nem.
1327 3222 1500 3275 Magius
1525 3224 1607 3275 sic,
1636 3223 1906 3265 Amic-issimus
1922 3225 2047 3267 inter—

1157 3287 1229 3328 ire.
1270 3286 1488 3329 Schottus.

1212 3349 1376 3394 Μὶεἰεοι
1392 3350 1548 3403 litem]
1576 3352 1766 3395 Quarum
1782 3351 1979 3396 formulae
2000 3362 2048 3397 ct

1160 3417 1416 3465 argumenta
1447 3418 1621 3455 exstant
1654 3416 1768 3468 apud
1804 3417 2045 3458 Diodorum

1157 3475 1382 3518 lib.xvm.
1401 3482 1449 3518 et
1461 3476 1743 3520 Plutarchum
1761 3479 1802 3520 in
1826 3481 2012 3521 Eumene
2031 3494 2044 3524 ς

1146 3537 1253 3582 ‘line
1268 3537 1310 3582 a&
1327 3538 1394 3581 καὶ
1410 3540 1499 3594 παρ’
1517 3540 1776 3593 Ὀλυμπιάδος
1794 3543 1898 3595 αὐτῷ
1921 3542 2042 3598 γράμ·
