2306 3900
783 261 845 299 x.
914 261 1178 310 monam,
1220 264 1353 302 car.
1392 250 1442 302 4.

190 376 448 418 Plutarchus
475 388 617 418 rursus
643 381 742 429 post
767 377 857 428 illa,
884 389 980 430 quae
1005 390 1072 417 sn-

192 451 271 492 pra
302 452 358 481 ex
393 451 445 481 eo
476 440 620 491 retuli,
653 439 829 489 scribit3
867 453 964 481 cum
992 441 1072 491 his,

193 516 289 557 quae
307 504 374 545 hic
394 516 419 544 a
437 504 581 545 Probo
590 508 832 556 narrantur,
850 517 1073 557 propemo-

191 566 292 613 dum
312 568 560 620 concinens,
575 579 674 613 cum
705 579 761 611 ex
792 580 860 619 eo,
877 569 992 621 quod
1012 567 1074 607 fe-

193 630 324 671 cisset
342 631 592 684 Dionysius,
623 643 802 684 maguus
830 643 911 683 per
936 636 1073 672 totam

190 693 582 748 urbem4strepitus
611 701 730 736 esset
760 699 951 744 coortus,
981 699 1075 735 tota

190 758 343 799 civitas
376 763 524 799 erecta
553 764 668 800 esset
701 771 907 800 novarum
933 769 1074 799 rerum

191 822 514 874 expectatione,
550 822 700 863 domus
727 823 863 875 ipsius
902 823 1075 875 tyranni

189 884 388 925 muliebri
406 886 578 938 ploratu
597 891 642 926 et
661 887 780 926 luctu
797 891 1075 937 personaret:

185 947 307 990 illum
336 955 454 990 metu
486 948 766 1000 perterritum
800 949 953 990 Dionis
976 949 1077 990 ami·

190 1023 263 1052 cos
282 1017 329 1053 et
346 1010 548 1053 mulieres
565 1024 660 1054 esse
673 1012 956 1063 consolatum,
972 1024 1075 1065 qua-

190 1076 225 1115 si
243 1088 327 1117 nou
347 1082 463 1117 esset
480 1077 560 1119 hoc
580 1077 774 1128 exilium,
791 1077 867 1118 sed
886 1078 1076 1130 peregri·

191 1140 310 1181 natio
329 1144 375 1183 et
393 1141 605 1192 absentia,
625 1153 680 1181 ne
699 1139 813 1181 forte
834 1141 927 1194 ipse
943 1140 1076 1183 offen-

191 1215 262 1244 sus
280 1209 328 1245 et
360 1209 596 1245 commotus
628 1204 777 1245 Dionis
805 1205 1076 1253 contumacia

190 1271 237 1307 et
256 1267 384 1308 animi
403 1268 609 1319 elatione,
639 1267 800 1320 aliquid
831 1267 1003 1321 gravius
1030 1269 1074 1308 in

190 1343 286 1372 eum
320 1336 511 1373 statuere
547 1338 621 1373 aut
651 1331 798 1373 facere
834 1338 1077 1385 cogeretur,

191 1394 315 1446 cujus
335 1394 474 1447 ipsum
495 1401 646 1447 postea
665 1396 910 1448 poeniteret.
946 1448 948 1450 ·
974 1395 1074 1437 Hoc

188 1458 407 1510 spectavit
425 1459 489 1500 Μ.
507 1459 689 1507 Tullius,
701 1471 799 1500 cum
815 1459 922 1500 illud
937 1460 1075 1512 scrip-

190 1521 249 1562 sit
283 1522 423 1574 Epist.
458 1522 514 1563 ad
552 1521 691 1564 Attic.
722 1523 798 1565 lib.
830 1534 908 1569 xv.
937 1527 979 1564 9.
1008 1527 1076 1565 10.

189 1583 320 1636 AEgre
338 1582 498 1637 ferens,
517 1597 729 1626 rumorem
749 1598 841 1627 esse
859 1586 916 1628 de
935 1587 1075 1628 Bruto

188 1646 232 1687 in
265 1646 415 1696 Asiam
447 1649 677 1702 mittendo,
713 1650 861 1692 Cassio
899 1651 944 1691 iu
971 1651 1076 1692 Sici·

187 1711 305 1763 liam,
322 1718 373 1754 ut
392 1712 654 1757 frumentum
685 1714 917 1763 emendum
943 1721 987 1755 et
1019 1715 1075 1756 ad

189 1775 339 1817 urbem
358 1775 618 1827 mittendum
636 1783 855 1828 curarent,
871 1777 986 1830 quod
1004 1778 1077 1818 illa

189 1839 415 1892 provincia
431 1853 508 1883 seu
523 1841 688 1894 legatio
712 1847 829 1883 esset
856 1841 943 1884 illis
972 1843 1076 1884 viris

189 1902 379 1956 indigna,
395 1909 444 1945 et
469 1905 678 1957 relegatio
706 1905 850 1958 potius
871 1918 996 1959 quam
1020 1907 1078 1950 le-

187 1966 320 2018 gatio.
341 1967 354 1989 ‘
365 1966 511 2011 Ludos
523 1979 624 2008 vero
639 1980 722 2008 non
735 1967 911 2020 facere,’
924 1968 1081 2022 inquit,

188 2029 324 2083 ‘quid
345 2029 527 2072 foedius?
561 2030 821 2076 frumentum
841 2032 1080 2085 imponere,

190 2105 288 2147 qnae
308 2100 375 2134 est
390 2094 480 2136 ,alia
495 2095 652 2136 Dionis
666 2095 856 2149 legatio?
873 2101 948 2137 aut
962 2095 1077 2149 quod

190 2169 345 2201 munus
360 2158 404 2198 in
425 2158 650 2212 republica
668 2158 925 2212 sordidius?
958 2160 1077 2202 Lam·

190 2219 315 2262 binus.

247 2285 408 2338 Omnia,
431 2300 517 2339 «μω
546 2289 694 2329 moveri
722 2292 906 2341 poterant.
919 2289 1079 2342 Dionis,

187 2348 234 2389 in
262 2348 397 2390 naveis
425 2350 630 2404 imposuit]
657 2351 795 2393 Locus
816 2357 952 2393 antea
966 2353 1077 2392 male

190 2418 286 2454 erat
303 2413 626 2467 interpunctas,
645 2414 708 2459 sic
724 2415 841 2456 enim
860 2415 1049 2458 habebat
1068 2429 1087 2457 :-

193 2476 338 2518 Omnia
355 2490 442 2530 quoe
470 2479 618 2520 moveri
642 2482 842 2531 poterant,
861 2478 1007 2520 Dionis
1035 2479 1080 2519 in

187 2541 282 2584 navi
297 2542 479 2594 imponit.
534 2543 680 2586 Quare
697 2542 986 2595 indicabatur,
1006 2555 1078 2584 na-

190 2617 289 2646 vem
320 2604 454 2648 fuisse
480 2605 653 2655 Dionis,
685 2618 755 2648 res
789 2618 893 2647 vero
919 2619 1078 2660 nequa-

190 2680 332 2721 quam.
362 2670 478 2720 Mag.
532 2670 586 2711 In
602 2670 919 2713 Themistocle:
945 2671 958 2693 ‘
975 2671 1079 2714 Om-

191 2732 265 2772 nia
281 2743 379 2785 quae
404 2732 567 2775 moveri
583 2737 802 2786 poter-ant.
821 2733 978 2786 partim
1003 2733 1079 2783 Sa-

191 2794 408 2846 laminem,
445 2795 605 2848 partim
639 2796 891 2843 Troezenem
934 2809 1079 2848 aspor-

192 2857 318 2900 tant!
362 2858 431 2902 Ibi
450 2858 548 2899 vide
569 2858 735 2906 Notas..

245 2922 415 2964 Manum
443 2922 688 2976 comparare]
724 2922 854 2966 Quod
884 2934 982 2964 eum
1013 2922 1078 2967 fe·

191 2986 301 3027 cisse
338 2986 472 3028 tradit
506 2987 725 3028 Diodorus
753 2987 908 3029 eodem
940 2988 1075 3033 libro:

194 3048 484 3092 Κπαπλεύσω
506 3051 540 3092 δ’
568 3049 622 3092 εἷς
656 3049 730 3099 τὴν
761 3049 967 3103 Κόρινθον,,
984 3050 1078 3094 τοὺς

192 3112 266 3163 μὲν
281 3114 498 3167 Κορινθίους
513 3113 621 3166 ἠξίου
645 3114 981 3163 ,συνεπιλαβέσθαι
1003 3118 1078 3166 τῆς

191 3176 411 3230 ἔλουθερίοσ
443 3179 525 3218 τῶν
557 3179 837 3231 movebor,
875 3179 993 3221 αὐτὸς
1033 3179 1077 3222 δὲ

191 3241 447 3295 μισθοφόρους
464 3243 706 3295 συνῆγε,κώ
724 3243 943 3286 πανοπλίας
961 3243 1076 3293 συνή-

192 3309 336 3357 θροισε.
378 3306 562 3348 Lambin.

246 3371 400 3413 Areten
434 3371 582 3413 Dionis
611 3383 775 3412 uxorem
807 3371 881 3413 alii
913 3376 1078 3424 nimum

194 3434 332 3487 dedit]
374 3434 559 3489 Nempe
604 3435 839 3476 Timocrati
876 3433 1076 3476 familiari

1913 251 2019 302 555

1138 388 1239 428 suo;
1259 380 1335 420 sed
1353 380 1551 432 invitam,
1570 384 1620 421 ut
1640 378 1897 422 Plutarchus
1918 379 2021 419 scri-

1138 441 1217 484 bit.
1257 445 1482 495 Longolius.

1192 506 1411 559 Filiumque
1437 505 1537 558 qius]
1577 507 1818 556 Aretaeum,
1845 511 1895 547 ut
1927 505 2025 546 vult

1138 568 1343 620 Timaeus,
1383 583 1409 611 a
1445 577 1584 611 matre
1629 570 1691 610 sic
1726 569 2021 622 appellatum:

1140 632 1445 684 Hipparinum,
1486 638 1536 673 ut
1593 632 1729 674 tradit
1774 630 2023 675 Timonides

1138 695 1290 736 Dionis
1309 694 1552 736 familiaris:
1582 695 1653 736 cui
1679 695 1821 747 potius
1841 694 2023 735 creden·

1139 759 1242 800 dum
1260 771 1355 800 esse
1375 764 1525 800 censet
1539 759 1813 800 Plutarchus.
1842 758 2023 800 Lambin.

1139 822 1257 874 Mag.

1194 886 1239 926 Is
1255 898 1373 938 usque
1389 898 1432 927 eo
1447 886 1539 927 υἱέα
1555 878 1703 926 statam
1729 885 2025 944 commutatum]

1140 950 1402 994 Plutarchus
1440 951 1482 991 in
1515 950 1674 997 Dione,
1702 949 1853 990 Dionis
1890 947 2027 991 filium

1140 1014 1508 1056 adolescentulum
1528 1015 1675 1055 dolore
1701 1019 1748 1055 et
1779 1013 1843 1053 ira
1869 1013 2028 1065 puerili

1140 1078 1369 1130 impulsum
1424 1091 1471 1118 se
1517 1091 1541 1118 e
1591 1082 1712 1119 tecto
1755 1077 2027 1129 praecipitem

1139 1142 1279 1194 egisse
1315 1141 1476 1184 tradit:
1523 1141 1624 1182 nihil
1660 1146 1888 1194 praeterea.
1953 1140 2028 1182 Sic

1138 1204 1241 1245 ille:
1272 1202 1316 1244 ἔκ
1339 1218 1444 1245 τινος
1479 1202 1607 1253 λύπης
1636 1202 1700 1246 καὶ
1734 1203 1854 1255 ὀργῆς
1888 1202 2027 1255 μικρὰν

1139 1267 1203 1308 καὶ
1229 1268 1407 1316 παιδικὴν
1434 1268 1616 1322 ἀπαρχὴν
1644 1266 1847 1315 λαβούσης
1878 1266 2030 1319 ἔῤῥιψεν

1139 1330 1279 1372 ἑαυτὸν
1296 1332 1373 1372 ἀπὸ
1389 1334 1462 1373 τοῦ
1479 1332 1645 1384 στέγους
1662 1332 1725 1372 ἐπὶ
1744 1332 1816 1379 τὴν
1834 1331 2029 1383 κεφαλὴν,

1139 1395 1204 1436 καὶ
1219 1394 1415 1449 διεφθάρη.
1454 1397 1583 1438 Hunc
1603 1409 1750 1437 casum
1770 1407 2028 1442 commemo-

1139 1464 1207 1500 rat
1242 1465 1289 1500 et
1327 1460 1371 1499 in
1401 1463 1644 1513 παραμυθητ.
1680 1457 1775 1511 πρὸς
1804 1457 2029 1500 Ἀπολλῶν.

1138 1522 1322 1566 Lambin.
1343 1523 1458 1575 Mag.

1195 1587 1378 1640 Namque
1394 1587 1564 1640 appositi
1581 1590 1694 1629 erant
1712 1586 1912 1639 custodes]
1926 1629 1929 1634 ,
1941 1587 2040 1626 Vc·-

1140 1661 1243 1690 nere
1262 1650 1454 1693 Romana
1469 1650 1650 1696 dictum.
1679 1652 1886 1704 Namque,
1902 1661 2029 1702 repe*

1140 1713 1226 1753 ries
1257 1713 1379 1766 apud,
1403 1714 1681 1756 Ciceronem:
1729 1715 1742 1736 ‘
1764 1714 1926 1754 Verres
1954 1725 2029 1754 ca-

1137 1777 1417 1818 lumniatores
1460 1777 1710 1831 apponebat
1727 1777 1754 1818 :'
1811 1783 1858 1818 et
1897 1775 2028 1818 Offic.

1137 1841 1150 1864 ‘
1170 1841 1271 1883 Non
1301 1841 1566 1884 licitatorem
1598 1840 1811 1892 venditor,
1840 1853 1919 1883 nec
1956 1840 2029 1894 qui

1139 1909 1294 1949 contra
1322 1917 1369 1945 se
1382 1950 1385 1953 ,
1399 1905 1598 1957 liceatur,
1615 1910 1790 1958 emptor,
1805 1904 2029 1958 apponet!

1140 1967 1193 2008 In
1229 1968 1440 2008 Verrem:
1488 1967 1759 2013 ‘Accusator
1794 1969 2028 2021 apponitur

1141 2031 1245 2073 civis
1279 2031 1524 2077 Romanus)
1590 2032 1778 2085 Propius
1815 2031 1869 2074 ad
1907 2032 2025 2084 Nep.

1140 2094 1279 2142 Lucil.
1312 2095 1387 2136 lib.
1419 2106 1498 2136 xv.
1535 2094 1548 2117 ‘
1570 2093 1768 2140 Iudicem
1798 2095 2029 2148 apposuit!

1142 2157 1291 2202 Attius
1327 2158 1473 2208 Ioue3-
1504 2158 1516 2179 ‘
1538 2157 1774 2199 Custodem
1811 2157 2026 2199 assiduum

1140 2220 1236 2262 Ioni
1255 2221 1457 2275 apposuit
1476 2220 1675 2274 Virgini?
1713 2221 1894 2263 Tacitus
1911 2221 2027 2263 Ann.

1140 2285 1214 2328 lib.
1232 2298 1296 2329 ιν.
1317 2290 1383 2332 60.
1403 2287 1416 2310 ‘
1437 2286 1524 2329 Sed
1544 2285 1762 2329 interdum
1784 2297 1911 2327 voees
1926 2297 2028 2338 pro-

1140 2350 1355 2394 cedebant
1376 2356 1656 2393 contumaces
1684 2355 1731 2392 et
1763 2349 2031 2402 inconsultae,

1141 2425 1247 2468 quas
1265 2413 1453 2473 adpositi
1470 2413 1671 2456 custodes
1690 2419 1899 2466 exceptas
1927 2425 2027 2455 auc-

1140 2483 1290 2531 tasque
1329 2490 1424 2520 cum
1469 2476 1719 2523 deferrent!
1794 2477 1939 2519 Caesar
1970 2478 2025 2518 de

1140 2542 1252 2586 Bell.
1279 2541 1395 2586 Gan.
1418 2554 1452 2585 1.
1472 2546 1541 2585 20.
1570 2543 1583 2565 ‘
1603 2542 1857 2594 Dumnorigi
1886 2547 2027 2582 custo-

1141 2605 1218 2647 des
1251 2606 1391 2659 ponit,
1424 2611 1474 2648 ut
1496 2617 1592 2660 quae
1620 2611 1738 2658 agat,
1769 2605 2026 2659 quibuscum

1141 2670 1359 2722 loquatur,
1388 2670 1499 2715 scire
1532 2669 1723 2725 posset),
1750 2669 1889 2711 Tacit.
1913 2668 2026 2711 Anu.

1140 2732 1214 2774 lib.
1234 2744 1287 2774 11.
1303 2737 1371 2774 68.
1399 2733 1411 2756 ‘
1432 2734 1651 2775 Remmius
1672 2739 1881 2777 evocatus
1893 2732 2026 2785 priori

1141 2795 1348 2838 custodias
1367 2796 1618 2849 adpositus?
1646 2797 1878 2843 Suetonius
1899 2797 2023 2839 Clau·

1140 2859 1239 2900 dio:
1267 2860 1279 2883 ‘
1299 2859 1617 2901 Salutatoribus
1635 2865 1902 2906 scrutatores.
1917 2873 2027 2904 sem·

1140 2936 1220 2977 per
1247 2925 1464 2978 apposuit,
1479 2930 1527 2967 et
1557 2925 1731 2979 quidem
1760 2925 1956 2967 omuibus
1979 2932 2026 2966 et

1140 2988 1463 3031 acerbissimos.’
1528 2987 1629 3031 Alia
1659 2989 1873 3043 elegantia
1907 2990 2024 3032 idem

1137 3051 1276 3093 Tacit.
1301 3051 1330 3093 l.
1354 3063 1420 3094 vr.
1440 3055 1507 3095 19.
1538 3052 1550 3074 ‘
1570 3052 1852 3105 circumjecti
1884 3057 2023 3094 custo-

1139 3113 1217 3156 des
1235 3120 1287 3159 et
1301 3115 1344 3157 in
1363 3125 1589 3157 moerorem
1606 3116 1816 3168 cujusque
1834 3114 2023 3158 intenti!

1142 3176 1342 3219 Gebhard.

1192 3242 1229 3284 A
1259 3242 1431 3294 pristino
1452 3242 1562 3283 victu
1596 3240 1861 3294 deducerent}
1878 3240 1969 3283 Pro
1998 3255 2024 3284 a

1138 3304 1324 3356 pristino
1365 3304 1467 3345 vitae
1514 3316 1674 3356 genere
1724 3305 2023 3362 corruptisque

1139 3367 1328 3409 moribus
1375 3373 1657 3411 revocarent:
1711 3380 1807 3411 rare
1843 3369 2022 3412 dictum.

1139 3430 1292 3472 Schoet.
