2326 3944
631 272 634 275 .
711 236 793 276 vt.
854 211 1444 286 ursanunuM,.oAP.
1481 217 1534 273 1.

208 361 319 414 λόγῳ
339 360 461 414 dicit,
484 356 746 412 negligentia
772 356 1089 409 Imperatorum

203 428 290 469 hoe
300 427 596 478 evenisse,non
609 421 874 464 immodestia
884 420 1064 462 militum
1076 435 1087 461 :

206 492 328 532 τοῦτο
346 489 390 530 δὲ
414 489 479 531 καὶ
503 489 545 528 ἐν
563 484 682 538 Αἰγὸς
708 486 897 535 ποταμοῖς
925 482 1088 535 ἀμελείᾳ

207 557 289 595 τῶν
325 553 559 606 στρατηγῶν
590 550 663 590 τὰς
707 549 798 591 ναῦς
841 546 1088 600 ἀπολέσασᾳ.

209 617 438 658 Lusium.

206 712 213 718 .
265 680 380 727 Quod
413 679 519 720 dicto
553 677 754 719 audientes
784 674 1090 727 Imperator-ibus

207 744 289 784 suis
317 755 394 783 non
421 742 554 794 erant]
583 741 801 794 Frequens
831 738 939 779 illud
972 738 1089 790 apud

210 807 468 847 Cornelium.
539 805 610 845 Ita
645 802 837 856 loquitur
873 803 1087 855 purissimi

207 871 292 911 oris
322 870 503 921 scriptor
531 868 754 908 Cornelius
773 871 819 907 et
838 865 1085 917 Iphicrate:

206 935 296 975 ‘Ut
317 933 444 973 nullae
465 944 649 985 uuquam
673 932 716 970 in
750 929 925 971 Graecia
949 940 1087 982 neque

209 996 534 1038 exercitatiores
580 995 733 1046 copiae,
779 1004 918 1046 neque
955 992 1088 1044 magis

208 1059 329 1102 dicto
362 1059 584 1100 audientes
626 1057 786 1098 fuerint
830 1055 959 1096 duci.'
1029 1057 1087 1096 Et

202 1121 428 1175 Agesilao,
454 1122 468 1144 ‘
485 1125 604 1161 tanta
635 1118 845 1159 modestia
877 1118 994 1157 dicto
1013 1129 1084 1157 au-

207 1185 331 1226 diens
357 1183 441 1224 fuit
459 1183 590 1236 jussis
605 1182 843 1223 absentium
869 1181 1085 1232 magistra-

209 1246 373 1293 tuum),
411 1247 555 1288 Quare
586 1244 895 1285 emendandum
932 1255 1086 1285 censeo

209 1310 392 1360 Datame
407 1322 419 1358 ;
451 1308 580 1360 Thyna
597 1308 686 1358 regi
710 1308 815 1348 dicto
833 1307 996 1347 audiens
1011 1320 1087 1348 mm

205 1376 308 1413 erat.
362 1372 508 1417 Caesar
526 1371 580 1412 de
603 1371 714 1411 Bell.
736 1370 851 1410 Gall.
870 1371 944 1411 lib.
965 1382 997 1412 1.
1018 1375 1087 1413 40.

202 1435 575 1487 §Quibuscunque
612 1434 826 1475 exercitus
860 1434 978 1475 dicto
1014 1447 1086 1475 au-

200 1498 330 1549 -diens
342 1509 428 1538 non
443 1496 602 1538 fuerit.'
641 1496 808 1537 Auctor
825 1496 880 1536 de
897 1497 1016 1537 Viris
1036 1497 1087 1536 il·

205 1563 330 1605 lustr.
351 1576 448 1616 cap.
462 1566 502 1604 7.
529 1565 541 1586 ‘
555 1563 715 1603 Petere
736 1566 784 1601 ut
798 1561 971 1601 interim
985 1561 1086 1601 dum

206 1626 474 1669 conv'alesoit
506 1624 658 1666 Servio
695 1624 817 1666 Tullo
854 1623 971 1664 dicto
1010 1637 1084 1664 au-

203 1687 553 1731 dientes-essent?
581 1686 724 1728 Plaut.
739 1686 954 1738 Amphitr.
967 1688 981 1708 ⁸
991 1687 1085 1739 Ego

203 1762 297 1792 sum
327 1751 430 1794 Jovi
458 1750 577 1791 dicto
607 1749 815 1799 audiens3
846 1750 937 1802 eJus
962 1750 1086 1801 jussu

204 1825 317 1855 nunc
334 1814 419 1854 huc
450 1825 518 1854 me
549 1811 710 1853 affero!
765 1812 918 1852 Cicero
935 1811 989 1853 de
1007 1812 1086 1853 Di-

204 1878 339 1919 vinat.
368 1877 499 1918 ‘-Istae
526 1876 731 1928 imagines
749 1876 810 1916 ita
827 1875 951 1916 nobis
968 1875 1085 1917 dicto

204 1940 428 1982 audientes
450 1945 580 1991 sunt,
613 1945 663 1980 ut
698 1939 953 1992 simulatque
978 1940 1084 1980 veli-

205 2015 314 2056 mus,
329 2001 586 2045 accurrant?
612 2002 721 2043 Cato
738 2001 792 2042 de
811 2014 858 2042 re
877 2002 1082 2044 Rustica:

204 2068 219 2091 ‘
235 2065 406 2108 Eadem
430 2066 496 2106 uti
526 2069 648 2106 curet
675 2063 893 2116 faciatque
918 2069 1084 2116 moneo,

194 2128 475 2181 'Dominoque
489 2128 605 2168 dicto
623 2127 798 2168 audiens
814 2126 900 2166 sit!
946 2128 1084 2168 Varro

204 2191 260 2232 de
288 2203 337 2232 re
367 2191 559 2242 Rustica,
575 2202 609 2230 1.
630 2193 696 2231 17.
733 2188 950 2229 ’Ἐειοίἰίιιε
970 2190 1084 2231 enim

204 2254 286 2306 his,
310 2267 437 2308 quam
456 2253 690 2295 minoribus
714 2257 820 2293 natu
839 2252 957 2293 dicto
984 2260 1084 2294 sunt

203 2318 458 2360 audientes.’
487 2317 613 2358 Gebh-

257 2382 566 2434 Imperator-ibus
591 2381 700 2434 suis]
732 2379 949 2421 Alcibiadi
974 2393 1083 2433 prae-

203 2444 345 2498 cipue.
400 2446 514 2486 Nam
542 2457 640 2485 cum
665 2443 982 2490 Lacedaemonii
1001 2445 1084 2496 Ly-

193 2508 422 2561 sandrum,
455 2507 627 2548 nomine
662 2506 834 2560 quidem
861 2507 1082 2558 legatum,

205 2582 360 2612 revera
388 2577 531 2611 autem
556 2570 709 2610 ducem
733 2569 787 2609 ad
807 2569 965 2609 bellum
985 2581 1083 2609 con·

204 2640 274 2678 tra
291 2636 579 2676 Athenienses
592 2632 823 2686 gerendum
837 2633 1081 2682 mitterent:

203 2699 332 2752 idque
357 2705 448 2739 tum
479 2698 653 2750 reliquis
689 2696 830 2747 sociis,
866 2701 956 2736 tum
986 2696 1082 2748 ipso

205 2772 375 2814 quoque
421 2760 550 2812 Cyro,
595 2759 937 2812 postulantibus;
991 2760 1082 2798 acri

200 2824 318 2865 'enim
337 2828 382 2863 et
400 2823 595 2875 vigilanti
615 2822 726 2862 duce
749 2834 855 2873 opus
872 2827 966 2861 erat
985 2828 1083 2873 post

204 2885 371 2926 cladem
402 2898 427 2924 a
458 2883 735 2925 Callicratida
767 2883 821 2923 ad
845 2882 1082 2936 Arginusas

196 2956 427 3002 >acceptam
444 2962 457 2999 ς
485 2949 693 3005 ipsecum
711 2948 845 3001 copiis
862 2947 1080 3001 profectus

203 3012 330 3053 nrbes
362 3012 526 3064 aliquot
569 3009 685 3051 Asiae
731 3011 775 3050 in
823 3016 1080 3063 potestatem

204 3087 324 3116 suam
354 3075 550 3126 redegit:
594 3073 812 3126 pugnandi
845 3080 988 3115 tamen
1020 3075 1080 3115 fa-

202 3140 405 3180 cultatem
425 3138 605 3178 ducibus
634 3137 966 3178 Atheniensibus
996 3150 1081 3179 non

199 3201 320 3243 fecit.
375 3201 513 3243 Quam
546 3201 639 3252 ejus
670 3201 951 3241 calliditatem
983 3215 1081 3243 cum

201 3265 295 3318 pari
313 3263 520 3316 praeditus
537 3263 706 3315 ingenio
719 3264 1082 3306 animadverteret

203 3327 466 3378 Alcibiades,
479 3338 654 3378 operam
669 3339 786 3367 suam
802 3334 847 3368 et
858 3330 1080 3369 consilium

202 3388 427 3441 offerrent,
444 3402 470 3430 a
495 3390 675 3430 ducibus
702 3389 860 3432 Atticis
888 3404 973 3433 non
991 3393 1081 3433 sine

308 3456 452 3510 Delph.
472 3460 512 3497 et
530 3456 624 3499 ναν.
644 3456 753 3498 ctae.

1062 3458 1167 3511 Nep.

1918 216 2025 272 481

1150 354 1412 395 contumelia
1451 350 1711 405 repellitur..
1762 350 1895 403 Cujus
1935 350 2027 392 sive

1150 417 1380 469 superbiae,
1414 415 1506 456 sive
1541 413 1842 467 imprudentiae
1874 414 2027 466 graves

1149 492 1250 520 mox
1269 492 1416 531 poenas
1441 479 1670 528 dederuut,
1687 476 1850 518 artibus
1866 476 2030 528 Lysan-

1151 543 1217 582 dri
1235 542 1529 593 circumvcnti,
1546 547 1592 582 et
1605 540 1798 594 oppressi
1813 539 1869 580 ad
1879 540 2029 593 AE'gos-

1149 611 1346 658 potamos
1365 604 1631 645 Chersonesi.
1658 603 1796 643 Periit
1815 609 1904 643 tum
1920 615 2029 656 prae-

1150 674 1219 710 ter
1253 669 1491 709 exercitum
1520 666 1846 708 Atheniensium
1880 667 2027 709 classis

1151 731 1326 772 eorund.
1350 729 1680 771 instructissima
1711 740 1879 771 cmxxx.
1910 730 2028 772 navi-

1150 807 1234 836 um.
1289 795 1435 848 Atque
1478 794 1560 834 hac
1604 793 1765 833 ratione
1808 794 2029 844 Lysander

1149 859 1371 900 victoriam
1391 862 1645 898 consecutus
1661 860 1741 897 est.
1788 855 1915 899 Quod
1931 868 2025 897 cer-

1150 927 1195 962 te
1226 922 1443 973 Nepotem
1474 930 1560 961 non
1590 919 1735 971 latuit,
1752 918 1816 959 uti
1835 930 1889 959 ex
1907 917 2027 960 Alci-

1147 985 1285 1026 biadis
1304 985 1408 1036 vita,
1426 997 1522 1038 quae
1541 983 1754 1038 sequitur,
1769 989 1910 1036 paret,
1928 996 2028 1037 cap.

1147 1051 1188 1089 8.
1215 1048 1327 1088 Vide
1345 1047 1400 1088 de
1428 1048 1509 1088 hac
1538 1059 1586 1088 re
1617 1047 1818 1100 urbisque
1847 1047 2030 1088 interitu

1148 1112 1271 1163 plura
1286 1111 1400 1163 apud
1419 1110 1660 1152 Histoi-icus
1674 1123 1700 1151 a
1714 1110 1798 1151 Du.
1815 1111 2028 1153 Boeclero

1148 1175 1330 1214 citatos:
1360 1174 1513 1227 quibus
1532 1173 1644 1215 adde
1662 1173 1914 1215 Orationem
1931 1175 2028 1216 Ceo-

1148 1238 1252 1279 saris
1278 1237 1393 1290 apud
1407 1237 1655 1278 Sallustium
1674 1237 1729 1278 de
1746 1237 1859 1278 bello
1878 1237 2029 1280 Catili·

1147 1302 1266 1342 nario
1294 1314 1396 1355 pag.
1418 1305 1510 1342 151.
1538 1301 1690 1342 Senec.
1718 1300 1794 1340 lib.
1822 1301 2031 1342 De'tran-

1147 1365 1270 1417 quin.
1287 1364 1416 1404 animi
1440 1361 1538 1416 cap.
1557 1367 1596 1404 3.
1613 1369 1668 1404 et
1685 1363 1825 1415 Epist.
1845 1367 1938 1405 104.
1957 1366 2028 1406 Ci-

1149 1441 1235 1470 cer.
1263 1433 1302 1470 8.
1323 1430 1378 1469 ad
1398 1429 1536 1470 Attio.
1562 1429 1783 1470 Valerium
1811 1429 1932 1470 Max.
1953 1430 2027 1473 lib.

1149 1503 1222 1533 ιιι.
1241 1497 1281 1534 2.
1311 1494 1471 1534 Ernst.»

1203 1557 1410 1608 Dispaluti
1451 1556 1495 1596 in
1538 1555 1667 1608 agris]
1723 1556 1839 1608 Lege
1882 1556 2027 1597 Xeno-

1147 1619 1352 1672 phontem
1388 1632 1441 1661 n.
1474 1619 1589 1661 Ἑλλ.
1625 1620 1843 1662 Justinum
1878 1620 1954 1661 lib.
1982 1628 2027 1662 v.

1148 1684 1311 1725 Omnes
1335 1682 1455 1725 illum
1474 1683 1633 1725 astutia
1650 1683 1784 1735 magis
1798 1684 2028 1737 qnam'vir·

1145 1752 1240 1788 tute
1257 1756 1482 1799 superasse
1497 1745 1703 1787 scribunt.
1722 1746 1889 1798 Longol.
1915 1745 1931 1770 ‘
1941 1746 2027 1788 Pa·

1145 1810 1305 1852 lantes'
1338 1810 1485 1851 Caesar
1504 1808 1632 1860 dixit,
1658 1809 1831 1860 Cicero,
1862 1814 1908 1850 et
1937 1809 2026 1851 alii.

1144 1875 1296 1917 Schott.
1371 1873 1524 1916 Facilis
1552 1872 1607 1913 de
1638 1873 1775 1925 vagis,
1805 1872 2026 1925 dispersis,

1145 1943 1277 1991 atque
1290 1936 1581 1989 incompositis
1591 1936 1782 1976 victoria.
1802 1936 2026 1977 Plutarch.

1145 2000 1325 2042 ναυτικὸν
1351 2000 1446 2039 ὅταν
1476 1998 1539 2039 ἐπὶ
1555 2000 1627 2046 τῆς
1644 1999 1720 2049 ’γῆς
1742 1996 1905 2049 ’γένηται
1922 2005 2024 2039 πλα-

1146 2064 1326 2116 νώμενον,
1343 2063 1431 2104 ὅποι
1447 2078 1509 2104 τις
1533 2061 1653 2115 θέλει,
1671 2060 1737 2103 καὶ
1759 2062 2024 2115 διαπειρόμε-

1145 2142 1223 2168 νον.
1277 2128 1421 2168 Tacit.
1447 2126 1560 2167 Ann.
1589 2126 1663 2167 lib.
1686 2138 1747 2166 ιν.
1768 2129 1834 2167 48.
1861 2126 2025 2167 ‘Thra-

1144 2203 1240 2232 cum
1258 2190 1417 2231 auxilia
1435 2189 1657 2241 repentino
1673 2201 1881 2230 concursu
1900 2189 2024 2230 terri-

1145 2259 1206 2305 ta,
1221 2266 1317 2294 cum
1329 2265 1428 2305 pars
1441 2251 1744 2295 munitionibus
1760 2252 2025 2305 adjacerent,

1143 2317 1289 2368 plures
1307 2321 1431 2356 extra
1450 2316 1714 2368 palarentur,
1741 2319 1860 2356 tanto
1889 2314 2027 2356 infen-

1145 2380 1230 2418 sius
1251 2378 1381 2419 caesi.’
1438 2378 1556 2419 Hist.
1577 2390 1642 2419 1v.
1661 2381 1728 2418 85.
1755 2378 1768 2400 ‘
1785 2378 1934 2419 Civilis
1949 2377 2025 2420 ubi

1144 2455 1310 2483 rursum
1328 2443 1476 2483 missos
1497 2442 1727 2483 Novesium
1746 2442 2028 2484 frumentato-

1144 2518 1212 2546 res
1242 2506 1450 2559 datasque
1478 2506 1522 2545 in
1548 2505 1793 2557 praesidium
1824 2505 2023 2546 cohortes

1144 2571 1262 2611 velut
1275 2571 1410 2610 multa
1424 2581 1532 2622 pace
1546 2569 1738 2621 accepit,
1752 2581 1892 2610 rarum
1907 2570 2022 2622 apud

1143 2635 1265 2687 signa
1310 2634 1503 2685 militem,
1549 2645 1666 2673 arma
1711 2633 1754 2672 in
1802 2634 2026 2687 vehiculis,

1143 2702 1323 2738 cunctos
1342 2697 1517 2738 licentia
1533 2709 1664 2749 vagos
1684 2697 1945 2748 compositus
1959 2697 2023 2736 in-

1144 2760 1290 2801 vadit-¹
1347 2761 1416 2800 De
1450 2760 1529 2798 hoc
1560 2771 1661 2798 casu
1698 2758 1794 2798 vide
1830 2759 2024 2801 Frontin-

1142 2823 1218 2862 lib.
1251 2833 1303 2862 11.
1332 2826 1370 2862 1.
1404 2825 1471 2862 18.
1499 2821 1705 2873 Dispalari
1731 2821 1908 2862 verbum
1937 2833 2023 2862 non

1144 2886 1371 2925 admodum
1410 2884 1626 2938 frequens.
1682 2885 1856 2925 Sallust.
1893 2885 2021 2937 epist.

1145 2960 1198 2989 11.
1236 2949 1288 2988 ad
1335 2949 1383 2989 C.
1427 2949 1664 2989 Caesarem:
1713 2947 1848 2988 ‘Haec
1889 2948 2022 3001 igitur

1142 3011 1371 3052 multitudo
1388 3012 1570 3064 primum
1600 3012 1722 3051 malis
1741 3011 1928 3052 moribus
1946 3012 2024 3052 im·

1142 3074 1263 3125 buta,
1283 3074 1438 3115 deinde
1458 3076 1501 3115 in
1522 3082 1635 3115 artes
1665 3076 1860 3127 vitasque
1880 3074 2020 3115 varias

1142 3137 1371 3188 dispalata,
1405 3139 1522 3178 nullo
1556 3138 1682 3178 modo
1713 3138 1827 3177 inter
1854 3149 1901 3176 se
1921 3147 2021 3177 con·

1143 3204 1323 3253 gruensss
1351 3201 1549 3241 Gebhard.

1196 3266 1365 3305 Relictis
1382 3264 1562 3315 navibus]
1591 3265 1689 3305 Quo
1706 3263 1881 3315 respicit
1898 3270 2020 3306 num-

1142 3339 1234 3367 mus
1255 3340 1386 3374 meus,
1417 3328 1459 3367 in
1486 3328 1606 3378 cujus
1633 3327 1775 3367 antica
1793 3325 1919 3379 parte
1949 3339 2020 3368 ca·

1142 3396 1223 3443 put
1240 3389 1449 3443 Lysandri
1463 3402 1561 3431 cum
1571 3389 1700 3431 inser.
1724 3383 2022 3432 amaror
