2306 3900
262 234 426 287 lxviii

320 367 362 406 in
391 374 553 418 utraque
571 366 726 405 fortuna
742 366 827 418 pari
854 364 963 406 stetit
993 365 1148 418 fastigio

317 420 426 474 (pari
444 420 562 458 modo
581 433 622 460 se
657 419 790 472 gessit,
811 431 901 458 cum
933 419 1150 459 sestertium

317 474 451 520 vicies,
464 479 596 526 atque,
613 487 702 514 curn
713 473 860 513 centies
867 472 1048 525 haberet)
1063 486 1150 519 xxv,

319 530 372 567 14
411 527 567 566 fortuna
595 540 674 566 non
695 526 873 566 metimur
902 539 1063 578 magnos
1081 527 1151 565 lio-

319 580 458 626 mines,
480 581 548 620 sed
565 581 706 620 virtute
726 581 775 633 (i.
795 595 830 625 e.
851 593 925 619 nec
945 581 995 619 ob
1014 593 1152 626 secun-

321 634 412 672 dam
429 647 604 686 magnos,
622 646 696 674 nee
715 636 768 674 ob
782 634 982 673 adversam
1002 634 1153 672 viliores

321 688 548 741 censemus)
576 688 683 736 xviii,
717 691 740 728 1
781 685 866 739 pari
892 687 1047 727 fortuna
1066 700 1152 739 per-

321 740 420 780 culsi
445 755 537 788 xxV,
553 745 604 782 11
652 742 846 780 fortunam
866 739 1030 781 Graeciae
1047 753 1154 780 com-

318 794 524 834 miseratus
541 801 602 835 est
627 795 721 842 xvii,
738 799 762 835 5
803 793 970 834 alienam
989 794 1154 846 opulen-

316 848 418 886 *tium
436 849 630 888 fortunam
644 861 835 901 pauperes
854 847 989 899 iniquo
1023 847 1153 887 animo

320 900 522 941 intuentur
548 903 617 949 xii,
635 904 658 942 3
706 915 784 955 qua
801 901 958 951 fortuna
975 915 1056 940 non
1073 908 1156 942 erat

322 961 532 994 contentus
571 955 639 1002 vii,
676 959 705 996 9
760 968 840 995 non
868 955 1050 1000 fortunae,
1085 956 1155 995 sed

320 1007 544 1048 horninibus
556 1009 726 1048 amicum
752 1021 838 1054 ¹esse
866 1014 999 1055 xxv,9
1038 1008 1156 1062 hujus

323 1062 357 1100 si
374 1062 507 1101 virtuti
538 1076 607 1115 par
633 1063 728 1101 data
745 1068 849 1102 esset
865 1063 1019 1101 fortuna
1048 1062 1156 1108 xviii,

325 1119 348 1156 1
397 1116 591 1155 fortunam
627 1116 775 1154 nullam
823 1115 1044 1168 sejunctam
1083 1115 1158 1155 sibi

322 1179 408 1208 esse
422 1171 472 1208 ab
502 1183 554 1213 eo*
577 1169 734 1209 volebat
761 1183 850 1216 xxv,
869 1173 919 1210 10
963 1170 1157 1209 fortunam

323 1235 433 1262 suam
451 1214 798 1276 occulere'(statui
829 1237 899 1262 suo
929 1218 1158 1263 etcelebri-

323 1277 397 1315 tati
426 1277 591 1316 latebras
617 1290 787 1329 quaerere
820 1283 902 1324 tum
936 1278 1050 1317 farnae
1075 1285 1159 1316 tum

324 1331 564 1383 securitatis)
594 1329 662 1378 vii,
687 1335 715 1372 9
766 1331 922 1371 fortuna
954 1331 1160 1370 humiliore

324 1384 507 1436 princeps
563 1385 730 1424 civitatis
769 1398 858 1431 xxv,
903 1388 956 1425 19
1025 1384 1159 1436 Reges

325 1449 438 1476 casus
484 1438 666 1476 adversos
706 1436 882 1477 tribuunt
922 1439 1160 1485 hominibus,

323 1491 519 1530 secundos
547 1492 714 1530 fortunae
750 1505 830 1530 suae
857 1492 936 1539 xiv,
973 1497 997 1532 5
1056 1492 1160 1544 (non

326 1545 545 1596 acceperim
588 1545 815 1597 simpliciter
859 1558 930 1597 pro
971 1543 1160 1584 felicitate

327 1611 418 1637 cum
436 1597 656 1648 Lambino3
697 1599 767 1637 sed
786 1611 856 1650 pro
883 1598 1060 1651 auspicio
1078 1612 1161 1637 ma-

320 1650 478 1714 jestatis
494 1649 637 1703 regiae3
665 1664 744 1702 quo
764 1664 878 1691 sensu
891 1651 1052 1691 Tacitus
1076 1650 1163 1690 dix-

325 1709 382 1743 it':
413 1709 426 1727 ‘
442 1704 626 1756 pleraque
656 1703 839 1755 auspiciis
862 1705 1090 1757 Principum
1117 1718 1164 1745 ac

326 1757 513 1804 consiliis,
542 1770 659 1809 quam
681 1758 768 1796 telis
785 1764 826 1797 et
855 1759 1033 1797 manibus
1068 1759 1164 1810 geri,

327 1823 407 1864 quo
435 1811 606 1863 pertinet
633 1812 789 1851 fortuna
805 1811 981 1863 Imperii,
1009 1812 1166 1851 fortuna

328 1877 427 1918 pop.
453 1864 572 1904 Rom.
600 1865 724 1904 fatum
743 1865 859 1904 urbis'
877 1865 952 1905 &c.
979 1879 1017 1904 v·
1049 1868 1100 1906 de
1124 1879 1165 1905 re

326 1918 415 1970 ipsa
435 1918 592 1959 Gruteri
606 1919 767 1959 discurs.
785 1919 836 1958 ad
854 1919 949 1959 Tac.
969 1923 1007 1959 1.
1026 1919 1164 1964 Boecl.

329 1972 423 2011 add.
437 1971 588 2012 dissert.
603 1972 688 2025 ejus
706 1972 757 2013 de
775 1985 887 2026 ausp.
905 1971 1031 2026 Reg.)
1095 1969 1098 1972 ’

275 2024 459 2067 Fortunae
479 2025 601 2080 (plur.
633 2040 702 2079 pro
722 2026 877 2079 opibus,
896 2026 1164 2073 facultatibus,

328 2078 490 2134 bonis):
531 2080 706 2123 fortunas
751 2094 839 2122 suas
868 2081 962 2121 fidei
997 2079 1174 2143 alicujus«

331 2134 488 2173 credere
515 2133 624 2181 xxiii,
644 2138 671 2175 9
1095 2168 1098 2170 ,

275 2185 445 2228 Forum:
475 2188 517 2226 in
536 2187 620 2227 foro
638 2201 722 2227 esse
741 2187 862 2240 coepit
889 2188 994 2235 xxiv,
1020 2192 1042 2228 1
1073 2186 1167 2242 (sori

333 2241 471 2280 studiis
491 2247 532 2280 et
549 2241 674 2282 civilis
692 2247 803 2281 actus
821 2241 1051 2280 rudimentis
1069 2255 1167 2296 ope-

329 2306 413 2332 ram
450 2295 556 2334 dare.
611 2295 833 2335 Utebantur
864 2295 968 2333 enirn
997 2294 1168 2333 Romani

312 2347 417 2396 *foro
454 2353 638 2398 tanquam
680 2347 814 2386 schola
845 2348 1018 2388 omnium
1062 2348 1168 2399 pacis

333 2400 488 2446 artium,
531 2399 776 2451 civitatisque
819 2400 1063 2454 disciplinam
1114 2399 1169 2438 ibi

333 2452 484 2493 discere
511 2459 554 2492 et
581 2457 744 2493 tractare
771 2453 885 2491 moris
917 2459 1011 2492 erat.
1064 2452 1169 2504 Ergo

330 2505 492 2546 Tacitus
531 2505 627 2558 Agr.
659 2510 727 2552 39,
757 2509 781 2546 3
833 2506 992 2549 ‘studia
1025 2505 1098 2545 fori
1131 2512 1172 2545 et

334 2559 504 2599 civilium
525 2561 664 2600 artium
684 2558 818 2600 decus’
837 2558 1058 2613 conjungit,
1076 2565 1088 2582 ‘
1102 2560 1172 2598 rni-

333 2613 514 2666 litarique
540 2613 682 2666 gloriae'
709 2613 890 2665 opponit.
932 2613 1091 2666 Boecl.)
1120 2614 1171 2653 de

333 2667 419 2707 foro
451 2668 642 2708 decedere
660 2682 750 2714 xxv,
770 2670 821 2707 10
842 2667 1021 2719 (publico
1053 2667 1171 2706 absti-

333 2734 442 2767 nere,
469 2721 595 2761 civilis
620 2728 730 2761 actus
757 2721 883 2760 lucem
912 2722 1060 2760 latendi
1079 2734 1171 2760 cau-

335 2788 379 2814 sa
416 2775 626 2814 declinare.
672 2774 810 2815 Boecl.
856 2774 1019 2827 Oppon.
1064 2774 1171 2827 apud

333 2828 494 2869 Terent.
522 2835 564 2869 et
581 2829 719 2869 Senec.
748 2833 760 2851 ‘
775 2829 833 2868 uti
848 2829 957 2868 foro?
999 2842 1038 2868 v.
1054 2828 1171 2868 Thes.

333 2881 515 2935 Buchn.)

280 2935 460 2979 Forensis
479 2949 618 2989 opera:
647 2949 684 2975 v.
714 2935 847 2988 Opera

282 2990 477 3042 Frangere
497 3003 507 3028 z
537 2989 764 3043 Corcyraeos
782 2989 897 3041 fregit
915 2989 1041 3041 (bello
1061 2990 1170 3029 debi-

337 3041 481 3090 litavit,
509 3043 604 3084 vicit
633 3050 675 3082 et
691 3043 802 3083 vietis
834 3044 1051 3095 superbiam
1078 3044 1171 3083 ade-

335 3096 430 3149 mit)
476 3097 518 3145 ii,
548 3100 575 3139 2
634 3095 726 3136 Sic:
772 3097 932 3136 Thasios
970 3097 1172 3149 opulentia

337 3150 455 3189 fretos
490 3151 562 3191 sub
596 3151 766 3190 adventu
797 3151 912 3203 fregit
955 3166 993 3198 v,
1017 3155 1044 3192 2
1090 3165 1171 3190 non

339 3204 453 3254 fregit
485 3218 574 3244 eum
600 3204 834 3244 contumelia
861 3205 933 3257 (de
952 3204 1172 3258 abjectione

339 3257 479 3308 animi)
508 3259 549 3304 ii,
571 3262 591 3298 l
624 3258 739 3311 (opp.
758 3258 894 3305 erexit,
923 3258 1042 3311 ibid.)
1078 3259 1169 3299 Sic:

341 3309 416 3347 etsi
434 3323 491 3348 res
504 3312 622 3350 exiles
641 3313 759 3351 animi
773 3313 1080 3364 magnitudinem
1093 3327 1173 3353 non

342 3362 587 3413 frangebant,
615 3371 745 3405 tamen
765 3367 991 3406 minuebant
1019 3367 1124 3415 xvii-i,
1146 3362 1170 3408 5

341 3415 478 3472 frangi·
498 3431 588 3456 cura
630 3432 755 3459 rerum
788 3423 1027 3472 quarundam
1061 3422 1174 3474 (augi

342 3469 589 3513 vehementer
618 3471 692 3512 διο.
721 3474 770 3513 de
790 3475 1015 3529 aegritudine
1033 3475 1174 3528 animi)

1073 242 1277 283 INDEX

1269 378 1309 412 x,
1327 367 1352 406 7
1372 364 1484 418 (Sicz
1513 370 1524 387 ‘
1545 377 1636 404 casu
1656 363 1850 416 alicujus,’
1867 362 1977 406 sust,
1993 362 2099 416 Aug.

1216 417 1625 525 Ὲτὲἲτὲῐηδόᾆηῃηωη
1651 470 1961 511 interficiendum
1993 481 2101 510 cura-

1268 526 1326 565 vit
1373 539 1428 566 sc.
1454 525 1641 566 libertatis
1669 525 1838 578 publicae
1856 523 2101 565 vindicandae

1270 593 1361 632 ergo
1412 593 1476 626 xx,
1496 583 1518 620 1

1216 633 1421 673 Fraternus
1439 633 1596 685 sanguis
1624 646 1693 679 xx,
1708 637 1729 672 1

1215 686 1465 728 Fratricidam
1501 700 1591 726 eum
1631 687 1872 739 impiumque
1906 683 2105 729 detestan-

1273 740 1525 793 compellavit
1551 753 1616 786 xx,
1636 744 1666 780 1.
1719 783 1723 786 ι

1217 793 1364 833 Fraus:
1393 795 1444 833 ad
1464 794 1639 832 fraudem
1658 797 1795 831 acutus
1822 805 1862 837 x,
1880 794 1907 830 8

1218 847 1404 899 Fregellae
1419 847 1526 893 xxiii,
1545 850 1569 886 7
1591 845 1716 898 (Latii
1732 845 1924 896 oppidum
1943 843 2105 889 clarum,

1273 914 1298 940 a
1317 901 1362 940 L.
1376 900 1536 952 Opimio
1553 899 1725 939 excisum
1743 911 1846 941 anno
1862 900 1960 938 630.
1985 897 2039 938 ab
2051 895 2106 936 U.

1275 955 1322 994 C.
1350 959 1396 994 ut
1413 954 1546 994 Livius
1563 954 1693 992 refert.
1720 952 1801 991 vid.
1831 950 1989 992 Cluver.
2014 948 2107 990 Ital.

1274 1008 1331 1055 iii,
1350 1012 1376 1048 s
2080 1033 2082 1035 ι

1221 1007 1458 1115 Frequerites
1492 1060 1613 1100 delati
1644 1060 1813 1098 honores
1857 1058 1938 1105 xix,
1964 1060 1989 1098 1
2027 1054 2109 1097 esre·

1274 1116 1454 1168 quentior
1473 1113 1710 1154 familiaritas
1728 1114 1798 1166 (de
1809 1111 2110 1158 crebriorecon·

1275 1169 1383 1209 victu
1419 1182 1570 1221 usuque
1598 1167 1696 1220 διε.)
1725 1180 1816 1213 xxv,
1835 1169 1888 1207 19
1926 1165 2111 1217 frequen-

1277 1224 1446 1264 tissimus
1464 1245 1472 1257 ›
1485 1228 1704 1262 conventus
1750 1219 1990 1272 legationum
2037 1217 2111 1271 (de

1277 1291 1418 1330 magno
1437 1289 1623 1317 consessu
1641 1288 1688 1314 ac
1705 1272 1888 1325 numero)
1915 1286 1980 1321 xv,
1996 1275 2026 1312 6

1222 1331 1458 1384 Frequentia
1486 1329 1594 1383 vulgi
1630 1328 1796 1368 maxima
1828 1327 1902 1380 (de
1939 1324 2113 1367 comitat-

1276 1386 1361 1425 fun.
1381 1384 1486 1438 scil.)
1505 1398 1595 1430 xxv,
1607 1387 1660 1423 22
1684 1382 1769 1435 (Ita
1787 1381 1829 1430 in
1842 1386 1920 1420 vet.
1938 1379 2112 1431 inscript.

1278 1439 1431 1478 ‘elatus
1466 1443 1527 1478 est
1562 1437 1638 1476 &c.
1665 1435 1886 1487 frequentia
1912 1432 2113 1480 *maxirnass

1277 1493 1386 1543 apud
1404 1491 1580 1532 Kirchm.
1597 1491 1649 1529 de
1665 1491 1793 1528 funer.
1825 1488 1870 1535 ii,
1887 1486 1937 1540 2)
2085 1504 2089 1508 ’

1225 1545 1361 1586 Fretus
1396 1558 1476 1584 non
1501 1551 1582 1584 tam
1614 1543 1694 1583 suis
1722 1541 1848 1595 copiis
1879 1553 1996 1594 quarn
2020 1539 2114 1580 odio

1280 1599 1439 1652 tyranni
1478 1595 1694 1650 (confisus)
1754 1609 1796 1643 x,
1821 1600 1847 1635 5
1895 1595 1984 1634 freti
2015 1607 2113 1646 opu-

1279 1652 1401 1692 lentia
1426 1650 1565 1703 (elati)
1592 1663 1632 1696 v,
1651 1653 1678 1690 2
1704 1647 1838 1688 Alibi:
1857 1648 1998 1701 opibus
2022 1647 2116 1688 elati

1280 1706 1310 1752 i,
1328 1709 1353 1747 ⁷
1384 1705 1470 1757 (Sic
1487 1704 1646 1744 Tacitus
1666 1702 1774 1741 Ann.
1797 1701 1853 1749 vi,
1868 1705 1941 1749 31,
1964 1705 1992 1743 2
2023 1706 2036 1725 ‘
2050 1714 2116 1740 su·

1280 1759 1456 1811 perbiam
1473 1759 1516 1797 in
1532 1771 1621 1805 nos,
1639 1756 1826 1796 saevitiam
1847 1755 1891 1796 in
1907 1754 2116 1809 populares

1281 1813 1432 1860 sumsit,
1464 1813 1584 1852 fretus
1619 1809 1748 1858 bellis,
1802 1822 1892 1862 quae
1943 1809 2118 1851 secunda

1283 1868 1488 1906 adversum
1504 1864 1774 1918 circumjectas
1796 1863 1977 1905 nationes
2008 1875 2118 1903 exer·

1282 1920 1427 1960 cuerat’

1229 1974 1321 2015 Frui
1339 1919 1471 2026 aliquio
1485 1971 1729 2025 (conversari
1745 1984 1835 2012 cum
1853 1969 2009 2025 aliquo)
2026 1983 2119 2019 xxv,

1278 2032 1331 2069 20
1363 2041 1459 2080 pace
1477 2026 1631 2066 diutina
1662 2039 1727 2072 xv,
1744 2030 1770 2067 5

1225 2082 1390 2123 Fructus
1424 2081 1479 2120 rei
1510 2079 1708 2120 familiaris
1726 2079 1913 2132 (lucrum,
1944 2089 2120 2119 commo-

1280 2137 1390 2182 dum,
1409 2147 1491 2187 quo
1510 2147 1571 2174 res
1600 2133 1798 2173 familiaris
1814 2131 1948 2185 augeri
1963 2130 2118 2184 potest)

1281 2203 1372 2236 xxv,
1389 2193 1416 2230 6
1443 2189 1590 2228 fructus
1602 2188 1822 2240 (hortorum
1833 2191 1875 2226 et
1886 2185 2120 2238 praediorum

1284 2243 1390 2296 scil.)
1409 2256 1448 2288 v,
1466 2245 1493 2282 4
1521 2242 1688 2282 fructum
1708 2239 1866 2294 pietatis
1882 2241 1980 2280 ferre
1998 2237 2121 2292 (prae-

1283 2297 1403 2335 mium
1423 2295 1522 2347 &c.)
1550 2309 1639 2340 xxv,
1658 2299 1682 2334 6
1723 2295 1892 2334 fructum
1913 2292 2036 2332 oeulis
2054 2305 2119 2332 ca-

1283 2362 1374 2400 pere
1400 2362 1447 2386 ex
1469 2361 1561 2387 casu
1583 2345 1749 2398 alicujus
1767 2345 2089 2398 (delectationem
2108 2359 2118 2383 z

1285 2416 1323 2441 v.
1343 2400 1482 2452 Ocul.)
1509 2400 1616 2445 xviii,
1637 2404 1684 2440 11

1231 2455 1442 2496 Frumento
1478 2453 1642 2493 donavit
1674 2451 1938 2492 Athenienses
1962 2450 2121 2493 Atticus

1286 2521 1376 2554 xxv,
1394 2511 1421 2548 2
1558 2540 1561 2545 ,

1233 2561 1418 2602 Frustrari
1435 2558 1604 2612 seipsum
1624 2557 1815 2611 (nocendi
1830 2557 1984 2610 signif.)
2014 2557 2123 2608 xxiii,

1287 2619 1313 2656 2
1342 2615 1428 2667 (Sic
1445 2626 1550 2665 saepe
1571 2612 1715 2659 Caesar,
1743 2618 1789 2650 ut
1806 2611 1856 2652 B.
1882 2611 1936 2654 G.
1975 2611 2034 2660 iii,
2055 2617 2122 2653 15.

1287 2667 1344 2716 iv,
1382 2672 1447 2709 14.
1475 2667 1526 2707 Β.
1544 2666 1632 2707 Civ.
1658 2666 1702 2714 ii,
1724 2669 1794 2706 32.
1834 2673 1876 2707 et
1905 2665 1988 2715 xlii,
2005 2669 2048 2716 3,
2066 2670 2121 2708 9⁰¹1

1286 2721 1361 2762 διο.
1381 2720 1534 2773 Gebh.)

1234 2776 1383 2829 Fugam
1410 2774 1576 2827 alicujus
1594 2773 1794 2814 sublevare
1811 2771 1886 2826 (de
1902 2775 2066 2828 expulso
2079 2780 2123 2816 et

1287 2832 1399 2869 hoste
1411 2828 1615 2882 judicato)
1633 2840 1724 2873 xxm
1742 2830 1771 2867 2
1801 2826 1895 2879 fuga
1905 2830 2122 2881 periculum

1287 2884 1433 2924 evitare
1476 2882 1558 2930 xirr,
1574 2886 1601 2924 2
1648 2881 1812 2920 salutern
1840 2889 1975 2933 petere
2013 2882 2123 2931 xxiii,

1290 2941 1339 2978 11
1381 2951 1429 2976 ex
1461 2936 1555 2989 fuga
1579 2935 1754 2987 plerique
1771 2934 1814 2973 in
1832 2937 2020 2990 templum
2035 2936 2122 2979 Mi-

1288 3004 1416 3031 nervae
1435 3003 1477 3030 se
1495 2989 1750 3042 conjecerunt
1774 2988 1870 3036 xvii,
1887 2993 1915 3031 4

1234 3045 1384 3096 Fugare
1403 3044 1580 3098 (vincere
1597 3048 1638 3082 et
1655 3040 1812 3094 fugare)
1839 3057 1905 3091 xv,
1922 3047 1949 3084 ⁵
1989 3043 2123 3096 fugare

1288 3098 1448 3139 classem
1458 3098 1539 3144 xiii,
1549 3101 1574 3138 2
1588 3098 1739 3136 hostem
1753 3108 1832 3136 uno
1841 3097 1975 3149 praelio
1983 3098 2090 3145 xxiii,
2097 3101 2124 3140 4

1234 3152 1385 3205 Fugere
1397 3151 1708 3204 procurationem
1722 3150 1819 3202 reip.
1847 3150 2063 3205 (abstinere
2073 3162 2120 3190 ea

1289 3205 1388 3258 ὅτε.)
1434 3218 1523 3252 xxV,
1544 3209 1594 3245 15
1640 3205 1727 3243 haec
1763 3203 2003 3258 Dionysium
2039 3217 2120 3244 non

1287 3260 1492 3312 fugiebant
1507 3259 1624 3312 (satis
1643 3257 1886 3309 intelligebat
1910 3256 2017 3312 haec)
2035 3270 2075 3304 x,
2093 3261 2119 3298 2

1236 3314 1379 3365 Fulget
1410 3314 1560 3353 indoles
1596 3311 1748 3350 virtutis
1782 3310 1826 3351 in
1860 3326 1909 3353 eo
1953 3308 2059 3356 xviii,
2095 3315 2117 3350 l

1291 3369 1455 3421 (elucet,
1485 3365 1784 3419 exsplendescit.
1834 3366 1942 3406 Suet.
1983 3360 2062 3403 Tit.
2093 3368 2118 3405 3

1293 3430 1304 3446 ⁴
1319 3423 1360 3462 in
1388 3434 1507 3473 puero
1541 3421 1671 3459 statim
1712 3419 1880 3471 corporis
1923 3417 2119 3476 animique

1292 3477 1402 3516 dotes
1421 3470 1782 3529 exsplenduerunt')
