2306 3900
0 1543 3 1553 ··
0 1471 6 1502 r*
0 1353 17 1427 μην
0 1227 3 1230 ’
0 1172 12 1175 ι

620 249 728 288 xv.
795 247 1279 302 EPAmmoNDAM,
1319 250 1454 290 cAP.
1494 238 1581 291 10.
1906 238 2013 292 589

182 360 316 416 dicis,
335 369 382 407 et
401 365 732 407 Rhodomannus
744 363 924 406 Diodor.
936 364 1070 405 Siculi

188 428 263 469 lib.
280 439 358 469 xv.
378 435 424 470 et
442 430 597 470 Donat
700 440 884 469 onzanus
903 428 1070 469 notavit

187 503 243 532 ex
268 493 451 534 AEliano.
518 493 702 534 Hastam
721 493 895 533 vocavit
914 492 1069 533 Cicero

187 556 306 596 Fam.
325 557 400 597 lib.
418 569 462 598 v.
481 561 527 597 et
544 556 598 596 de
617 555 793 596 Finibus
812 567 866 597 ιι.
907 557 1069 608 Demp-

186 625 328 660 sterus
349 620 401 660 ad
422 620 625 661 Rosinum
642 619 715 660 lib.
735 630 779 660 x·
799 623 862 660 10.

239 688 376 729 Arnim.
390 692 440 728 st.
457 686 704 738 amissurum]
748 686 995 727 Emissurum
1013 698 1067 726 ex

186 753 293 793 Mss.
312 752 537 793 emendavi
554 766 564 792 :
594 752 655 792 ita
677 756 689 774 ‘
707 749 852 792 efflare
873 749 1068 791 animam’

185 815 294 856 dixit
325 816 366 855 in
398 815 642 855 Pausania:
685 815 698 838 ‘
719 814 919 855 emittere
943 815 1068 867 spiri-

185 877 309 929 tum,'
337 878 546 919 Marcian.
577 879 621 918 in
654 879 749 922 libr.
783 890 919 919 xvur.
955 880 993 931 ς.
1025 880 1067 920 in

184 942 334 994 quibus,
349 943 397 982 de
409 943 491 982 reb.
510 942 653 993 dubiis,
666 948 712 983 et
730 952 812 983 non
829 945 961 983 semel
982 944 1069 983 Da-

185 1017 326 1046 masus
361 1005 415 1045 de
445 1005 533 1045 vita
563 1003 841 1046 Pontificum.
906 1006 934 1048 J
941 1017 1067 1046 ocose

184 1068 379 1116 Plautus,
407 1069 420 1093 ‘
442 1069 559 1110 Cave
586 1081 639 1108 ne
664 1069 764 1121 quid
784 1069 957 1110 emittat
977 1070 1067 1109 ani-

183 1131 294 1173 ωε]
322 1130 483 1171 Savuro.
539 1131 638 1172 Non
659 1131 793 1183 probo
810 1131 973 1172 factum
989 1133 1066 1173 Sa·

187 1195 358 1236 varonis
374 1196 603 1236 emissurum
623 1196 939 1238 substituentis.
992 1197 1066 1237 Sic

185 1258 340 1298 Cicero
356 1270 434 1311 pro
454 1259 499 1299 S.
514 1258 672 1298 Roscio
689 1271 699 1297 :
729 1259 742 1279 ‘
760 1259 847 1298 Per
858 1271 1065 1298 summum

182 1321 374 1362 dedecus
410 1322 543 1362 vitam
596 1321 826 1362 amittere!
898 1322 1066 1362 Auctor

175 1383 241 1424 'ad
260 1385 454 1426 Herenn.
483 1387 495 1408 ‘
514 1386 676 1426 Decius
694 1385 838 1425 amisit
857 1385 1004 1436 vitam,
1021 1391 1066 1426 at

165 1459 268 1487 -non
289 1447 504 1500 perdidit:
549 1448 715 1500 recepit
743 1447 942 1500 patriam,
963 1448 1066 1488 ami·

179 1511 469 1563 sitfanimam!
503 1511 704 1553 Gebhard.

236 1564 372 1626 Usque
389 1588 434 1616 eo
450 1575 633 1626 retinuit,
655 1577 780 1628 quoad
796 1574 1066 1616 renuntiatum

181 1641 258 1686 eat,
275 1638 416 1678 vicisse
432 1638 628 1690 Boeotios]
665 1639 692 1681 J
698 1639 825 1679 nstin.
847 1638 920 1679 lib.
941 1650 1003 1679 vr.
1024 1642 1064 1678 8.

182 1699 196 1722 ‘
212 1699 275 1740 Ut
293 1701 453 1741 relatus
473 1701 515 1741 in
535 1708 678 1742 castra
706 1702 975 1753 semianimis,
994 1714 1065 1742 vo-

183 1774 278 1802 cem
297 1764 580 1817 spiritumque
611 1765 801 1815 collegit,
819 1765 863 1804 id
885 1777 1009 1805 unum
1041 1778 1066 1806 a

184 1826 564 1867 circumstantibus
597 1828 835 1880 requisivit,
863 1841 962 1868 num
994 1841 1064 1869 ca-

184 1889 307 1930 denti
343 1890 423 1930 sibi
460 1896 623 1931 scutum
653 1890 883 1932 ademisset
911 1891 1064 1931 hostis.

185 1953 310 1994 Quod
345 1958 391 1992 ut
422 1958 637 1993 servatum
673 1952 854 2006 audivit,
870 1954 1066 1994 allatum·

183 2016 412 2069 que,velut
431 2017 620 2057 laborum
637 2017 872 2070 gloriaeque
889 2017 1067 2069 socium,

184 2079 400 2119 osculatus
421 2086 502 2119 est.
559 2081 724 2120 Iterum
742 2075 958 2132 quaesirit,
978 2081 1064 2121 utri

182 2143 403 2185 vicissent.
438 2145 495 2184 Ut
512 2142 1064 2195 audivit,Thebanos,bene

183 2207 345 2247 habere
359 2219 405 2247 se
426 2219 533 2258 rem,
548 2207 685 2247 dixit:
707 2213 838 2260 atque
855 2207 931 2258 ita,
945 2207 1064 2247 velut

183 2269 522 2322 gratulabundus
583 2270 752 2323 patrive,
797 2268 1063 2322 exspiravit!

183 2333 254 2373 Sic
273 2332 455 2373 Orosius
484 2343 555 2374 111.
575 2336 616 2373 2.
647 2332 880 2373 Diodorus.
911 2332 1063 2374 AElian.

182 2397 285 2438 Var.
309 2408 396 2437 xn.
451 2396 713 2437 Plutarchus
744 2395 887 2447 ἂποφθ.
921 2398 1062 2442 βασιλ.

182 2461 331 2501 Valer.
350 2461 472 2501 Max.
492 2471 562 2500 111.
580 2463 622 2500 2.

240 2524 454 2575 Confestim
472 2524 717 2565 exanimatus
733 2522 810 2574 est]
862 2523 939 2563 Τοῦ
956 2522 1064 2575 δόρα-

183 2602 252 2628 τος
287 2584 540 2639 ἐξαιρεθέντος
584 2585 675 2626 ἄνευ
718 2583 847 2634 πάσης
888 2588 1066 2638 ταραχῆς

185 2651 421 2702 ἐξέπνευσεν.
476 2651 574 2691 Val.
601 2652 614 2673 ‘
636 2651 674 2689 E
695 2661 876 2702 corpore
907 2650 1064 2691 deinde

183 2728 260 2756 suo
287 2715 453 2756 hastam
483 2714 610 2754 educi
636 2714 781 2765 jussit,
809 2724 943 2766 eoque
974 2714 1065 2754 vul-

184 2790 287 2819 nere
306 2775 571 2829 exspiravit.’
601 2776 801 2816 Gebhard.

239 2841 347 2880 CAP.
367 2843 432 2880 10.
457 2839 535 2880 Hic
547 2851 708 2879 uxorem
723 2850 917 2891 nunquam
931 2839 1066 2892 duxit]

184 2904 292 2947 Quis
320 2903 534 2956 Nepotem
552 2907 701 2943 contra
722 2901 971 2942 Lambinum
990 2902 1064 2942 de-

183 2965 360 3006 fendet?
404 2964 560 3016 Arguit
588 2976 685 3004 cum
714 2962 913 3004 falsitatis
933 2964 1064 3004 mani-

183 3028 310 3069 festae
330 3041 383 3068 ex
404 3028 637 3069 Plutarcho
654 3031 700 3067 et
717 3027 938 3079 Polyaeno.
965 3027 1066 3067 Plu·

185 3093 322 3132 tarchi
340 3092 459 3132 locus
483 3091 574 3143 jam
590 3103 676 3130 non
696 3090 924 3130 succurrit.
981 3090 1064 3130 Po-

183 3154 315 3207 lyaeni
346 3153 476 3194 verba
502 3166 586 3194 non
615 3154 793 3193 demunt
811 3154 939 3193 tidem
959 3154 1064 3194 Cor-

185 3218 298 3258 nelio
317 3223 478 3257 nostro.
535 3215 667 3256 Aliud
687 3217 800 3257 enim
821 3224 887 3257 est
904 3217 1064 3257 habere

183 3282 399 3333 mulierem,
415 3280 527 3321 aliud
544 3279 733 3331 γαμετήν.
773 3282 964 3321 Uxorem
980 3281 1067 3333 qui-

186 3343 283 3383 dem
302 3356 386 3385 non
406 3344 576 3383 duxisse
603 3348 819 3384 testantur
850 3355 994 3383 omnes
1015 3344 1067 3382 E·

187 3409 486 3459 paminondam
503 3422 515 3458 ;
545 3414 610 3449 ast
625 3413 753 3460 caput
767 3406 952 3447 libenter
970 3419 1066 3447 eum

188 3472 339 3512 scortis
374 3472 630 3523 collimasse‚
671 3476 852 3523 apparet
890 3482 942 3510 ex
984 3471 1067 3510 isto

1133 366 1354 407 Plutarchi
1374 368 1472 409 loco
1491 368 1532 408 in
1548 365 1872 421 παραγγέλμασι.’
1883 366 2014 420 ’Ἀρισ-

1130 445 1182 470 τα
1199 430 1240 471 δὲ
1259 432 1475 485 ἀνθρώπων,
1503 434 1640 487 inquit
1669 434 1972 486 Philosophus,
1992 435 2014 473 ὁ

1130 493 1427 547 Ἐπαμινώνδας,
1464 495 1724 549 ἀρνησάμενος
1751 495 1920 545 δεηθέντι
1958 500 2015 550 τῷ

1131 557 1337 611 Πελώπιδᾳ
1366 558 1438 599 τὸν
1467 558 1646 608 κάπηλον
1676 560 1721 600 ἐκ
1754 561 1827 608 τῆς
1863 560 2015 613 εἱρκτῆς

1130 621 1299 672 ἀφεῖναι,
1324 621 1390 662 καὶ
1421 623 1508 673 μετ’
1540 623 1693 675 ὀλίγον,
1719 626 1792 671 τῆς
1826 624 2015 677 ἐρωμένης

1130 684 1345 735 δεηθείσης,
1363 687 1491 738 ἀφεὶς,
1508 686 1708 739 τοιαύτας,
1721 686 1814 739 ἔφη,
1833 687 2014 741 χάριτας,

1130 746 1160 787 ὦ
1205 748 1419 802 Πελοπίδα,
1453 748 1669 800 λαμβάνειν
1715 751 1942 803 ἑταιριδίοις,
1969 752 2015 792 οὔ

1130 815 1381 866 στρατηγοῖς,
1397 812 1545 866 πρέπον
1563 814 1688 854 ἐστίν.
1728 815 1874 856 Valer.
1895 817 1922 856 l.
1940 827 2013 856 111.

1129 879 1169 917 2.
1190 877 1331 917 verbis
1351 878 1509 917 ultimis
1530 878 1862 931 Epaminondae:
1896 879 1908 900 ‘
1930 879 2013 919 Or·

1130 939 1239 991 bus,'
1280 940 1436 993 inquit,
1470 941 1483 963 ⁸
1504 952 1588 981 non
1620 946 1706 981 tam
1741 941 1832 980 sine
1865 940 2012 981 liberis

1129 1002 1309 1043 morior:
1331 1003 1530 1056 quoniam
1543 1003 1744 1043 mirificas
1759 1001 1868 1042 filias
1879 1003 2014 1042 Leuc·

1130 1068 1196 1107 tra
1215 1073 1258 1107 et
1278 1067 1549 1108 Mantineam
1566 1067 1793 1120 relinquo.'
1822 1067 1944 1108 Idem.

1186 1129 1407 1184 Quifilium
1425 1131 1591 1171 habebat
1606 1129 1814 1181 infamem]
1863 1130 2012 1171 Fatale

1127 1193 1333 1235 bonorum
1367 1195 1552 1236 virorum
1589 1195 1745 1235 habere
1777 1194 2014 1246 degeneres

1127 1258 1286 1298 liberos
1304 1257 1596 1310 infortunium,
1623 1258 1738 1311 quod
1756 1257 2013 1299 felicitatem

1128 1320 1339 1373 reliquam
1359 1332 1445 1361 non
1464 1322 1620 1362 leviter
1640 1321 1858 1362 debilitat.
1901 1322 2014 1362 Plin.

1128 1383 1346 1435 Panegyr.
1376 1395 1473 1436 cap.
1495 1387 1562 1424 83.
1591 1385 1604 1407 ‘
1626 1384 1790 1423 Multos
1809 1383 2014 1434 illustres,

1127 1445 1234 1486 foris
1253 1447 1390 1487 claros
1421 1447 1659 1487 domestica
1684 1447 1935 1487 destruebat
1951 1447 2013 1485 in-

1127 1508 1287 1552 famia!
1342 1511 1452 1552 Ideo
1471 1522 1720 1563 perversam
1742 1511 1906 1562 prolem
1928 1510 2016 1550 Au·

1130 1578 1276 1626 gustus
1296 1574 1518 1626 appellare
1541 1574 1691 1613 solitus
1723 1578 1819 1613 erat
1847 1573 1859 1595 ‘
1884 1573 2015 1613 vomi-

1130 1638 1218 1679 cas'
1245 1644 1290 1678 et
1318 1641 1328 1661 ⁸
1349 1636 1670 1687 carcinomata,'
1691 1635 1805 1688 apud
1834 1636 2013 1677 Sueton.

1128 1701 1204 1741 lib.
1224 1713 1274 1743 11.
1293 1705 1360 1742 65.
1416 1701 1732 1753 Comparantur
1751 1712 1920 1754 quoque
1939 1700 2014 1740 de-

1129 1777 1309 1817 generes
1328 1764 1616 1805 excrementis
1646 1765 1857 1816 corporis,
1876 1764 2015 1803 Pitui-

1129 1833 1202 1879 tae,
1212 1827 1446 1879 Pediculis,
1458 1833 1504 1867 et
1515 1827 1696 1868 caeteris.
1725 1827 1854 1878 Diog.
1868 1825 2014 1867 Laert.

1128 1890 1202 1931 lib.
1232 1902 1285 1931 11.
1330 1891 1374 1930 in
1405 1890 1660 1942 Aristippo:
1705 1888 1919 1930 Ἦτιάσατό
1953 1905 2015 1930 τις

1127 1952 1247 1993 αὐτὸν
1262 1951 1335 1993 τὸν
1351 1952 1433 1993 υἱὸν
1459 1953 1758 2006 ἀποῤῥίπτοντα,
1786 1954 1915 2005 ὥσπερ
1945 1954 2015 1993 οὐκ

1129 2017 1170 2068 ἐξ
1187 2017 1305 2057 αὐτοῦ
1321 2016 1529 2067 γεγονότα·
1559 2016 1624 2056 καὶ
1654 2015 1713 2068 ὃς,
1740 2016 1804 2056 καὶ
1836 2014 2012 2067 φλέγμα,

1127 2082 1241 2134 φησὶ,
1253 2082 1318 2122 καὶ
1336 2081 1430 2124 τοὺς
1446 2085 1612 2135 φθεῖρας,
1624 2083 1664 2134 ἐξ
1679 2082 1785 2132 ἡμῶν
1796 2082 1908 2133 ἴσμεν
1925 2097 2015 2133 γεν-

1126 2144 1330 2198 νωμένους,
1346 2146 1438 2187 ἀλλ’
1457 2146 1597 2200 ἀχρεῖα
1614 2146 1709 2187 ὄντα
1721 2147 1772 2188 ὣς
1782 2145 2015 2198 ποῤῥωτάτω

1127 2207 1324 2260 ῥίπτομεν.
1357 2209 1556 2250 Gebhard.

1184 2273 1298 2318 Quod
1317 2273 1458 2313 liberos
1473 2286 1550 2313 non
1568 2270 1825 2324 relinqueret]
1865 2272 2012 2314 Graeci

1128 2334 1261 2375 talem
1292 2347 1520 2387 personam
1565 2335 1808 2387 δορυφόρημα
1841 2342 2013 2376 vocant.

1127 2398 1319 2438 Venuste
1333 2398 1533 2440 Julianus
1551 2397 1605 2438 de
1627 2398 1822 2448 Claudio,
1846 2403 1891 2438 et
1913 2398 2014 2438 Plu-

1128 2461 1301 2501 tarchus
1322 2461 1377 2501 de
1397 2459 1574 2501 Aridaeo
1594 2460 1636 2500 in
1656 2460 1741 2500 fine
1762 2459 2012 2502 Alexandri.

1128 2522 1181 2563 In
1220 2522 1464 2575 proverbio,
1494 2520 1582 2562 ἔστι
1615 2522 1692 2575 γὰρ
1729 2521 1882 2562 ἐκείνων
1918 2522 2013 2573 δίχα

1127 2585 1239 2626 τουτὶ
1263 2587 1336 2634 τῆς
1359 2585 1575 2638 τραγῳδίας
1601 2585 1650 2625 τὸ
1679 2584 1922 2639 δορυφόρημα
1950 2601 2012 2634 μι-

1128 2651 1220 2703 κροῦ
1238 2648 1324 2690 δέον
1340 2648 1458 2701 φάναι
1475 2649 1540 2690 καὶ
1559 2648 1722 2701 ἄψυχον.
1752 2650 1955 2690 Kenchen.

1185 2714 1254 2754 Ea:
1270 2712 1379 2764 arce]
1408 2712 1609 2752 Cadmea.
1638 2710 1818 2751 Lambiu.

1183 2776 1304 2818 Domi
1333 2789 1374 2817 se
1402 2775 1585 2826 retinuit]
1643 2775 1893 2815 Lambinum
1927 2788 2008 2815 non

1127 2840 1272 2880 imitor
1318 2851 1549 2892 properum
1586 2838 1639 2878 ad
1684 2838 1931 2879 mutandum
1967 2839 2011 2878 in

1127 2902 1335 2942 continuit.
1380 2901 1599 2942 Gebhard.
1657 2902 1765 2941 Mss.
1799 2902 1909 2942 Ven.
1944 2903 2011 2942 do-

1127 2978 1235 3005 mum
1261 2977 1302 3005 se
1331 2964 1514 3005 retinuit.
1571 2963 1668 3004 Ald.
1687 2964 1824 3004 Paris.
1861 2964 2009 3004 Lamb.

1127 3028 1289 3068 domise
1306 3032 1382 3068 ret.
1436 3027 1528 3068 Col.
1557 3029 1668 3067 dotno
1697 3040 1730 3067 s.
1762 3041 1798 3067 r.
1855 3027 1906 3067 In
1928 3029 2012 3066 Eu-

1129 3103 1270 3143 mene,
1305 3093 1318 3114 ‘
1337 3090 1477 3131 tenuit
1519 3096 1663 3130 autem
1704 3102 1748 3130 se
1788 3102 1871 3129 uno
1916 3090 2011 3129 loeo

1128 3155 1330 3207 quamdiu
1373 3153 1458 3194 fuit
1493 3153 1662 3193 hiems.'
1730 3153 1781 3191 In
1821 3151 2009 3192 Hannib.

1128 3221 1141 3240 ‘
1161 3218 1378 3258 Hannibal
1399 3218 1511 3257 enim
1533 3229 1616 3256 uno
1636 3217 1729 3256 loco
1756 3228 1802 3256 se
1834 3216 2011 3256 tenebat

1129 3279 1173 3319 iu
1208 3278 1414 3319 castello!
1489 3279 1578 3319 Pro
1614 3279 1790 3331 vulgata
1827 3279 2010 3319 lectione

1128 3340 1233 3382 facit
1252 3341 1368 3394 quod
1387 3341 1545 3393 legitur
1569 3341 1610 3381 in
1632 3342 1837 3382 Cimone:
1868 3343 1880 3365 ‘
1903 3344 2019 3383 Cum

1131 3419 1156 3446 a
1171 3411 1385 3446 conventu
1407 3415 1617 3446 remotum
1638 3418 1732 3447 sese
1765 3406 1878 3447 Dion
1896 3405 2009 3447 domi

1131 3467 1327 3522 teneret!
1354 3467 1514 3508 Satara.
