2306 3900
289 292 400 346 614
444 287 449 293 ἃ

288 438 410 473 ματα,
439 420 620 472 δεομένης
647 421 713 463 καὶ
751 420 995 476 λιπαρούσης
1023 425 1181 472 βοηθεῖν

289 488 374 528 τοῖς
386 487 596 533 βασιλεῦσι
615 485 679 526 καὶ
696 486 832 540 ἑαυτῇ.
879 487 1083 527 Kenchen.

353 549 512 600 Verbis]
560 549 718 591 Melius
758 549 888 598 rebus,
924 562 1182 603 quamquam

289 628 374 656 non
394 615 588 667 ignorem
621 615 806 657 invicem
837 616 1058 657 interdum
1088 629 1183 670 per-

289 684 462 719 mutare
479 692 491 729 ;
513 683 562 719 ut
580 679 680 720 infr.
701 679 744 720 in
758 681 1044 732 Timoleonte,
1063 681 1076 704 ‘
1094 680 1184 733 qui-

290 742 371 782 bus
397 741 526 783 rebus
560 743 668 783 adeo
699 743 774 785 ille
804 749 871 785 est
898 743 1181 786 commotus:’

290 806 367 846 nbi
397 806 525 847 verbis
561 806 795 849 Lambinus
832 807 940 859 edit,
970 813 1183 862 notatque

291 869 469 911 Savaro.
510 868 709 911 Schottus.

347 933 459 975 CAP.
493 937 535 975 ¹7.
576 934 736 973 Bellum
769 934 978 975 adversum
1013 933 1186 984 Antigo-

289 996 404 1047 num]
451 995 631 1048 Olymp.
674 1007 780 1037 cxv.
821 1008 925 1037 ann.
961 1000 1006 1039 4.
1068 997 1184 1039 Vide

291 1060 425 1100 Diod.
448 1070 545 1100 x1x.
563 1062 632 1100 42.
661 1059 889 1102 Plutarch.
901 1060 1065 1103 Justin.
1082 1071 1183 1103 xxv.

292 1126 331 1165 1.
349 1127 398 1168 et
413 1128 454 1165 2.
474 1129 521 1164 et
539 1135 631 1177 seq.

348 1187 582 1239 Peucestes]
612 1186 698 1241 Qui
723 1188 766 1229 in
787 1200 1012 1230 numerum
1032 1200 1185 1241 corpo-

290 1251 350 1291 ris
371 1251 598 1294 custodum
615 1253 796 1293 allectus
814 1252 960 1294 fuerat
977 1253 1031 1294 ab
1053 1252 1186 1294 Alex-

291 1315 428 1357 andro
463 1320 565 1368 post
594 1315 823 1357 victoriam
856 1316 1071 1368 Indicam,
1089 1329 1186 1358 cum

290 1383 420 1420 antea
451 1377 608 1419 fuisset
637 1379 852 1432 hypastis,
870 1379 916 1419 id
943 1384 1024 1431 est,
1044 1380 1188 1433 clypei

290 1443 478 1494 gerulus,
512 1447 563 1483 ut
595 1442 734 1484 tradit
765 1442 979 1484 Arrianus
1015 1442 1094 1484 lib.
1119 1454 1185 1484 VI.

292 1505 374 1546 sub
410 1512 592 1547 extrem.
624 1505 699 1546 ubi
737 1512 886 1547 narrat
921 1506 1057 1558 idem,
1093 1511 1185 1548 tum

290 1569 485 1622 corporis
505 1569 720 1617 custodes,
737 1570 782 1610 id
801 1576 887 1623 est,
904 1569 1189 1623 σωματοφύλα-

291 1648 363 1674 κας
382 1634 626 1675 Alexandri
659 1633 792 1675 fuisse
827 1640 1021 1687 septem;
1050 1635 1189 1676 Leon-

290 1702 440 1738 natum
455 1696 585 1738 Antei
597 1699 644 1739 F.
657 1698 1013 1750 Hephaestionem
1026 1697 1189 1751 Amyn-

292 1763 415 1814 toris,
436 1763 739 1816 Lysimachum
764 1763 1033 1816 Agathoclis,
1067 1763 1190 1805 Aris-

292 1831 469 1868 tonoum
490 1827 638 1879 Pisaei,
665 1827 738 1880 qui
767 1839 914 1868 omnes
944 1831 1068 1867 erant
1089 1826 1190 1867 Pel-

291 1890 390 1931 laei:
411 1891 666 1932 Perdiccam
679 1890 878 1943 Orontae,
898 1891 1192 1933 Ptolemaeum

291 1954 417 2007 Lagi,
454 1955 687 2013 Rithonem
729 1955 932 2005 Crateae;
979 1954 1034 1997 ad
1080 1965 1189 2008 quos

293 2017 524 2060 accessisse
559 2018 839 2068 Peucestem,
869 2030 995 2071 quem
1027 2018 1189 2071 cogita-

292 2082 371 2123 bat
424 2081 683 2123 Alexander
732 2082 925 2123 Persidis
968 2087 1190 2135 satrapem

292 2146 576 2189 constituere.
597 2146 736 2187 Lamb.
781 2146 1078 2187 Meminerant
1097 2145 1189 2199 ejus

292 2209 519 2249 Plutarch.
537 2208 709 2250 Arrian.
724 2221 790 2250 w.
809 2212 850 2250 2.
872 2206 1052 2249 Diodor.
1071 2219 1188 2250 xvu.

293 2276 363 2314 99.
394 2273 516 2314 Curt.
540 2284 607 2313 lx.
627 2277 666 2315 5.
693 2272 855 2315 Julian.
871 2272 914 2313 in
929 2272 1191 2326 Caesaribus,

294 2341 341 2376 et
361 2336 474 2377 Plin.
494 2347 663 2377 xxxrv.
682 2340 724 2376 8.
746 2336 820 2389 qui
838 2336 976 2388 ipsum
998 2335 1190 2377 Alexan-

296 2399 362 2439 dri
382 2399 536 2451 Magni
559 2403 827 2440 servatorem
860 2399 1071 2451 appellat,
1102 2399 1189 2439 Po-

295 2463 430 2516 lyaen.
450 2467 496 2503 et
515 2462 586 2502 alii
603 2467 815 2503 veterum.

354 2527 452 2567 Tum
470 2529 600 2566 antem
628 2524 826 2565 obtinebat
851 2522 1079 2575 Persidem]
1106 2523 1189 2565 Cu-

289 2587 363 2643 jus
378 2596 556 2643 satrapa
575 2589 838 2630 constitutus
854 2589 906 2630 ab
923 2587 1188 2630 Alexandro.

293 2653 468 2696 Arrian.
492 2666 555 2695 v1.
588 2659 628 2694 5.
687 2654 745 2695 Et
778 2654 822 2693 in
852 2646 938 2707 qu'a
966 2653 1191 2707 provincia

294 2717 571 2770 postmodum
591 2715 814 2757 remansit.
849 2716 1035 2757 Diodor-

262 2802 265 2805 ·
348 2780 586 2832 Antigenes]
641 2780 791 2821 Lamb.
826 2778 987 2821 Aldum
1005 2784 1193 2834 secutus,

300 2844 526 2896 Trutamus,
546 2845 617 2884 vel
642 2845 864 2896 Tentamus,
893 2857 990 2885 curn
1025 2844 1190 2886 rectius

293 2910 467 2961 legatur
502 2909 736 2961 Antigenes.
804 2911 918 2951 Nam
966 2910 1038 2952 hie
1076 2910 1191 2964 prin-

296 2984 399 3024 ceps
435 2973 658 3025 phalangis
692 2977 817 3023 erat3
861 2973 1095 3014 Tentamus
1127 2986 1192 3014 se-

298 3034 485 3076 cundum
517 3035 691 3088 imperii
728 3036 908 3088 gradum
946 3037 1188 3079 obtinebat.

297 3097 338 3139 A
354 3099 564 3152 Polyaeno
582 3098 628 3139 in
652 3100 849 3140 Eumene
867 3100 941 3142 lib.
960 3111 1024 3142 ιν.
1042 3104 1083 3143 2.
1119 3113 1191 3142 vo-

298 3167 421 3203 catur
455 3160 718 3213 Τευταμάτης.
775 3164 1013 3206 Constabat
1043 3170 1190 3207 autem

296 3226 393 3278 ipsa
412 3228 600 3279 phalanx
620 3240 675 3269 ex
691 3227 793 3269 viris
815 3227 1014 3281 delectis,
1032 3229 1190 3271 robore

300 3296 344 3328 et
365 3290 629 3340 proceritate
661 3291 857 3344 corporis
888 3292 1190 3346 eminentibus,

300 3352 375 3405 qui
395 3354 695 3406 argyraspides
715 3354 814 3396 ideo
839 3355 1033 3407 μεγίστων
1050 3359 1191 3412 ἀνδρῶν

300 3427 326 3455 a
345 3415 552 3467 Polyaeno
572 3419 857 3468 appellantur.
888 3420 1015 3466 Gebh.

355 3480 407 3520 In
433 3480 662 3532 principiis]
690 3483 703 3504 ‘
720 3483 959 3537 Principia'
993 3486 1087 3528 heic
1109 3499 1188 3540 pro

300 3544 396 3586 loco
430 3542 704 3596 accipiuntur
733 3551 972 3603 castrorum
1001 3547 1187 3591 Alexan-

672 304 854 344 NOTAE
895 301 1234 344 VAmo—RUM
1275 304 1342 343 ΙΝ
1385 305 1441 343 Ο.
1481 303 1750 344 NEPOTIS

1244 423 1329 476 dri,
1356 428 1406 466 nt
1430 422 1542 466 bene
1572 422 1741 465 notavit
1768 421 1925 474 lib-iv.
1946 424 2013 463 10.
2042 433 2136 464 sua-

1245 499 1341 528 rum
1395 487 1758 530 Observationum
1825 485 2136 527 eruditissimus

1246 551 1444 592 Gronov.
1473 551 1514 591 ἑν
1531 549 1769 603 στρατηγίῳ,
1790 548 2032 602 Appianas,
2049 548 2138 590 Ἀν-

1245 617 1323 661 νιβ.
1377 614 1462 655 Vel
1480 614 1525 655 in
1545 615 1641 655 loco
1662 613 1871 666 principis
1905 613 1948 652 in
1970 613 2139 665 castris,

1247 678 1467 732 videlicet,
1489 677 1750 732 ἐνπρωτείοις,
1783 678 1824 718 ἐν
1852 676 1961 728 μέσῳ
1977 691 2139 731 στρατο·

1245 739 1364 793 πέδῳ,
1401 743 1445 782 in
1481 743 1635 784 mediis
1669 743 1842 795 castris,
1892 742 2138 794 Polyaenus.

1246 805 1388 845 Lamb.

1303 867 1476 908 Nomine
1506 867 1730 909 Alexandri
1747 868 1891 909 statuit
1910 868 2139 910 tabernacu-

1246 931 1348 983 lum]
1394 932 1632 984 Distingue
1683 931 1788 972 duos
1831 944 1972 972 mores
2019 932 2140 974 circa

1249 996 1495 1050 principum
1531 997 1714 1037 honores
1749 996 1899 1036 solitos
1927 997 2142 1048 usurpari,

1248 1071 1353 1112 quos
1399 1059 1524 1101 multi
1574 1071 1805 1113 perperam
1852 1058 2139 1103 confundunt.

1247 1123 1372 1163 Unus
1398 1122 1496 1175 fuit,
1514 1128 1565 1164 ut
1585 1123 1834 1164 absentibus
1867 1127 1942 1164 aut
1959 1123 2140 1165 mortuis

1246 1187 1356 1227 sella
1375 1191 1614 1239 poneretur
1632 1186 1677 1226 in
1706 1186 1875 1227 theatro
1904 1198 2001 1227 cum
2021 1197 2142 1227 coro-

1249 1263 1330 1292 na:
1373 1251 1496 1304 cnjus
1531 1250 1597 1292 rei
1628 1262 1876 1303 expressam
1902 1249 2143 1290 similitudi-

1249 1325 1347 1355 nem
1364 1313 1548 1355 vidimus
1565 1313 1608 1354 in
1625 1313 1770 1354 multis
1785 1313 1983 1354 nummis.
2013 1312 2143 1355 Dixit

1250 1378 1418 1431 pridem
1438 1378 1493 1419 de
1511 1378 1594 1419 hoc
1621 1377 1739 1420 Just.
1770 1377 1943 1430 Lipsius
1973 1375 2029 1416 ad
2052 1375 2142 1417 Au-

1249 1442 1334 1482 nal.
1354 1453 1407 1482 11.
1458 1441 1591 1482 docte
1622 1447 1669 1482 et
1699 1445 1918 1482 accurate.
1972 1438 2060 1480 Sed
2081 1438 2142 1479 vi-

1251 1505 1411 1545 dentur
1432 1506 1614 1546 Romani
1631 1518 1656 1546 a
1676 1504 1846 1546 Graecis
1865 1504 1911 1544 id
1925 1502 2142 1545 didicisse.

1250 1569 1366 1610 Nam
1383 1568 1562 1622 προεδρία
1598 1568 1866 1609 merentibus
1899 1567 2035 1619 illam,
2055 1579 2143 1608 non

1251 1633 1388 1674 solum
1425 1631 1749 1673 decernebatur
1793 1630 1979 1672 Athenis
2017 1636 2063 1671 et
2099 1631 2142 1671 iu

1253 1695 1348 1736 aliis
1398 1695 1580 1736 urbibus
1634 1695 1836 1744 Graeciae,
1884 1694 1962 1735 sed
2010 1694 2143 1736 etiam

1251 1759 1436 1811 posteris
1455 1758 1665 1811 ipsorum.
1718 1756 1788 1798 Aa
1809 1757 1931 1810 cujus
1963 1757 2026 1798 rei
2055 1770 2142 1799 me-

1251 1822 1434 1863 moriam
1473 1822 1612 1874 primo
1641 1821 1905 1874 institutum,
1935 1827 1984 1862 ut
2010 1822 2145 1863 etiam

1245 1886 1432 1927 mortuis
1477 1886 1597 1926 sellae
1646 1890 1923 1938 ponerentur.
1971 1885 2145 1928 Deinde

1252 1950 1396 2002 Reges
1415 1948 1497 1990 sibi
1527 1954 1575 1990 et
1606 1948 1694 1989 suis
1714 1948 1827 1989 hunc
1845 1949 2147 1992 honorem‘tri-

1251 2012 1458 2055 buerunt.
1488 2011 1618 2055 Alter
1633 2024 1723 2053 mos
1738 2011 1839 2065 fuit,
1855 2018 1904 2054 ut
1923 2013 1968 2054 in
1988 2024 2145 2067 pompa

1252 2076 1466 2128 circensi,
1483 2089 1609 2130 quam
1630 2088 1737 2117 unus
1753 2076 1916 2129 optime
1934 2075 2146 2121 describit

1253 2140 1493 2193 Dionysius
1518 2140 1813 2182 Halicarnaso.
1838 2139 1911 2182 lib.
1930 2151 2015 2182 vn.
2042 2152 2144 2183 cnm

1252 2203 1522 2245 simulachris
1542 2206 1756 2258 Deorum,
1770 2203 2004 2252 inferretur
2018 2204 2145 2246 Prin-

1252 2267 1363 2320 cipis
1384 2268 1527 2320 imago
1546 2269 1591 2308 in
1611 2268 1762 2309 thensa
1776 2274 1823 2310 et
1845 2268 2012 2311 ferculo
2031 2269 2145 2311 sicut

1246 2330 1459 2383 imagines
1497 2331 1746 2371 Numinum.
1803 2331 1910 2383 Res,
1939 2337 1991 2373 ut
2020 2338 2145 2385 puto,

1250 2392 1447 2434 inaudita
1466 2394 1614 2435 Romae
1630 2398 1731 2434 ante
1748 2394 1980 2437 Caesarem.
2008 2394 2143 2448 Apud

1252 2457 1433 2499 Graecos
1489 2457 1630 2499 simile
1687 2458 1791 2512 quid
1848 2460 2142 2501 observamus.

1252 2519 1414 2562 Athen.
1434 2522 1478 2562 iu
1498 2521 1768 2563 enarratione
1798 2534 1969 2575 pompae
2000 2523 2144 2565 Phila·

1252 2585 1426 2638 delphi:
1443 2583 1715 2635 Ἐπόμπευσαν
1730 2584 1850 2626 δὲκαὶ
1863 2585 1982 2640 fidvor
1998 2586 2145 2628 πολλοὶ

1252 2651 1294 2702 ἐξ
1313 2648 1524 2703 ἐλέφαντος
1539 2649 1606 2691 καὶ
1618 2651 1767 2704 χρυσοῦ
1783 2650 2146 2703 κατεσκευασμένα,

1253 2713 1305 2755 ὧν
1334 2715 1396 2767 ἐφ’
1428 2714 1511 2756 ἑνὸς
1538 2713 1662 2755 ἔκειτο
1694 2713 1869 2767 στεφάνη
1909 2717 2054 2769 χρυσῆ.
2071 2715 2143 2756 ἐπ’

1253 2779 1380 2821 ἄλλον
1401 2779 1445 2821 δὲ
1461 2778 1578 2834 κέρας
1599 2782 1784 2835 χρυσοῦν,
1803 2781 1866 2821 ἐπ’
1887 2780 2016 2823 ἄλλον
2031 2780 2075 2822 δὲ
2097 2780 2146 2831 ἦν

1253 2843 1446 2897 στέφανος
1463 2846 1646 2898 χρυσοῦς,
1660 2846 1722 2886 καὶ
1743 2843 1806 2886 ἔπ’
1825 2843 1952 2887 ἄλλον
1969 2845 2013 2887 δὲ
2029 2846 2146 2900 κέρω-

1253 2906 1484 2961 ὁλόχρυσον.
1506 2908 1569 2949 ἑπὶ
1586 2907 1628 2949 δὲ
1636 2908 1704 2950 τὸν
1720 2908 1964 2962 Πτολεμαρου
1978 2910 2050 2950 τοῦ
2066 2913 2147 2953 Σω-

1251 2972 1367 3024 τῆρος
1383 2971 1512 3024 θρόνον
1526 2970 1718 3024 στέφανος
1741 2971 1933 3025 ἐπέκειτο,
1950 2973 1995 3014 ἐκ
2009 2972 2145 3026 μυρίων

1252 3034 1612 3087 κατεσκευασμένος
1639 3038 1807 3087 χρυσῶν.
1863 3036 1944 3078 Ait
1970 3037 2144 3079 traduc·

1253 3104 1343 3139 tam
1379 3099 1495 3140 inter
1532 3110 1603 3139 res
1637 3098 1824 3151 divinas,
1859 3112 1966 3154 quas
1998 3101 2142 3154 paullo

1255 3168 1358 3204 ante
1373 3162 1738 3212 commemoravit,
1752 3163 1903 3204 sellam
1917 3163 2143 3205 Ptolemaei

1251 3227 1433 3279 Soteris,
1452 3239 1551 3268 cum
1581 3239 1740 3268 corona
1767 3238 1898 3267 aurea
1913 3240 1926 3267 ε
1955 3238 2036 3268 nec
2053 3238 2141 3267 non

1251 3290 1378 3331 sellas
1397 3291 1556 3331 multas
1574 3290 1780 3340 aliorum3
1812 3301 1988 3344 quorum
2006 3291 2141 3331 nomi-

1252 3365 1308 3394 na
1327 3354 1520 3406 exponit.
1563 3353 1652 3394 Ubi
1671 3353 1789 3394 vides
1806 3364 1891 3393 non
1911 3352 2140 3394 obscurum

1253 3417 1487 3470 vestigium
1524 3417 1748 3470 utriusque
1780 3414 1910 3455 moris
1943 3420 2046 3457 ante
2064 3428 2139 3457 ex-

1253 3480 1395 3534 positi.
1443 3480 1611 3521 Casaub.
1676 3478 1764 3520 Adi
1807 3478 2026 3521 Passchal.
2083 3480 2139 3522 de

1254 3545 1411 3585 Coron.
1432 3543 1506 3585 lib.
1527 3554 1572 3584 x.
1594 3546 1657 3585 10.
1713 3543 1794 3585 Est
1812 3542 1893 3585 boc
1915 3544 2136 3587 consilium
