2306 3900
643 243 1342 295 V111.THnAsYum.UM‚
1381 243 1517 283 cAP.
1553 231 1607 284 2,

211 378 331 409 varo.
364 366 543 409 Sclrotti
574 366 698 416 liber,
713 366 766 406 ud
783 364 886 404 vires
910 362 1094 413 cujusque

177 419 484 484 pugnantium,
509 431 623 484 quod
655 430 726 470 ille
758 434 917 470 tuetur.
972 428 1095 467 Lam·

208 494 351 545 binus,
361 494 522 534 advires
541 494 800 543 virtutemque
811 490 1094 543 pugnantium.

212 557 417 610 Denique
445 555 650 598 Claudius
671 555 907 604 Puteanus,
924 555 977 593 ad
994 553 1097 593 vices

210 621 364 672 vimque
399 620 671 672 pag-nuntium.
716 617 939 660 Gebhard.
1009 617 1096 657 Ex-

210 695 384 736 pressus
410 689 552 724 autem
585 682 656 723 hic
688 683 807 723 locus
827 692 852 720 e
876 678 1098 721 Marcelli·

212 746 353 796 niana,
372 751 420 787 ut
444 746 720 787 committere
751 745 811 786 sit
838 756 982 797 operoe
1003 755 1099 796 pre-

211 810 344 850 tium:
379 811 393 834 ‘
419 809 533 850 Nam
568 808 747 851 bellicas
781 808 932 850 laudes
962 808 1100 848 solent

213 872 386 926 quidam
397 879 634 914 extenuare
648 871 820 922 verbis:
833 873 917 912 &c.
947 870 1099 912 Schott.

269 935 452 975 Plurima
459 935 627 985 fortuna
639 933 836 985 vindicat]
852 933 1011 986 Veget.
1026 931 1098 974 lib.

214 1011 286 1040 ι-ιι.
307 1012 346 1040 c.
365 1000 441 1040 ult.
467 1001 480 1020 ‘
503 998 556 1038 In
582 997 746 1051 praeliis
777 996 962 1050 amplius
989 995 1100 1037 solet

213 1062 390 1103 fortuna
407 1062 638 1114 potestatis
669 1061 842 1112 habere,
863 1071 988 1114 quam
1016 1059 1100 1100 vir·
1122 1058 1130 1065 ’

213 1125 312 1167 tus.'
342 1126 503 1167 Savum.
557 1126 739 1166 Dativus
766 1125 843 1165 sibi
875 1125 1100 1177 eleganter

214 1190 285 1231 liic
304 1190 499 1231 omissus.
533 1185 624 1232 Cic.
657 1200 690 1230 1.
719 1189 775 1230 de
805 1187 934 1230 Offic.
963 1187 978 1211 ‘
997 1188 1098 1229 Non

214 1253 336 1294 nobis
355 1254 491 1294 solum
504 1253 597 1295 nati
610 1266 769 1305 smnus,
783 1258 987 1307 ortusque
1004 1265 1101 1295 nos-

214 1318 270 1358 tri
302 1323 485 1370 partem
502 1317 646 1369 patria
683 1316 892 1369 vindicat,
927 1321 1100 1369 partem

216 1381 372 1423 amici!
414 1381 466 1422 In
485 1381 611 1422 Orat.
631 1381 720 1422 Pro
738 1380 919 1422 Archia:
940 1379 953 1402 ‘
967 1380 1101 1421 Suum

215 1443 438 1487 vindicare
450 1448 479 1487 :⁹
504 1457 599 1497 pro,
617 1450 665 1486 ut
681 1445 870 1497 Curtius,
887 1445 899 1468 ‘
916 1444 1005 1485 Pro
1023 1455 1101 1485 suo

216 1507 478 1553 vindicare),
498 1508 692 1551 Vorstius.
746 1509 891 1561 Itaque
906 1507 1001 1558 ⁴iure
1017 1518 1102 1560 suu,

213 1571 304 1624 ssa]
331 1571 471 1613 Locus
490 1571 715 1624 obscurus,
733 1577 780 1613 et
799 1584 927 1626 quem
946 1570 1102 1612 vellem

217 1635 466 1689 diligentius
511 1636 592 1677 viri
639 1635 757 1677 docti
796 1635 1102 1677 excussissent.

217 1699 396 1753 Vulgati
415 1699 509 1741 fere
528 1700 590 1741 sic
608 1700 796 1742 habent:
823 1700 995 1753 plurima
1013 1712 1104 1740 vero

216 1776 244 1804 α
262 1762 434 1813 fortuna
458 1764 650 1816 vindicat,
675 1776 790 1817 seque
815 1764 877 1804 his
900 1765 994 1816 plus
1021 1764 1102 1805 vul.

218 1844 285 1883 qu.
315 1832 405 1873 duc.
431 1832 661 1884 prudentia,
689 1845 779 1873 vere
798 1845 841 1886 p.
869 1832 1102 1886 praeaicare.

220 1897 366 1938 Lamb.
386 1902 486 1950 post
499 1898 638 1939 varias
653 1898 941 1955 conjecturas,
953 1899 1103 1954 quibus

219 1961 315 2014 ipse
345 1959 585 2009 diffidebat,
610 1962 780 2004 edidit:
807 1963 862 2016 pl.
889 1975 980 2004 veno
998 1962 1104 2012 fort.

218 2026 327 2068 vind.
338 2037 454 2079 seque
466 2026 532 2066 hic
544 2027 636 2079 plns
645 2026 810 2067 valuisse
826 2039 892 2079 qu.
905 2027 991 2067 duc.
1006 2038 1103 2078 pru·

217 2088 453 2145 dentium,v.
467 2102 508 2142 p.
526 2090 648 2141 proed.
674 2090 927 2142 Suspicatur
943 2094 1105 2141 tamen,

220 2164 319 2193 cum
334 2150 384 2192 τὸ
400 2152 462 2193 his
487 2152 530 2192 in
550 2152 895 2194 omnibusslibris
912 2152 1104 2195 invenia-

220 2222 307 2267 tur,
325 2220 464 2257 totum
483 2215 606 2270 illud,
622 2230 739 2270 quum
756 2216 867 2258 ducis
879 2218 1106 2270 prudentia,

220 2279 630 2334 subditum,.itaque
662 2281 745 2334 leg.
779 2293 900 2322 esse:
927 2282 983 2334 pl.
1015 2294 1107 2322 vero

209 2343 380 2394 fortuna
390 2344 467 2385 val.
478 2356 594 2397 seque
605 2344 669 2385 his
675 2345 764 2397 plus
778 2346 855 2386 vul.
868 2357 907 2385 v.
923 2357 966 2397 p.
980 2346 1107 2397 proed.

221 2407 304 2450 Cui
334 2407 612 2464 ,conjecturae
654 2420 807 2461 parum
844 2408 971 2450 abest
1002 2408 1106 2462 quin

220 2471 499 2513 subscribam.
556 2471 688 2513 Certe
711 2471 931 2513 sententia
955 2477 1108 2525 aperta

220 2539 300 2575 est.
354 2533 407 2575 In
427 2535 577 2576 Boeol.
598 2540 745 2576 tamen
774 2535 874 2576 cod.
891 2540 988 2576 erat
1002 2548 1107 2588 prae-

220 2597 363 2640 dicari.
395 2598 468 2639 De
487 2597 673 2639 fortunae
694 2599 738 2640 in
759 2598 883 2640 bellis
901 2599 959 2651 vi,
978 2599 1108 2651 plena

222 2661 366 2702 omnia
406 2661 521 2715 apud
556 2661 782 2704 historicos
809 2667 855 2704 et
889 2663 1107 2715 politicos.

222 2724 457 2776 Praecipua
493 2723 659 2778 aliquot
691 2731 886 2767 veterum
923 2726 1108 2779 scripto·

221 2798 317 2827 rum
347 2787 444 2828 loca
470 2787 635 2828 indicat
654 2788 769 2840 Lips.
802 2789 926 2841 polit.
944 2802 985 2830 v.
1005 2793 1046 2830 5.
1065 2792 1107 2829 7.

222 2855 267 2890 et
286 2860 330 2890 v.
353 2853 420 2891 16.
454 2854 492 2891 5.
520 2861 544 2891 e
562 2850 718 2904 quibus
737 2850 959 2892 Ciceronis
988 2852 1108 2893 illum

224 2912 350 2955 Orat.
371 2925 450 2966 pro
470 2914 684 2955 Marcello
710 2925 805 2967 cap.
836 2918 877 2956 7.
907 2927 934 2955 a
960 2919 1109 2957 nostro

223 2988 473 3028 expressum
489 2976 639 3028 videri,
644 2977 735 3030 jam
748 2978 821 3019 alii
836 2983 1108 3020 monuerunt.

275 3040 732 3094 Magnificentissimum]
770 3040 1111 3095 Magnificentis-

221 3105 372 3146 simum
391 3106 599 3158 appellat,
617 3107 687 3148 vel
705 3106 818 3160 quod
838 3106 988 3148 Graeci
1005 3114 1108 3158 λαμ-

222 3166 420 3221 πρότατον
455 3169 526 3209 vel
560 3167 1004 3222 μεγαλοπρεπέστατον,
1038 3171 1109 3211 vel

223 3232 339 3285 quod
374 3245 402 3273 a
435 3232 621 3274 maximo
663 3234 805 3275 animo
849 3233 1107 3287 profectum.

223 3296 407 3337 Lambin.

278 3359 534 3412 Pepercerat]
579 3359 844 3402 Auctoribus
875 3361 1109 3415 Excerptis

223 3427 270 3462 et
298 3421 404 3464 eod.
422 3423 476 3465 P.
497 3423 689 3464 Danielis
716 3424 960 3477 legendum,
975 3436 1109 3476 parse-

223 3490 302 3527 rat.
343 3487 480 3528 Quam
503 3500 648 3529 vocem
669 3489 828 3530 etalibi
848 3487 1005 3531 offendi
1023 3500 1106 3530 non

335 3553 475 3606 Delph.
491 3558 529 3594 et
551 3555 645 3596 Vur.
663 3556 769 3598 ctas.

1098 3555 1200 3608 Nep.

1934 230 2041 284 513

1157 363 1327 403 omnino
1346 361 1635 403 inficiandum.
1663 361 1780 403 Vera
1799 360 1912 402 enim
1928 373 2040 414 prae-

1158 428 1286 467 terita
1305 432 1403 467 sunt
1420 427 1532 479 parsi
1550 431 1597 467 et
1610 426 1782 479 peperci,
1810 438 1904 479 quae
1925 426 2041 467 inter

1159 490 1279 540 ponit
1317 490 1545 531 discrimen
1583 490 1808 531 Cornelius
1847 490 2034 531 Fronto:

1159 553 1171 575 ‘
1191 553 1340 605 Parsi,'
1373 554 1528 606 inquit,
1558 557 1570 577 ‘
1590 554 1744 594 semel:
1771 554 1929 606 peperci
1962 566 2040 594 sae-

1160 616 1285 669 pius:
1339 616 1469 658 Quod
1486 628 1571 657 non
1591 616 1777 668 probant
1805 616 2044 658 doctissimi

1159 679 1317 720 critici.
1390 678 1522 720 Aliud
1558 680 1715 720 ‘statuit
1752 681 1954 722 Donatus
1989 680 2045 721 ad

1163 742 1330 795 Hecyr.
1347 742 1596 784 Terentian.
1616 747 1702 783 act.
1718 753 1789 784 111.
1802 755 1861 783 sc.
1878 748 1912 784 1.
1924 743 2042 796 quod

1161 811 1283 846 recte
1302 806 1439 846 etiam
1462 811 1594 858 negat
1619 806 1809 848 Servius.
1864 807 1936 847 Sic
1953 820 2044 859 par-

1159 870 1272 910 sisset
1285 873 1432 911 exstat
1453 870 1568 923 apud
1589 869 1806 923 Agellium
1825 871 1897 913 lib.
1915 884 1957 913 v.
1980 875 2046 913 14.

1161 932 1326 974 Eodem
1344 932 1472 973 modo
1497 934 1703 986 praestavit
1729 933 1840 974 dixit
1858 929 2047 974 Ammia-

1159 1007 1240 1036 nus
1266 995 1376 1037 libro
1395 1007 1533 1038 xxxx.
1563 1003 1611 1039 et
1628 998 1843 1038 instatur-os
1874 996 2046 1037 Fronti-

1160 1071 1238 1100 nus
1258 1071 1312 1100 11.
1326 1063 1370 1101 6.
1386 1060 1520 1102 strat.
1540 1061 1595 1102 ad
1612 1063 1732 1115 cnjus
1750 1062 1890 1102 locum
1921 1062 2047 1113 plura

1161 1122 1418 1175 notavimus,
1436 1123 1558 1175 alias,
1588 1123 1625 1163 si
1653 1135 1722 1164 res
1750 1122 1936 1173 dederit,
1954 1123 2047 1165 orbi

1162 1185 1330 1227 erudito
1350 1186 1617 1239 exponenda.
1645 1187 1798 1228 Keuch.

1215 1250 1375 1291 Partim
1389 1249 1525 1303 patria
1542 1251 1799 1304 expulissent]
1819 1251 1871 1292 In
1892 1250 2049 1305 quibus

1161 1318 1209 1355 et
1226 1313 1320 1367 ipse
1345 1314 1639 1368 Thrasybulus
1671 1315 1727 1356 ob
1752 1327 1856 1368 opes
1883 1315 2050 1358 e'xcidit

1163 1376 1319 1429 patria.
1338 1377 1513 1419 Scholia
1532 1378 1576 1418 in
1597 1377 1818 1430 Aristoph.
1848 1379 2046 1420 Plutum:

1162 1438 1332 1493 Εὔπορος
1349 1440 1416 1492 ὢν,
1432 1439 1498 1481 καὶ
1515 1440 1556 1492 ἐξ
1587 1441 1715 1482 αὐτῶν
1732 1439 1966 1496 (τυράννων)
1987 1443 2049 1482 ἐκ·

1161 1503 1305 1545 πεσών.
1338 1504 1540 1547 Gebhard.

1220 1569 1378 1609 Partim
1400 1568 1709 1622 interfecissent]
1732 1569 1954 1612 Diodorus
1972 1570 2050 1612 lib.

1164 1643 1261 1674 xlv.
1300 1631 1350 1672 Οἱ
1386 1630 1429 1674 δὲ
1461 1633 1504 1673 ἐν
1536 1632 1716 1683 Ἀθήναις
1750 1633 2051 1675 δυναστεύοντες

1162 1693 1372 1748 τριάκοντα
1382 1694 1577 1749 τύραννοι,
1591 1697 1677 1738 καθ’
1689 1695 1836 1750 ἡμέραν
1848 1698 1917 1737 οὐκ
1933 1696 2051 1737 ἐπαύ-

1165 1772 1288 1799 σαντο
1319 1757 1413 1801 τοὺς
1446 1758 1519 1810 μὲν
1554 1759 1840 1813 φυγαδεύοντες
1883 1760 1977 1802 τοὺς
2008 1760 2052 1802 δὲ

1163 1823 1420 1876 ἀναιροῦντες.
1453 1823 1581 1866 Gebh.
1635 1825 1762 1866 Mille
1791 1826 2052 1880 quingentos

1163 1887 1329 1929 indicta
1349 1900 1478 1930 causa
1493 1894 1719 1941 necarunt,
1731 1888 1872 1943 inquit
1890 1890 2052 1930 AEschi-

1165 1963 1242 1996 nes
1261 1951 1305 1991 in
1331 1951 1460 1992 Orat.
1487 1951 1574 2004 περὶ
1596 1956 1846 2005 παραπρεσβ.
1878 1958 1924 1994 et
1949 1952 2054 1993 κατὰ

1165 2020 1340 2067 Κτησιφ.
1377 2016 1498 2069 Lege
1516 2016 1648 2057 etiam
1666 2017 1696 2059 J
1700 2018 1825 2060 ustin.
1843 2017 1918 2059 lib.
1938 2030 1984 2059 v.
2006 2023 2054 2060 et

1167 2079 1296 2120 Oros.
1320 2090 1372 2121 11.
1390 2084 1456 2121 16.

1221 2142 1435 2197 Princeps]
1474 2146 1645 2197 Πρῶτος.
1687 2143 1740 2184 In
1770 2143 2050 2186 Hamilcare:

1167 2206 1180 2230 ‘
1211 2206 1426 2260 Princeps
1463 2208 1695 2261 largitione
1737 2214 1930 2249 vetustos
1959 2220 2056 2261 per-

1167 2272 1301 2314 vertit
1331 2284 1472 2313 mores
1503 2271 1862 2314 Atheniensium!
1886 2271 2056 2313 AEneid.

1168 2349 1236 2378 rx.
1291 2338 1304 2360 ‘
1345 2337 1555 2388 Princeps
1599 2335 1823 2376 ardentem
1864 2335 2055 2388 conjecit

1168 2402 1368 2455 lampada
1385 2400 1592 2442 ‘rm-nus:
1623 2401 1736 2442 Caes.
1770 2401 1824 2442 B.
1842 2400 1899 2443 G.
1933 2413 1966 2443 1.
1986 2405 2053 2442 12.

1168 2471 1215 2509 et
1246 2470 1314 2523 41.
1357 2467 1370 2489 ‘
1403 2465 1704 2519 Princepsque
1735 2464 1904 2506 decima
1938 2465 2055 2517 legio

1170 2544 1247 2585 per
1268 2531 1460 2572 tribunos
1487 2530 1670 2571 militum
1690 2530 1730 2571 ei
1748 2530 1910 2581 gratias
1935 2529 2052 2582 egit?

1170 2595 1264 2637 Civ.
1284 2595 1356 2637 lib.
1375 2607 1407 2636 1.
1425 2598 1493 2635 76.
1511 2595 1652 2635 Cicer.
1671 2594 1714 2635 in
1733 2595 1861 2635 Verr.
1880 2595 1893 2616 ‘
1907 2593 2055 2635 Sicilia

1169 2658 1372 2711 princeps
1390 2670 1438 2698 se
1457 2657 1512 2699 ad
1543 2657 1775 2699 amicitiam
1803 2658 1951 2710 populi
1970 2658 2056 2697 Ro-

1169 2723 1283 2763 mani
1293 2722 1522 2776 applicuit,
1535 2727 1582 2763 et
1597 2723 1735 2775 prima
1747 2722 1934 2762 omnium
1947 2722 2056 2762 Pro-

1170 2787 1314 2828 vincia
1330 2791 1398 2827 est
1417 2787 1653 2839 appellata.
1657 2786 1668 2804 '
1702 2786 1828 2827 Gebh.

1225 2850 1386 2891 Bellum
1402 2850 1464 2890 his
1477 2849 1647 2901 indixit]
1685 2847 1886 2901 Xenoph.
1904 2847 1981 2889 lib.
2001 2859 2056 2889 11.

1171 2914 1349 2956 Diodor.
1368 2926 1464 2956 x1v.
1484 2915 1627 2956 Valer.
1648 2925 1690 2955 v.
1709 2917 1751 2955 6.
1783 2914 1899 2956 Just.
1931 2925 1976 2954 v.
2008 2919 2057 2955 et

1171 2990 1224 3019 ex
1245 2989 1296 3019 eo
1316 2977 1445 3020 Oros.
1463 2989 1514 3020 11.
1531 2982 1599 3020 17.
1625 2977 1792 3019 Savaro.

1223 3041 1336 3082 CAP.
1367 3044 1409 3082 2.
1443 3041 1597 3094 Phylen
1625 3023 1885 3093 confugisset]
1927 3040 2058 3082 Oros.

1168 3105 1247 3146 lib.
1286 3116 1339 3146 11.
1379 3108 1444 3146 17.
1488 3106 1652 3147 Phileas
1688 3111 1892 3158 corrupte
1934 3105 2056 3157 legit.

1174 3169 1301 3210 Ortel.
1352 3169 1461 3212 Quae
1499 3174 1566 3209 est
1602 3168 1782 3209 finitima
1810 3168 2057 3221 Tanagriae3

1170 3239 1345 3275 centum
1382 3232 1549 3283 stadiis,
1582 3237 1696 3272 teste
1729 3230 1939 3281 Diodoro,
1973 3230 2058 3272 dis-

1171 3303 1266 3339 tans
1286 3296 1480 3337 Athenis.
1538 3297 1762 3336 Praeterea
1794 3295 1964 3336 OEnidis
1983 3295 2059 3335 tri-

1171 3361 1251 3401 bus
1285 3372 1399 3413 pars.
1468 3358 1641 3400 Scholia
1676 3358 1720 3399 in
1754 3357 2057 3411 Aristophanis

1172 3425 1366 3475 Plutum,
1386 3429 1471 3465 act.
1489 3434 1532 3464 V.
1555 3435 1669 3465 scen.
1692 3427 1731 3464 1.
1750 3422 1859 3471 Φυλὴ
1878 3422 1918 3462 δὲ
1938 3425 2058 3472 δῆμος

1171 3490 1243 3536 τῆς
1260 3488 1457 3540 Ἀττικῆς,
1481 3486 1544 3528 καὶ
1563 3486 1599 3527 οἷ
1613 3486 1847 3527 ἐνοικοῦντες
1857 3485 2055 3536 φυλάσιοι.

1849 3555 1945 3594 2Κ
