2306 3900
776 335 1000 380 RERUM
1045 335 1120 375 ΕΤ
1165 333 1530 375 VERBORUM.

312 460 517 500 constabat
534 460 734 500 arnoenitas
765 460 904 500 domus
936 474 1017 500 non
1046 463 1140 501 aedi·

313 513 417 561 ficio,
436 515 504 554 sed
524 515 636 568 sylva
663 528 754 562 xxv,
771 518 821 556 13

260 566 507 608 Constituere
524 569 673 623 aliquid
690 585 700 609 :
730 568 834 623 (vid.
858 569 908 610 de
927 570 1002 609 hoc
1023 570 1139 608 verbo

315 620 489 661 Gronov.
504 623 588 662 obs.
611 623 639 670 i,
653 622 710 675 1).
746 626 806 663 res
823 635 921 675 quas
937 623 1142 676 Lysander

312 674 478 714 Athenis
497 676 700 716 constituit
727 677 795 724 vii,
814 680 867 717 10
911 676 1021 730 (quae
1053 675 1140 729 ipso

312 734 469 769 auctore
487 737 707 784 agenteque
731 738 824 770 sunt
851 731 1074 770 constitutae
1100 731 1141 769 in

313 784 586 834 procuratione
614 784 709 838 reip.
729 797 783 824 sc.
815 783 960 825 ἐκείνου
979 784 1054 833 τὴν
1070 800 1142 825 πο-

310 835 462 880 λιτείαν
490 836 671 888 ἄγοντος.
690 837 889 891 Boecler.)
907 839 1142 878 constituere

311 889 436 930 aciem
483 893 639 932 navium
681 893 889 948 (instruere
937 893 986 931 ad
1033 892 1142 944 prael.

311 944 452 998 naves)
483 945 590 994 xxiii,
607 950 655 987 11
708 946 900 1000 oppidum
930 943 1143 1000 (condere)

313 1011 352 1045 v,
376 1002 403 1039 2
435 1011 572 1051 pacem
590 1000 674 1048 xiii,
693 1005 719 1042 2
764 1013 825 1039 res
853 1013 1004 1039 summa
1021 999 1143 1053 aequi-

311 1057 393 1092 tate
400 1052 533 1107 (quasi
545 1054 708 1095 fundare
720 1061 762 1093 et
772 1054 930 1097 firmiter
939 1054 1089 1100 sistere,
1099 1060 1144 1092 ut

311 1106 427 1146 facile
458 1107 577 1160 dejici
612 1114 835 1162 nequeant:
882 1110 933 1149 de
964 1107 1144 1147 ordinato

310 1160 478 1214 regionis
513 1161 639 1215 statu)
680 1163 708 1210 i,
737 1166 764 1203 2
808 1162 909 1216 (vid.
946 1161 1144 1202 Buchner.

270 1238 274 1243 ·
310 1213 426 1254 Thes.
456 1228 495 1255 v.
526 1215 700 1269 Statue).
744 1216 1029 1257 Chersonesum
1050 1217 1098 1263 ·i,
1116 1220 1142 1256 4

309 1267 594 1309 constituendae
619 1270 717 1323 reip.
747 1270 924 1309 triumvir
940 1269 1144 1324 (ordinan-

311 1322 390 1368 dae,
407 1323 688 1375 instaurandae)
714 1338 803 1371 xxv,
823 1328 875 1364 12
916 1324 974 1378 (v.
990 1323 1145 1362 Trium-

311 1375 404 1427 vir).
428 1378 668 1422 constituere
696 1383 928 1431 potestatem
948 1377 1144 1418 decemvi-
1191 1416 1196 1420 .

311 1429 429 1469 ratem
448 1430 696 1484 (instituere)
715 1432 769 1479 vi,
787 1436 812 1472 3
842 1437 999 1482 portum
1019 1432 1144 1483 tripli-

309 1495 394 1522 cem
413 1483 667 1536 (aedificando
686 1484 882 1537 emunire)
909 1485 954 1532 ii,
970 1489 998 1526 6
1030 1485 1147 1525 alicui

309 1541 477 1577 statuam
493 1537 681 1593 (ponere)
696 1540 762 1586 xii,
773 1543 794 1579 1
819 1537 967 1587 vineas,
982 1539 1146 1578 testudi-

309 1604 380 1631 nes
394 1591 519 1645 (mox,
535 1592 724 1645 statuere)
744 1594 806 1640 i‚⁷
837 1593 1072 1632 constituere
1089 1607 1149 1632 ur-

313 1645 401 1685 bem
425 1647 637 1700 (desertam
657 1659 907 1698 eversamque
924 1647 974 1685 de
993 1645 1146 1699 integro

270 1719 274 1722 ·
310 1701 495 1745 condere,
514 1700 652 1740 incolis
669 1707 709 1740 et
725 1714 806 1752 rep.
827 1699 1011 1751 formare)
1038 1713 1101 1748 xv,
1122 1705 1147 1742 8

308 1754 398 1804 (ubi
411 1761 540 1794 tamen
556 1761 638 1807 opt.
652 1755 738 1794 libri
753 1755 899 1793 habent
915 1759 927 1776 ⁶
942 1754 1145 1793 restituta':

310 1808 510 1858 quomodo
541 1815 583 1847 et
609 1810 650 1848 in
678 1808 768 1848 loco
798 1806 1042 1860 παραλλήλῳ
1079 1809 1147 1847 ha-

310 1861 423 1899 betur
442 1866 454 1885 ‘
466 1863 680 1903 restituefe’
698 1863 776 1910 xvi,
789 1866 829 1903 4.
857 1875 898 1900 v.
911 1866 1026 1915 supra
1042 1861 1148 1902 Con·

310 1913 434 1966 dere).
466 1918 718 1964 constituere,
752 1921 943 1969 quantum
982 1916 1148 1968 quisque

289 1969 420 2008 *daret
451 1969 652 2019 (definire,
692 1971 743 2010 de
773 1970 944 2018 arbitrio,
972 1969 1145 2022 judicio,

310 2022 497 2075 consilio)
525 2023 582 2072 iii,
601 2029 627 2065 8
674 2025 912 2064 constituere
930 2025 982 2064 de
1011 2024 1147 2076 aliquo

309 2075 566 2130 (sententiam
582 2077 702 2132 ferre)
727 2079 838 2126 xviii,
857 2081 910 2118 12
955 2078 1147 2118 constitu-

310 2142 376 2171 ere
395 2131 470 2171 sibi
491 2145 674 2184 magnam
706 2132 980 2172 auctoritatem
1014 2144 1148 2183 pugna

308 2183 443 2237 aliqua
459 2185 719 2248 §comparata
752 2192 912 2232 struere,
937 2185 1000 2225 vel
1019 2193 1061 2224 et
1078 2185 1143 2224 fir-

307 2236 436 2291 mare)
462 2251 516 2288 rx,
531 2243 556 2280 5
599 2240 763 2280 classem
783 2240 890 2292 apud
916 2239 1010 2279 fluv.
1041 2238 1145 2332 8σοί-

308 2290 459 2346 locare)
484 2291 554 2340 vii,
573 2297 601 2334 8
627 2299 788 2347 regnum
801 2293 918 2333 alicui
930 2292 1052 2346 (stabi
1070 2292 1149 2346 ire)

308 2344 380 2398 xii,
398 2349 428 2388 2
457 2345 715 2387 domicilium
742 2347 817 2386 sibi
850 2347 994 2387 alicubi
1033 2346 1076 2394 ii,
1093 2350 1146 2388 10

307 2397 464 2494 &em
518 2400 695 2441 domicil.
740 2400 902 2454 legere).
943 2400 1148 2441 constituit

404 2453 525 2495 iecere
555 2454 766 2508 (decernit,
798 2453 958 2509 statuit)
1008 2455 1088 2501 xiv,
1121 2460 1145 2495 5

309 2506 397 2560 (Sic
434 2520 539 2560 saepe
576 2508 730 2549 Cicero.
764 2508 922 2561 Vorst.)
956 2508 1147 2547 constitu·

310 2565 394 2600 tum
438 2561 653 2614 antiquitus
689 2568 836 2601 tectum
868 2561 1148 2616 (aedificatum)

310 2626 400 2659 xxv,
421 2618 472 2655 13

258 2665 478 2710 Consuevit
494 2669 571 2709 hoc
590 2674 768 2709 sanctum
785 2680 870 2708 esse
889 2668 996 2720 apud
1015 2680 1149 2707 ornnes

313 2728 450 2774 gentes
481 2721 789 2816 Sconsuetudine
811 2723 981 2775 quadarn
1011 2722 1149 2774 religio

312 2775 368 2815 rei
401 2788 478 2829 apn
540 2789 675 2817 ornnes
708 2782 859 2816 servata
889 2775 971 2827 est)
1015 2776 1095 2822 xvi,
1125 2781 1148 2816 5

311 2829 451 2870 civitas
477 2829 627 2871 Athen.
662 2829 851 2883 imperare
885 2836 963 2870 cet.
1000 2829 1148 2883 gentib.

224 2937 232 2945 ι
301 2882 571 2935 -(ἀὶιιωι·ιιὶῑω
601 2885 866 2938 praerogativae
893 2890 936 2923 et
963 2882 1151 2937 potentiae

313 2937 575 2991 significatur)
602 2939 656 2986 ix,
677 2941 702 2979 3
745 2951 982 2978 consuevere
1010 2937 1151 2991 magis·

313 2996 436 3031 tratus
469 2991 584 3032 simul
622 2991 772 3045 epulari
805 2991 978 3046 (solent)
1025 2992 1104 3039 xvi,
1124 2995 1150 3032 2

314 3046 520 3085 consuevit
555 3047 642 3086 haec
675 3045 805 3086 vivere
841 3058 932 3086 curn
974 3045 1042 3085 illo
1080 3045 1152 3101 (de

314 3100 601 3140 consuetudine
647 3098 794 3153 stupri)
834 3098 904 3146 vii,
952 3103 1005 3141 10
1061 3099 1171 3153 (ubi-

314 3157 443 3191 tamen
463 3154 573 3204 quid.
591 3161 823 3206 expungunt
838 3153 887 3194 τὸ
906 3150 1057 3205 vivere)

258 3205 516 3245 Consuetudo
551 3206 643 3246 vitae
679 3206 946 3261 (institutum)
981 3220 1071 3253 xxv,
1102 3208 1151 3246 14

314 3259 402 3312 (Sic
419 3259 577 3299 Terent.
595 3259 742 3299 Heaut.
770 3259 815 3307 ii,
834 3263 875 3308 3,
900 3263 954 3301 42
997 3265 1010 3284 ·
1052 3257 1154 3298 uoti·

311 3313 442 3352 dianae
482 3313 573 3352 'vitae
619 3312 971 3352 consuetudinem:
1050 3313 1156 3351 ‘and.

306 3366 471 3420 phrasin
486 3366 606 3407 Adel.
633 3380 673 3414 ν,
693 3369 734 3413 3,
751 3368 818 3406 84.
845 3366 1000 3418 reponit
1014 3364 1153 3419 Guye·

310 3426 373 3460 tus
392 3435 402 3460 2
422 3435 460 3460 v.
480 3427 563 3460 not.
577 3419 697 3474 ejus).
725 3419 1019 3460 consuetudinis
1037 3426 1155 3471 atque

314 3472 408 3522 vitas
427 3473 593 3527 alicujus
610 3475 737 3525 imago
764 3487 830 3524 xv,
856 3477 875 3513 1
921 3472 962 3511 in
989 3485 1155 3512 consue-

275 3568 280 3573 ,
314 3526 491 3567 tudinem
511 3539 596 3568 eam
626 3526 812 3567 inducere
831 3525 987 3574 milites,
1007 3533 1051 3565 ut
1077 3525 1155 3580 (sic

312 3579 577 3635 assuefacere)
605 3581 658 3629 xi,
691 3581 717 3621 2
758 3580 1057 3628 consuetudine,
1078 3593 1156 3632 qua

363 3647 514 3700 Delph.
530 3648 569 3688 el
594 3648 690 3690 Ver.
714 3649 818 3689 Clas.

1896 322 2088 375 xxxiii

1256 469 1338 500 turn
1357 474 1415 500 res
1433 461 1662 512 gerebantur
1689 472 1776 507 xxv,
1797 461 1848 501 12
1876 458 2082 514 (εὖφημισ.

1255 517 1371 556 rtur-&5
1390 514 1454 554 hic
1481 513 1678 566 mitigatur
1698 527 1745 553 ea
1768 527 1878 561 voce,
1908 515 2015 566 quod
2034 517 2084 554 ad

1255 569 1333 608 vim
1366 568 1643 608 dominationis
1671 567 1813 607 clarius
1843 568 2086 608 referendum

1257 627 1351 662 erat.
1367 621 1568 674 Boecler.)
1587 622 1672 661 Sic:
1691 622 1934 661 consuetudo
1953 635 2085 675 regum

1232 674 1503 728 (ingenium)
1531 675 1608 722 xiv,
1628 681 1651 715 5
1700 676 1985 715 consuetudine
2016 689 2087 715 sua

1257 728 1454 769 devincire
1471 729 1545 768 sibi
1563 729 1731 782 aliquem
1745 728 1912 783 (ὁμιλίᾳ,
1931 730 2088 771 convic-

1258 783 1381 829 tione,
1400 782 1681 835 familiaritate)
1709 797 1798 829 xxV,
1818 787 1840 823 1

1206 836 1419 883 Consulere
1466 836 1722 889 Apollinem,
1754 835 1980 890 (consilium
2039 838 2089 876 ab

1256 890 1396 943 Apoll.
1429 889 1584 943 petere.)
1632 891 1660 937 i,
1701 896 1722 932 1
1772 891 1975 931 consulere
2015 892 2090 930 sibi

1259 945 1279 998 (
1310 944 1518 997 rospicere,
1565 945 1782 997 providere,
1838 944 1914 983 nisi
1959 952 2089 983 tamen

1260 958 1451 1051 glossema
1483 997 1564 1049 est)
1608 998 1651 1047 ii,
1689 1004 1727 1040 8.
1767 1013 1858 1046 xxv,
1887 1002 1939 1040 21
1997 997 2087 1038 Sic:

1260 1054 1460 1093 consulere
1513 1053 1627 1091 rebus
1669 1054 1748 1093 suis
1793 1053 1846 1100 vi,
1880 1057 1905 1093 2
1957 1052 2092 1106 (Bene

1260 1108 1433 1146 notanda
1444 1114 1504 1146 est
1523 1105 1687 1158 ἔμφασις
1699 1109 1836 1147 horum
1854 1108 2040 1154 locorum,
2052 1113 2094 1147 et

1260 1162 1442 1213 phraseos
1460 1160 1635 1201 indoles:
1660 1176 1749 1207 cum
1768 1161 1872 1200 enirn
1887 1162 1937 1200 de
1953 1161 2089 1200 ultimo

1258 1214 1380 1255 veluti
1399 1216 1570 1254 remedio
1589 1217 1794 1268 cogitatur,
1814 1214 1952 1254 Latine
1973 1220 1985 1238 ‘
1998 1228 2092 1254 con-

1259 1270 1383 1309 sulere
1402 1269 1488 1308 sibi'
1507 1270 1594 1321 quis
1622 1269 1778 1310 dicitur.
1817 1268 1939 1321 Apud
1960 1269 2093 1310 Caesa-

1260 1336 1340 1362 rem
1377 1322 1444 1362 lib.
1479 1326 1520 1362 2.
1576 1324 1626 1362 de
1669 1324 1761 1363 bell.
1795 1323 1870 1362 civ.
1904 1322 2094 1363 Gaditani

1259 1376 1496 1416 denuntiant
1536 1376 1737 1423 Gallonio,
1777 1384 1821 1415 ut
1856 1390 1925 1416 sua
1953 1384 2095 1428 sponte

1262 1431 1467 1470 excederet
1498 1429 1692 1477 Gadibus,
1731 1431 1763 1470 si
1793 1430 1834 1469 id
1872 1444 1952 1469 non
1979 1430 2092 1470 fecis-

1262 1491 1336 1532 set,
1365 1490 1377 1508 ‘
1395 1483 1468 1523 sibi
1498 1484 1703 1528 consilium
1721 1484 1928 1537 capturos.'
1958 1483 2091 1524 Alibi:

1263 1544 1274 1561 ‘
1289 1538 1497 1590 perterritis
1517 1539 1695 1577 omnibus
1715 1539 1879 1591 quisque
1908 1539 1980 1578 sibi
1999 1552 2094 1578 con-

1264 1592 1441 1632 sulebat!
1480 1591 1649 1631 Effettur
1667 1593 1783 1632 etiam
1817 1594 1892 1632 ita:
1930 1593 2095 1633 ‘salutis

1264 1659 1344 1685 suae
1363 1646 1550 1686 rationem
1569 1647 1738 1685 habere?
1771 1653 1782 1670 ‘
1797 1647 1959 1686 salutem
1991 1647 2095 1694 sibi:

1264 1700 1358 1753 fuga
1372 1714 1407 1740 e.
1422 1715 1476 1752 g„
1490 1700 1668 1752 ‘petere-⁹
1687 1706 1698 1724 ‘
1712 1701 1799 1747 sibi,
1815 1714 1891 1753 qua
1907 1708 2015 1753 pote,
2033 1715 2094 1740 sa-

1263 1754 1381 1793 lutem
1402 1754 1599 1806 quaerere!
1619 1754 1797 1794 Boecler.
1831 1755 2035 1798 vid.'Curt.
2054 1769 2094 1802 v,

1265 1811 1332 1854 ll,
1353 1812 1391 1848 2.
1436 1814 1477 1846 et
1509 1807 1689 1848 Gronov.
1718 1809 1769 1847 ad
1806 1808 1892 1847 Liv.
1928 1810 2006 1856 xxi,
2027 1813 2093 1850 16.

1264 1861 1403 1902 Cicero
1415 1861 1515 1900 dixit
1533 1867 1544 1885 ⁸
1559 1862 1761 1902 consulere
1787 1863 1969 1902 rationib.
1988 1863 2095 1910 suis:

1263 1917 1306 1954 in
1343 1914 1565 1968 Epistolis).
1597 1916 1798 1956 consulere
1833 1918 1932 1956 male
1957 1917 2096 1969 patriae

1287 1970 1472 2008 utilitates
1519 1970 1604 2022 ejus
1659 1970 1894 2023 negligere)
1932 1984 1997 2018 xv,
2044 1976 2095 2012 10

1283 2035 1425 2062 noxam
1439 2023 1595 2075 afferre)
1623 2023 1742 2071 xix‚2
1770 2023 1990 2064 consultum
2007 2025 2096 2064 mit-

1265 2083 1345 2116 tere
1365 2077 1441 2128 (sc.
1461 2077 1512 2116 ad
1530 2077 1751 2131 oraculum)
1779 2077 1822 2124 ii,
1841 2081 1867 2118 2

1211 2129 1359 2171 Consul
1377 2131 1619 2184 (praecipuus
1646 2131 1747 2170 inter
1773 2130 1985 2172 ordinarios
2012 2129 2096 2170 Ro-

1264 2197 1339 2224 mae
1357 2183 1622 2239 magistratus)
1634 2184 1682 2224 P..
1697 2186 1816 2226 Corn.
1829 2185 1962 2238 Scipio
1989 2185 2099 2232 xxiii,

1257 2241 1284 2278 4
1313 2238 1361 2279 C.
1380 2237 1594 2278 Flaminius
1630 2238 1737 2287 xxiii,
1753 2243 1780 2279 4
1827 2238 2097 2278 Romanorum

1259 2291 1311 2332 C.
1329 2292 1510 2332 Lutatius
1537 2292 1630 2339 xxii,
1649 2297 1672 2334 1
1721 2294 1874 2345 iterum,
1892 2292 1940 2332 P.
1964 2293 2099 2346 Scipio

1261 2344 1385 2386 Afric.
1403 2345 1517 2394 xxiv,
1534 2349 1562 2387 2
1594 2346 1658 2386 Ti.
1675 2347 1878 2400 Sempron.
1899 2346 2101 2387 Gracchus

1260 2399 1366 2448 xxiii,
1386 2404 1410 2441 5
1459 2400 1597 2440 consul
1628 2401 1837 2454 quinquies
1862 2400 1965 2455 (sive
1983 2402 2100 2454 quin·

1263 2454 1368 2507 turn)
1395 2454 1505 2501 xxiii,
1525 2459 1549 2495 6
1578 2456 1759 2495 consules
1778 2455 1827 2494 C.
1841 2455 2045 2494 Terentius
2060 2462 2102 2494 et

1264 2507 1311 2546 L.
1331 2508 1494 2547 Paullus
1523 2507 1629 2554 xxiii,
1647 2507 1674 2548 4
1708 2507 1850 2547 Romae
1878 2508 1999 2547 annui
2019 2509 2100 2548 bini

1263 2561 1494 2600 creabantur
1521 2561 1630 2607 xxiii,
1649 2566 1674 2601 7
1713 2561 1917 2601 consulum
1935 2562 2100 2613 praesec-

1266 2620 1364 2653 turae
1382 2614 1524 2654 delatae
1557 2613 1691 2654 Attico
1712 2614 1759 2667 (a
1786 2615 2026 2661 consulibus,
2055 2622 2101 2654 ut

1264 2681 1352 2708 curn
1383 2668 1430 2707 iis
1461 2667 1768 2720 proficisceretur
1798 2669 1839 2707 in
1889 2668 2101 2721 rovincias)

1264 2734 1355 2768 xxv,
1373 2726 1400 2763 6
1445 2722 1586 2774 quibus
1604 2722 1828 2761 consulibus
1876 2735 1954 2774 quo
1974 2723 2100 2772 anno)

1265 2774 1371 2823 xxiii,
1391 2778 1441 2816 13
1470 2775 1535 2815 Sic
1552 2789 1561 2814 t
1582 2776 1808 2816 consulibus
1827 2776 1888 2816 M.
1909 2776 1971 2816 Cl.
1991 2777 2099 2815 Mar-

1265 2829 1381 2876 cello,
1413 2829 1465 2877 Q.
1494 2828 1616 2869 Fabio
1642 2829 1856 2869 Labeone:
1900 2830 1946 2870 L.
1965 2829 2102 2869 AErnil.

1267 2883 1423 2931 Paullo,
1443 2889 1484 2925 et
1514 2883 1590 2924 Cn.
1625 2884 1734 2924 Baeb.
1769 2883 2002 2936 Tamphilo:
2051 2884 2100 2923 P.

1266 2937 1385 2979 Corn.
1418 2937 1611 2991 Cethego,
1641 2938 1704 2977 M.
1737 2937 1848 2977 Baeb.
1879 2937 2102 2990 Tamphilo,

1265 2991 1361 3031 ibid.
1416 2991 1479 3032 M.
1511 2989 1696 3039 Claudio,
1729 2991 1775 3031 L.
1812 2991 1927 3031 Furio
1956 2991 2101 3036 xxiii‚7

1267 3045 1312 3085 L.
1334 3044 1532 3092 CorneliO,
1548 3045 1600 3092 Q.
1617 3045 1791 3084 Minntio
1822 3046 1925 3090 xxiii,
1941 3049 1965 3084 8
1996 3045 2101 3083 Con-

1266 3099 1414 3139 sulibus
1433 3099 1484 3146 Q.
1505 3098 1625 3138 Fabio
1645 3099 1837 3144 Maximo,
1866 3099 1927 3136 Μ.
1960 3098 2103 3137 Claud.

1268 3152 1463 3193 Marcello
1490 3154 1594 3200 xxiv,
1616 3157 1637 3192 1
1686 3152 1733 3190 L.
1753 3153 1873 3191 Cotta
1887 3157 1927 3190 et
1946 3150 1991 3189 L.
2005 3150 2101 3190 Tor·

1267 3213 1387 3262 quato
1414 3220 1503 3253 xxv,
1522 3209 1547 3246 4
1596 3206 1670 3245 Cn.
1701 3203 1895 3250 Domitio,
1927 3204 1974 3244 C.
1992 3203 2103 3243 Sosio

1268 3259 1357 3307 xxv,
1385 3262 1439 3299 22
1483 3260 1532 3311 (i.
1552 3272 1588 3297 e.
1606 3271 1653 3297 eo
1676 3269 1780 3295 anno
1799 3257 1872 3297 sub
1890 3256 2004 3310 cujus
2027 3258 2101 3297 ini·

1269 3313 1366 3351 tium
1385 3313 1424 3350 hi
1443 3313 1622 3351 consules
1635 3311 1902 3364 magistratum
1916 3311 2102 3358 inierunt,

1270 3365 1422 3405 solenni
1441 3363 1727 3405 consuetudine
1749 3364 1982 3417 designandi
2002 3372 2099 3404 tem-

1299 3419 1388 3465 oris,
1418 3416 1610 3458 Romanis
1641 3418 1927 3471 scriptoribus).
1946 3419 2099 3459 Consu-

1270 3432 1359 3511 linis
1379 3471 1424 3511 L.
1445 3472 1656 3512 Flaminius
1675 3471 1766 3525 (qui
1785 3479 1954 3526 gesserat
1979 3474 2103 3509 hono-

1272 3539 1352 3567 rem
1368 3525 1615 3580 consulatus)
1647 3527 1756 3572 xxiii,
1774 3531 1825 3567 12
1879 3526 1965 3564 Sic:
1998 3525 2103 3563 Con-

1273 3581 1417 3621 sulares
1454 3581 1603 3633 aliquot
1645 3580 1751 3627 xxiii,
1787 3584 1812 3619 4
1860 3579 2102 3618 consulatum

1079 3649 1168 3688 Ind-
1190 3649 1294 3700 Nep.
1968 3659 1988 3684 e
