2306 3900
357 383 516 428 Cicero
535 383 631 436 ipse
652 382 791 425 Attic.
805 388 889 426 ι.5.
905 388 947 425 6.
959 388 1000 427 8.
1016 388 1082 426 10.
1111 385 1241 426 Heid-

355 459 461 487 man.
513 446 586 487 Sic
616 445 719 487 infr.
745 447 1034 501 ‘Nuptiarum
1068 451 1241 492 concili·

357 514 454 550 ator
471 507 554 549 fuit
570 507 810 552 Antonius:

414 573 515 612 Cum
549 586 625 624 quo
665 588 691 614 u
736 575 1040 627 condiscipulatu
1087 577 1241 618 vivebat

354 635 685 689 conjunctissime]
712 637 828 678 Hinc
861 638 1018 679 Fabius
1045 640 1239 682 Quincti·

354 698 515 739 lianus:
533 698 546 720 ‘
559 698 956 752 Condiscipulorum
972 700 1172 756 amicitiae
1183 701 1238 742 ad

355 767 629 803 senectutem
648 775 782 816 usque
801 762 1048 819 firmissimae
1066 764 1240 819 durant,

354 826 559 879 religiosa
592 826 776 879 quadam
811 827 1128 870 necessitudine
1163 829 1239 870 im·

356 890 502 933 butan?
557 891 753 932 Institut.
783 892 909 933 Orat.
939 904 971 932 1.
998 896 1038 934 2.
1075 894 1133 935 Et
1154 894 1240 934 Ne·

355 967 437 1009 pos
468 953 610 996 infra:
650 955 777 996 ‘Hoc
808 967 978 1010 quoque
1011 956 1068 997 sit
1097 956 1238 998 Attici

355 1019 567 1061 bonitatis
598 1021 860 1072 exemplum,
893 1020 1010 1074 quod
1040 1032 1138 1062 cum
1170 1033 1238 1073 eo,

355 1095 485 1138 quem
505 1084 747 1136 puerumqin
767 1084 869 1124 ludo
889 1091 1115 1137 cognorat,
1131 1085 1240 1126 adeo

357 1149 587 1202 conjuncte
608 1149 790 1199 vixit‚ut
808 1150 863 1191 ad
880 1156 1114 1192 extremam
1136 1157 1240 1192 aeta-

357 1215 448 1252 tem
477 1212 666 1254 amicitia
695 1225 841 1254 eorum
867 1213 1084 1256 creverit!
1113 1214 1241 1256 Heid-

355 1287 463 1318 suan.

414 1341 546 1387 Quam
575 1352 664 1382 cum
697 1340 885 1394 Quincto]
926 1342 999 1383 De
1035 1341 1243 1384 Cicerone

353 1404 546 1445 .v10issim
583 1404 718 1446 infra:
765 1407 778 1429 ‘
793 1396 988 1447 Atticum
1024 1406 1243 1459 praecipue

356 1467 514 1508 dilexit
534 1468 700 1519 Cicero,
717 1473 766 1509 ut
785 1481 841 1509 ne
860 1468 997 1511 frater
1013 1469 1184 1522 quidem
1203 1469 1244 1509 ei

358 1531 574 1575 Quinctiis
606 1533 747 1573 carior
769 1531 929 1574 fuerit?
983 1533 1043 1574 Et
1074 1532 1130 1573 ad
1163 1534 1244 1574 Fa-

356 1595 447 1637 mil.
468 1595 540 1637 lib.
560 1607 668 1637 x111.
697 1596 710 1619 ‘
727 1595 1016 1648 Pomponium
1045 1595 1243 1637 Atticum

357 1658 422 1700 sic
452 1671 560 1711 amo,
597 1664 647 1700 ut
681 1660 867 1700 aiterum
895 1658 1100 1700 fratrem:
1140 1659 1245 1700 nihil

357 1727 428 1764 est
445 1722 518 1764 ino
545 1722 647 1763 mihi
666 1735 747 1764 nec
766 1723 907 1764 carius
937 1735 1020 1764 nec
1041 1723 1243 1777 jucundi-

358 1796 435 1826 us:
457 1786 588 1834 >homo
604 1785 777 1826 minime
793 1785 1060 1838 ambitiosus,
1069 1786 1243 1827 minime

356 1847 403 1893 in
435 1847 660 1900 rogitando
679 1848 915 1890 molestus.'
949 1849 1075 1890 Idem.

411 1912 720 1953 :similitudinem
732 1913 900 1965 morum]
921 1912 1075 1954 Cicero
1087 1913 1130 1953 in
1147 1913 1243 1954 1.ae-

356 1976 444 2018 lio:
473 1977 486 1999 ‘
502 1977 619 2018 Nihil
640 1982 709 2018 est
729 1977 844 2031 quod
870 1976 926 2018 ad
953 1988 1000 2018 se
1032 1988 1120 2018 rem
1155 1982 1243 2018 tam

357 2039 534 2092 alliciat,
552 2044 641 2082 tam
659 2041 866 2094 attrahat,
879 2053 1007 2095 quam
1026 2041 1081 2081 ad
1098 2040 1244 2082 amici-

357 2104 466 2146 tiam
479 2104 739 2146 similitudo)
794 2105 873 2146 Et:
903 2107 916 2130 ‘
931 2105 1138 2158 Dispares
1155 2116 1243 2145 mo-

355 2179 430 2209 res
461 2168 654 2221 disparia
684 2167 830 2210 studia
859 2175 1116 2223 sequuntur,
1142 2181 1244 2223 quo·

359 2239 454 2273 rum
469 2232 770 2274 dissimilitudo
786 2233 990 2275 dissociat
1002 2232 1243 2276 amicitias.'

358 2294 512 2339 Schott.

415 2360 545 2406 Quam
558 2358 808 2413 affinitatem]
835 2359 948 2400 vide
959 2371 1088 2412 snpra
1105 2359 1149 2399 in
1166 2359 1247 2400 Di·

358 2433 442 2464 one
467 2427 514 2463 et
545 2422 589 2462 in
623 2422 868 2463 Timoleone
899 2421 1060 2462 ibidem
1091 2422 1246 2463 Notas.

360 2486 722 2539 conjunctionem
747 2485 908 2528 Justin.
928 2484 1044 2526 dixit
1060 2484 1159 2527 libr.
1179 2497 1245 2527 vx.

361 2549 375 2573 ‘
388 2549 530 2590 Porro
548 2549 788 2590 Pisandrus
808 2549 1111 2602 conjunctione
1132 2549 1246 2603 Age-

359 2612 477 2667 silai,
491 2613 623 2654 etiam
642 2612 848 2654 virtutum
875 2613 1101 2654 aemulator
1120 2613 1244 2655 erat.'

359 2676 415 2716 Id
437 2681 522 2727 est,
541 2675 767 2718 affinitate.
822 2677 930 2717 Erat
959 2677 1074 2717 enim
1101 2677 1247 2719 uxoris

362 2740 459 2792 ejus
479 2738 633 2781 frater.
686 2739 836 2781 Infra:
865 2744 877 2763 ‘
893 2740 1094 2793 Agrippa
1112 2741 1246 2793 potis-

361 2803 514 2845 simum
529 2803 620 2856 ejus
638 2802 840 2855 diligeret
854 2803 1123 2855 affinitatem,
1137 2817 1247 2857 prae·

360 2872 623 2920 optaretque
639 2867 806 2919 Equitis
826 2868 1006 2908 Romani
1025 2867 1154 2909 filiam
1174 2879 1246 2920 ge·

351 2941 556 2970 ‘nerosam
575 2929 769 2982 nuptiis!
796 2930 964 2973 Savaro.

362 3032 365 3037 .
418 2994 695 3046 Principatum
713 2996 942 3046 eloquentioe
956 2995 1130 3048 tenebat]
1158 2995 1248 3037 Un—

361 3057 421 3099 de
440 3058 453 3080 ‘
469 3069 716 3099 caussarum
738 3059 834 3098 Rex
851 3058 864 3077 '
898 3058 1054 3099 dictus.
1110 3059 1249 3100 Dicti-

363 3133 489 3163 onem
536 3121 777 3161 incredibili
832 3126 977 3173 gestus
1035 3122 1249 3163 suavitate

363 3185 693 3226 commendabat
713 3185 868 3225 Cicero
887 3185 930 3225 in
949 3186 1100 3227 Bruto.
1135 3185 1249 3225 Vide

364 3249 562 3289 Vossium
583 3248 637 3289 de
667 3248 901 3289 Historicis
933 3249 1113 3300 Latinis,
1131 3260 1162 3291 1.
1184 3252 1250 3290 11.

365 3309 566 3351 Keuchen.

425 3373 578 3423 Cicero,
605 3387 657 3413 an
684 3374 965 3426 Hortensius]
988 3375 1111 3416 Inter
1144 3387 1250 3428 quos

367 3435 501 3478 etiam
518 3437 561 3476 in
579 3438 757 3478 ainando
774 3438 990 3479 aennulatio
1009 3438 1102 3481 fuit.
1135 3440 1248 3481 Hor·

716 264 896 306 NOTAE
938 264 1271 306 VARIORUM
1315 266 1378 307 IN
1425 268 1478 308 C.
1519 267 1784 308 NEPo'rls

1302 386 1485 427 tensium
1503 387 1616 430 enim
1643 387 1832 429 levitatis
1865 392 1912 430 et
1937 387 2179 431 inconstan-

1302 450 1374 490 tiae
1394 463 1509 504 saepe
1527 452 1670 505 arguit
1688 452 1752 494 M.
1769 451 1930 492 Tullius
1947 452 2087 505 Epist.
2105 454 2179 495 lib.

1300 524 1374 556 111.
1405 517 1445 556 1.
1480 520 1526 556 et
1545 515 1620 557 lib.
1641 527 1703 556 xv.
1737 519 1778 556 3.
1798 521 1845 557 et
1873 516 1950 557 lib.
1976 528 2014 557 1.
2048 519 2090 557 3.
2124 517 2179 558 ad

1302 576 1538 620 Quinctum
1575 578 1770 620 fratrem.
1842 581 2004 621 Rursus
2035 581 2181 634 Epist.

1300 642 1375 684 lib.
1393 654 1436 684 v.
1453 646 1518 684 20.
1538 649 1585 684 et
1603 643 1680 685 lib.
1708 655 1772 685 vr.
1793 647 1844 688 1..
1858 644 2071 685 actionem
2089 644 2182 696 ejus

1298 704 1476 759 λιγυρὰν,
1493 706 1539 747 id
1559 713 1643 759 est,
1661 713 1855 760 argutam
1885 707 2067 752 obscure
2084 720 2183 760 per·

1299 770 1531 822 ottingene,
1558 771 1572 794 ⁴
1591 771 1783 812 Momum
1799 771 2071 824 Ligurinum’
2092 784 2186 813 rec·

1300 835 1347 871 te
1380 837 1522 873 vocat.
1591 831 1739 874 Infra:
1777 835 1912 876 ‘Cum
1948 835 2184 888 aequalibus

1301 893 1405 946 suis,
1434 895 1489 938 Q.
1520 894 1758 936 Hortensio
1775 902 1839 938 ⁵et
1871 897 1937 938 M.
1956 897 2185 947 Cicerone,

1301 957 1363 998 sic
1383 956 1507 1010 vixit,
1531 962 1583 998 ut
1602 958 1803 1011 judicare
1829 958 2003 1001 difficile
2019 961 2097 1014 sit,
2113 962 2184 1003 cui

1301 1021 1422 1062 aetati
1437 1020 1571 1063 fuerit
1586 1022 1860 1074 aptissimus?
1887 1022 2039 1065 Schotr.

1355 1084 1469 1125 Inter
1478 1097 1572 1138 quos
1583 1089 1708 1126 tantoe
1719 1086 1847 1126 laudis
1857 1090 1958 1127 esset
1968 1087 2187 1140 emulatio]

1300 1148 1373 1190 Sic
1385 1147 1527 1189 infra:
1555 1151 1568 1172 ⁴
1589 1149 1686 1190 Hoc
1705 1150 1834 1203 quale
1849 1150 1920 1202 sit,
1934 1149 2102 1192 facilius
2112 1163 2187 1195 ex.-

1301 1212 1509 1254 istimabit
1522 1213 1571 1265 is,
1579 1213 1651 1267 qui
1659 1212 1861 1266 judicare
1871 1213 2189 1268 poterit,quan-

1302 1280 1362 1317 tae
1375 1275 1434 1316 sit
1446 1276 1674 1328 sapientiae
1695 1289 1841 1318 eorum
1857 1276 2048 1318 retinere
2062 1288 2185 1318 usum

1305 1339 1753 1394 benevolentiamque,
1782 1340 1896 1381 inter
1927 1351 2032 1395 qnos
2051 1341 2187 1381 maxi·

1302 1416 1468 1445 marum
1499 1416 1644 1445 rerum
1678 1416 1763 1445 non
1793 1405 1930 1445 solum
1955 1404 2187 1455 aemulatio,

1303 1469 1380 1510 sed
1397 1469 1656 1511 obtrectatio
1675 1468 2008 1511 intercedebat!
2037 1469 2160 1510 Idem.

1359 1532 1550 1585 Essetque
1563 1532 1703 1573 talium
1715 1532 1888 1573 virorum
1902 1531 2057 1584 copula]
2076 1531 2187 1573 Con-

1297 1595 1485 1648 junctio.
1557 1596 1768 1637 Nazarius
1814 1595 2086 1648 Panegyrico
2141 1595 2187 1634 in

1305 1658 1631 1699 Constantinum
1651 1669 1746 1710 cap.
1758 1661 1826 1699 10.
1855 1659 1868 1681 ‘
1886 1658 1972 1699 Sed
1990 1656 2187 1710 profecto

1303 1722 1419 1761 nulla
1437 1722 1480 1762 vi
1510 1727 1691 1773 possunt
1716 1721 1851 1772 coire,
1877 1733 1973 1774 quae
2002 1720 2188 1761 naturali

1304 1783 1488 1826 divortio
1503 1783 1715 1825 dissident
1732 1799 1743 1826 ε
1772 1796 1855 1825 nec
1873 1785 1962 1824 ulla
1979 1788 2068 1825 tam
2083 1782 2188 1824 fide-

1304 1847 1358 1888 lis
1376 1852 1445 1889 est
1475 1847 1647 1900 copula,
1679 1860 1775 1900 quae
1794 1848 1838 1888 in
1857 1847 2072 1888 diversum
2098 1851 2190 1888 ten-

1306 1910 1456 1952 dentia
1474 1922 1589 1951 nexu
1607 1923 1683 1952 suo
1697 1909 1876 1952 teneat?
1905 1902 2108 1952 Gebhard.
2126 1946 2131 1951 .

1360 1974 1473 2017 CAP.
1493 1979 1535 2022 6.
1564 1975 1817 2027 Optimumm
1844 1974 2040 2028 partium]
2067 1974 2191 2016 Ursi·

1304 2050 1384 2079 nus
1395 2038 1597 2091 opinatur
1612 2038 1841 2090 legendum
1861 2050 1974 2090 esse,
1991 2050 2071 2090 pro
2085 2039 2189 2091 opti-

1305 2113 1474 2152 marum,
1518 2101 1764 2153 optimatum.
1807 2101 1953 2144 Ernst.
1988 2101 2190 2142 Meminit

1304 2165 1420 2208 Just.
1448 2165 1617 2217 Lipsius
1647 2163 1823 2206 Politic.
1853 2164 1930 2205 lib.
1947 2175 2010 2205 vx.
2030 2167 2072 2205 7.
2101 2164 2192 2206 Ne-

1306 2230 1397 2270 scio
1424 2234 1570 2271 tamen
1597 2242 1649 2270 an
1671 2230 1716 2270 id
1735 2229 1858 2272 dicat
1876 2230 2042 2283 Nepos,
2071 2229 2188 2284 quod

1307 2292 1464 2333 Cicero
1482 2292 1526 2332 in
1548 2292 1690 2344 Epist.
1711 2304 1806 2332 cum
1822 2293 1877 2334 de
1891 2292 2087 2333 civilibus
2105 2293 2192 2334 dis·

1306 2353 1464 2395 coi-diis
1477 2353 1683 2407 loquitur,
1709 2355 1722 2378 ‘
1740 2365 1787 2394 se
1801 2367 1827 2395 a
1840 2354 1962 2395 bonis
1973 2367 2190 2409 nunquam

1307 2416 1552 2469 dissentire,
1577 2429 1676 2458 cum
1705 2417 1828 2459 bonis
1861 2416 2023 2471 facere,
2059 2426 2189 2461 caete-

1308 2482 1368 2523 ris
1387 2481 1510 2522 bonis
1524 2481 1626 2522 viris
1637 2481 1766 2534 jungi
1785 2481 1927 2523 velle.’
1952 2482 2090 2524 Bou-l.

1364 2544 1494 2591 Quam
1537 2545 1606 2597 qui
1651 2544 1867 2586 maritimis
1920 2545 2189 2599 jactarentur]

1308 2607 1638 2661 Rempublicam
1678 2609 1795 2661 navi,
1833 2614 1880 2651 et
1920 2610 2049 2651 maris
2082 2616 2190 2652 tem·

1308 2670 1548 2724 pestatibus
1561 2671 1676 2712 bella
1693 2671 1904 2712 intestina
1918 2673 2191 2726 ἁλληγορικῶς

1309 2735 1564 2788 comparari,
1584 2741 1733 2776 auctor
1753 2736 1912 2777 Fabius
1935 2736 2010 2778 lib.
2024 2747 2127 2778 vui.
2151 2739 2190 2778 6.

1309 2810 1365 2839 ex
1397 2798 1553 2840 Horat.
1583 2809 1616 2840 1.
1652 2798 1738 2840 Od.
1772 2802 1841 2840 14.
1871 2798 1997 2840 Infra
2026 2801 2192 2853 Nepos,

1311 2865 1323 2885 ‘
1334 2861 1379 2902 Si
1390 2861 1654 2913 gubernator
1665 2861 1886 2914 praecipua
1897 2862 2026 2903 laude
2038 2861 2192 2914 fertur,

1311 2925 1386 2979 qui
1406 2936 1561 2965 navem
1583 2935 1638 2964 ex
1658 2924 1796 2964 hieme
1815 2924 2009 2978 marique
2038 2937 2192 2979 scopu·

1309 2988 1401 3029 loso
1419 2992 1591 3038 servat;
1617 2998 1693 3027 cur
1724 2999 1809 3027 uon
1840 2988 2068 3045 singularis
2097 2990 2192 3043 ejus

1312 3051 1584 3093 existimetur
1615 3050 1861 3104 prudentia,
1908 3053 1981 3105 qni
2022 3065 2078 3094 ex
2124 3060 2191 3095 tot

1310 3122 1483 3169 tamque
1502 3115 1699 3168 gravibus
1715 3117 1914 3168 procellis
1931 3118 2124 3159 civilibus
2136 3117 2190 3159 ad

1312 3180 1654 3221 incolumitatem
1669 3181 1904 3232 pervenit?
1922 3181 2079 3223 Cicero
2088 3193 2191 3234 quo·

1313 3256 1396 3298 que
1415 3244 1460 3285 in
1480 3243 1765 3295 Muraeniana,
1794 3243 1981 3294 Comitia
2007 3241 2125 3284 freto
2143 3249 2190 3284 et

1313 3309 1475 3362 Euripo
1495 3313 1734 3361 comparat,
1761 3312 1808 3348 et
1838 3318 1890 3349 ιι.
1919 3307 2109 3361 Philipp.
2131 3308 2190 3348 0-

1312 3384 1445 3413 ceano
1459 3372 1572 3413 bella
1586 3372 1749 3412 civilia.
1774 3370 1926 3410 Schott.

1368 3437 1502 3490 Neque
1517 3436 1606 3488 gen·
1632 3448 1652 3475 e
1672 3433 1853 3487 Repubaj
1880 3433 2026 3474 Plenis
2047 3434 2191 3485 buccis
