2306 3900
738 238 953 277 RERUM
1002 238 1075 275 ΕΤ
1116 237 1481 277 VERBORUM.

244 359 388 399 bellum
422 366 574 412 gerunt,
602 359 653 398 de
684 372 782 412 pace
813 359 1068 412 decernere').

243 413 447 453 inscientia
466 411 557 452 belli
574 411 786 466 (imperitia
803 411 900 464 &c.)
928 427 997 460 xv,
1015 418 1040 453 7

189 464 458 518 Inscriptionis
485 467 652 518 exempl.
683 465 726 505 in
754 466 862 505 dono
887 465 942 513 iv,
962 469 984 506 1
1027 466 1068 507 in

245 518 500 559 damnatione
528 533 592 566 xv,
613 523 638 559 8
738 565 740 568 v

188 571 348 664 Insegui
364 573 538 625 (vexare,
552 570 711 625 aggredi
724 584 738 628 ᾗ
766 577 874 612 extra
888 571 979 612 bell.
990 572 1068 624 sig-

244 626 285 664 ni
304 652 316 664 .
366 639 439 664 xxv
470 629 498 666 9
1052 644 1058 646 >

190 625 384 719 Inserv)ire
399 654 537 718 auidiis
555 678 681 738 gentis
708 676 871 731 (imitari
888 691 1012 718 mores
1027 684 1068 716 et

242 730 505 784 consuetud.)
540 731 608 779 vii,
642 734 692 771 11
741 730 864 783 magis
897 731 1068 770 firmitati

241 785 425 836 corporis,
446 797 570 836 =quam
600 783 749 838 ingenii
777 783 944 825 acumini
965 785 1067 838 (stu-

241 838 348 887 dere,
377 850 532 891 operam
570 839 700 899 dare),
726 838 823 878 ibid.
867 837 958 878 Sic:
987 851 1067 876 non

215 898 221 903 '
241 897 323 931 tam
352 891 612 944 magnitudini
638 892 777 931 virium
794 891 934 932 servire
951 903 1068 943 quam

242 945 442 984 velocitati
467 958 532 992 xv,
551 948 578 986 2
617 944 800 986 inservire
831 944 1068 997 temporibus

242 996 312 1045 vii,
331 1001 354 1038 1
383 999 443 1052 (v.
459 997 653 1050 Tempus)

188 1049 348 1090 Insidiae
366 1051 467 1090 fiunt
483 1052 533 1090 ab
550 1051 682 1103 aliquo
699 1050 816 1090 alicui
844 1065 883 1098 x,
902 1054 941 1091 8.
969 1049 1023 1096 iv,
1042 1054 1066 1089 5

242 1103 443 1158 (Justinus
469 1104 525 1152 xi,
543 1108 568 1146 7
598 1110 610 1127 ‘
630 1103 783 1144 insidiae
809 1110 991 1156 parantur
1019 1103 1069 1150 ab

244 1156 377 1210 aliquo
407 1157 572 1211 alicui’).
605 1157 764 1196 insidias
795 1157 921 1197 facere
952 1155 1069 1196 alicui

242 1210 311 1258 vii,
329 1215 358 1253 9
390 1211 478 1267 (Sic
513 1224 670 1264 quoque
707 1210 793 1250 cic.
828 1222 988 1262 prooem.
1026 1209 1068 1247 in

242 1263 369 1304 Verr.⁴
385 1271 462 1304 act.
492 1268 529 1304 1.
560 1263 717 1316 Lamb.)
736 1262 885 1302 insidiis
905 1255 1069 1307 circum-

245 1318 374 1357 venire
409 1319 528 1370 aliqu.
557 1317 662 1364 xxiii,
677 1321 703 1357 4
747 1329 947 1371 nunquam
985 1314 1068 1364 sine

244 1371 394 1410 insidiis
428 1385 512 1411 esse
557 1370 662 1423 (peti
703 1382 855 1421 semper
896 1365 1069 1421 insidiis)

244 1424 351 1471 xxiii,
371 1427 423 1465 12
450 1424 600 1463 insidiis
627 1437 716 1463 eum
744 1423 961 1463 interficere
986 1427 1068 1462 stu·

244 1477 334 1516 duit
357 1475 435 1523 xiv,
452 1481 480 1518 9
795 1474 799 1478 ’

192 1531 402 1570 Insidiator
424 1529 627 1582 singularis
644 1528 900 1582 perpetuique
916 1527 1068 1580 imperii

246 1584 369 1629 xxifss
397 1583 725 1637 (oppon,amicus
739 1581 939 1645 tyrannidi
964 1595 1003 1628 x,
1019 1580 1066 1633 3)

245 1636 489 1693 insidiatores
518 1637 566 1681 in,
585 1650 673 1676 eum
698 1632 848 1675 famant
863 1635 1067 1686 impetum,

247 1691 313 1744 qui
330 1689 554 1744 suppositus
573 1695 656 1728 erat
681 1687 760 1736 xiv,
781 1692 808 1729 9

193 1744 373 1785 Insidiari
391 1743 507 1784 alicui
534 1742 642 1788 xxiii,
658 1746 684 1783 6

193 1798 275 1838 Insi
305 1797 390 1836 nius
408 1797 532 1836 ornari
560 1795 653 1842 xvii,
673 1799 698 1836 3

194 1851 287 1891 Inso
302 1863 399 1891 ens:
428 1849 525 1891 nihil
555 1862 724 1902 unquam
752 1847 922 1892 insolens
940 1859 987 1887 ex
1006 1858 1071 1885 ore

248 1903 334 1956 ejus
364 1904 460 1945 exiit
514 1904 564 1943 de
598 1903 702 1943 elato
737 1899 934 1952 sermone)
961 1914 1025 1948 xx,
1044 1902 1070 1939 4

248 1957 461 1998 insolentia
513 1956 654 2010 elatio)
681 1969 746 2002 xv,
765 1961 789 1996 5
824 1960 974 1993 tantum
1003 1954 1072 1991 ab·

249 2012 323 2051 fuit
342 2013 391 2051 ab
408 2011 617 2051 insolentia
634 2009 780 2062 gloriae,
809 2014 853 2047 ut
877 2007 951 2046 διο.
979 2006 1072 2052 xvii,

247 2070 272 2106 6
301 2065 501 2119 (Fortasse
528 2063 626 2103 nihil
657 2062 828 2101 insolens
854 2061 974 2100 habet
991 2062 1074 2098 liaec

250 2119 412 2165 locutio,
449 2123 494 2156 ut
527 2117 715 2156 mutanda
748 2116 813 2161 sit,
861 2112 1074 2152 ‘insolenti

251 2171 373 2224 gloria
391 2171 415 2210 :’
454 2170 527 2210 erit
561 2171 664 2209 enim
695 2168 759 2208 hie
788 2174 799 2191 ‘
821 2166 954 2219 gloria’
989 2166 1075 2217 ipse

251 2238 385 2266 sensus
421 2224 552 2276 gloriae
586 2237 634 2262 ex
666 2235 707 2261 re
741 2223 842 2260 bene
877 2226 999 2272 gesta,
1027 2233 1074 2257 ex

250 2277 633 2373 quolfacglergriitur
646 2275 806 2380 ἕίείίιο)
820 2273 991 2313 insolens
1035 2279 1076 2310 et

251 2338 422 2372 moutan
451 2344 466 2368 1
497 2343 513 2368 ι
538 2343 552 2368 1
581 2344 618 2369 o.
685 2341 781 2367 oec.

199 2385 351 2425 Instare
379 2386 511 2426 hostes
540 2382 727 2428 audacius
758 2378 937 2434 (urgere)
965 2391 1029 2429 xv,
1048 2382 1075 2418 9

250 2439 383 2479 hostes
413 2437 539 2476 acrius
565 2435 676 2483 xviii,
690 2438 716 2477 4
759 2434 837 2488 (sic
873 2431 1078 2484 utrobique

213 2526 218 2532 .
251 2492 352 2531 Mss-
369 2489 522 2542 codd.)

202 2546 329 2585 Instat
356 2550 511 2596 tempus
539 2539 809 2594 proficiscendi
826 2536 980 2591 (adest)
1009 2537 1076 2583 vii,

253 2602 279 2638 4
308 2597 456 2635 instans
486 2594 700 2647 periculum
736 2590 976 2644 (imminens,
1006 2590 1076 2628 im-

258 2649 454 2703 pendens)
481 2648 534 2696 iv,
551 2651 576 2688 8
605 2648 656 2686 de
674 2644 894 2707 innan-fib.-
900 2643 1077 2696 judicare

203 2698 969 2801 ussisse-2Jemssz‘fs'zss:3

257 2810 366 2850 vinar
394 2808 494 2848 Deae
522 2808 604 2855 xiii,
624 2811 650 2847 2
677 2807 737 2860 (v.
768 2804 988 2857 Pulvinar).
1016 2816 1076 2865 ¹¹¹?

256 2863 384 2904 stituit
399 2869 552 2914 tempus
568 2873 740 2913 querere
767 2858 834 2906 vii,
859 2864 884 2899 5
913 2858 1081 2900 instituit

255 2917 432 2958 historias
467 2915 631 2956 scribere
676 2915 831 2967 (secum
863 2910 1078 2957 constituit,

258 2971 309 3011 de
339 2975 456 3021 capto
485 2966 670 3020 consilio)
697 2969 800 3014 xxiv,
828 2969 853 3006 3
899 2965 991 3006 Sic:
1019 2963 1080 3004 in-

259 3023 386 3063 stituit
415 3028 564 3063 ceteros
591 3020 689 3060 tueri
715 3033 804 3066 xxV,
826 3023 873 3059 11
904 3018 1080 3059 institue-

259 3083 350 3116 runt
366 3081 519 3127 tempus
536 3074 621 3126 eju·
638 3072 896 3114 interficiendi
913 3084 1082 3123 quarere

259 3128 327 3175 vii,
346 3133 371 3168 5
399 3127 618 3167 instituerat
641 3126 853 3166 sacrificare
870 3124 1083 3179 (coeperat)

261 3180 369 3227 xxiii,
398 3184 425 3221 2
469 3180 534 3220 Sic
550 3194 562 3218 ι
589 3191 668 3220 non
713 3179 930 3221 affluentius
972 3176 1083 3224 vixit,

260 3248 379 3288 quam
395 3233 614 3274 instituerat
639 3245 732 3280 xxV,
751 3235 803 3274 14

209 3288 434 3328 Institutum
450 3287 541 3325 vitas
554 3284 688 3338 (ratio,
703 3283 967 3335 consuetudo)
996 3296 1083 3329 nv,

263 3345 288 3383 7
315 3339 493 3381 instituta
521 3337 656 3391 patuino
683 3337 907 3390 (respicitur
930 3335 980 3375 ad
1008 3336 1083 3375 sor-

263 3407 364 3433 mam
384 3391 502 3446 reip.)
531 3391 623 3438 xvii,
641 3394 666 3432 4
706 3390 882 3430 instituta
899 3389 991 3442 (pro
1002 3402 1083 3428 rno-

266 3446 406 3499 ribus),
423 3445 537 3486 Praef.
556 3445 613 3484 uti
627 3444 763 3483 eodem
781 3443 972 3490 instituto,
990 3442 1084 3481 ibid.

1799 225 2007 278 lxxxiii

1130 360 1324 399 Instruere
1341 361 1464 400 aciem
1491 360 1519 406 i,
1537 365 1561 400 5
1591 360 1775 400 instructa
1800 362 1885 402 acie
1912 376 2004 402 con-

1183 412 1315 472 iiigere
1343 415 1460 467 (opp.
1485 414 1644 453 fortuito
1663 415 1811 465 proelio,
1838 418 1949 467 quod.
1965 417 2006 455 in

1182 467 1321 506 itinere
1356 468 1520 514 sumitur
1569 467 1676 516 xviii,
1705 471 1730 508 8
1776 469 1914 509 domus
1944 469 2005 509 sie

1183 526 1266 558 erat
1294 520 1480 558 instructa
1529 521 1655 559 cultus
1683 521 1920 562 domesticus
1933 534 2005 563 no-

1184 573 1306 622 tatur)
1333 572 1426 619 xvii,
1446 577 1470 613 7
1499 573 1685 612 instruere
1710 587 1837 615 muros
1861 576 2006 628 (aedifi-

1182 637 1284 671 care,
1302 625 1498 677 extruere)
1525 625 1568 672 ii,
1586 629 1614 666 6

1129 676 1310 716 Insuetus
1345 679 1446 718 male
1477 679 1663 718 audiendi
1707 679 1780 732 (de
1829 695 1892 728 eo,
1937 683 2007 735 qui

1182 731 1335 779 sinistre
1360 732 1410 771 de
1435 745 1478 772 se
1503 732 1708 784 opinantes
1726 746 1827 786 aegre
1843 735 1938 789 fert)
1966 751 2005 783 x,

1137 827 1141 830 ,
1183 787 1208 824 7
1238 783 1334 836 (nec
1353 790 1430 824 tam
1449 786 1751 833 assuetudinem,
1771 800 1886 838 quam
1906 789 2006 840 psti-

1182 837 1327 876 entiam
1346 845 1464 889 negat
1480 838 1553 878 &c.
1580 838 1659 885 Sic,
1689 846 1700 862 ‘
1720 840 1895 880 insuetus
1913 852 2006 882 con-

1173 890 1367 930 tumeliae’
1386 891 1471 931 Cic.
1488 893 1538 930 ad
1560 891 1642 932 Att.
1667 892 1712 939 ii,
1729 893 1806 946 21)
1996 899 2003 903 '

1130 942 1284 982 Insula:
1313 957 1402 983 cum
1416 944 1564 984 incolas
1577 945 1662 998 ejus
1676 946 1811 986 insulae
1823 947 2006 1000 (Lemni)

1183 998 1256 1036 sub
1289 1004 1520 1048 potestatem
1547 998 1721 1051 redigere
1749 1001 1866 1040 vellet
1881 1001 2006 1041 Athe-

1183 1049 1375 1089 niensium
1394 1052 1421 1098 i,
1432 1055 1453 1091 1
1486 1052 1604 1092 Cares
1615 1065 1662 1090 ex
1673 1051 1802 1092 insula
1814 1055 2006 1107 (Lemno)

1184 1102 1450 1156 demigrarunt
1474 1104 1503 1151 i,
1523 1108 1548 1145 2
1576 1105 1703 1145 insula
1730 1107 1897 1160 (Scyro)
1928 1121 2007 1147 ses·

1185 1170 1289 1196 sores
1322 1164 1469 1197 veteres
1493 1157 1614 1209 ejecit
1641 1172 1679 1205 v,
1698 1163 1724 1199 2
1751 1160 1888 1199 Insula
1902 1162 2006 1214 ⁸(pro

1184 1210 1322 1250 incolis
1357 1211 1540 1262 insulae):
1578 1212 1718 1263 opibus
1750 1213 1852 1252 elata
1880 1214 2007 1254 insula

1184 1262 1352 1317 (Parus)
1379 1264 1408 1311 i,
1427 1268 1451 1305 7
1481 1265 1616 1303 insulae
1633 1267 1832 1305 nonnullae
1851 1274 2008 1320 propter

1184 1318 1430 1356 acerbitatem
1466 1317 1617 1370 imperii
1651 1320 1876 1359 defecerant
1914 1324 1954 1367 V,
1980 1327 2007 1362 2

1181 1369 1328 1411 insulas
1340 1371 1440 1409 bene
1450 1371 1640 1415 animatas
1649 1373 1905 1420 confirmavit,
1914 1375 2010 1413 alie-

1183 1429 1295 1462 natas
1312 1424 1364 1461 ad
1383 1423 1551 1470 officium
1582 1425 1706 1464 redire
1734 1426 1881 1478 coegit,
1910 1428 2006 1466 ibid.

1136 1523 1140 1527 ι
1183 1476 1267 1526 pari
1297 1466 1484 1515 felicitate
1509 1483 1654 1517 ceteras
1680 1479 1824 1519 insulas
1839 1480 2007 1533 (Cycla-

1185 1528 1276 1581 des)
1306 1530 1378 1568 sub
1396 1529 1696 1570 Atheniensium
1710 1534 1860 1586 redegit
1877 1541 2008 1586 potes-

1182 1587 1301 1622 tatem
1329 1583 1356 1630 i,
1376 1586 1402 1623 2
1587 1595 1590 1598 ’

1129 1634 1320 1688 Integrior
1347 1635 1536 1675 exercitus
1565 1635 1682 1689 (opp.
1702 1638 1825 1692 lasso)
1854 1641 1960 1688 xviii,
1979 1645 2006 1681 9

1182 1687 1384 1740 integritas
1401 1690 1491 1727 vitae
1518 1689 1596 1736 xix,
1617 1694 1638 1730 l

1128 1741 1351 1793 Intelligere
1367 1757 1376 1781 ι
1405 1755 1428 1781 e
1446 1742 1555 1780 vultu
1573 1742 1709 1794 ephori
1727 1742 1930 1795 cujusdam
1948 1746 2008 1784 in-

1182 1794 1300 1834 sidias
1333 1796 1406 1835 sibi
1438 1795 1521 1834 fieri
1552 1795 1744 1836 intellexit
1779 1798 2006 1852 (cognovit)

1184 1848 1238 1894 iv,
1272 1853 1296 1888 5
1344 1849 1432 1888 Sic:
1476 1861 1524 1887 ex
1561 1862 1640 1900 quo
1676 1851 1842 1903 intelligi
1879 1858 2009 1903 potest

1186 1901 1413 1955 (cognosci)
1431 1915 1494 1948 xv,
1510 1906 1561 1942 10
1582 1903 1717 1942 Alibi:
1731 1903 1900 1955 judicari
1919 1919 2010 1953 xxv,

1187 1959 1236 1994 15
1266 1955 1329 1994 Sic
1347 1969 1356 1992 :
1385 1968 1501 2007 quem
1516 1968 1635 1994 unum
1650 1955 1887 2004 Alexander,
1901 1961 2008 2010 quod

1187 2007 1302 2048 facile
1319 2007 1487 2060 intelligi
1506 2015 1652 2059 posset,
1680 2011 1835 2061 plurimi
1864 2011 2010 2050 fecerat

1188 2061 1294 2109 xviii,
1313 2065 1339 2101 2
1368 2067 1413 2100 ut
1442 2061 1558 2102 facile
1588 2063 1754 2116 intelligi
1786 2071 1917 2115 posset
1932 2064 2008 2103 ini-

1186 2114 1289 2154 mica
1315 2120 1447 2154 mente
1473 2117 1719 2155 contendisse
1745 2117 1858 2163 xviii,
1875 2121 1901 2157 4
1948 2118 2009 2156 in-

1189 2167 1312 2219 telligi
1345 2181 1426 2207 non
1465 2175 1630 2220 poterat,
1667 2182 1786 2221 quare
1822 2171 1863 2209 id
1901 2170 2010 2211 fieret

1188 2221 1325 2273 (nemo
1368 2227 1522 2274 poterat
1563 2221 1802 2274 cogitatione
1834 2224 2011 2276 assequi)

1189 2274 1296 2320 xxiii,
1317 2278 1365 2315 11
1397 2280 1441 2312 ut
1469 2275 1635 2327 intelligi
1650 2289 1729 2314 non
1751 2283 1897 2328 posset,
1925 2284 2012 2316 uter

1189 2339 1279 2366 eum
1297 2327 1385 2378 plus
1402 2328 1582 2380 diligeret
1604 2332 1671 2381 (ut
1697 2330 1903 2381 dijudicari
1929 2344 2010 2369 non

1190 2379 1343 2433 posset)
1383 2395 1472 2427 xxv,
1498 2387 1522 2421 5
1569 2382 1664 2421 illud
1696 2396 1814 2422 unum
1843 2383 2012 2436 intelligi

1189 2434 1366 2472 volumus
1383 2435 1456 2487 (de
1471 2449 1533 2481 eo,
1549 2435 1655 2486 quod
1674 2436 1869 2488 praecipue
1887 2438 2014 2476 notari

1151 2524 1154 2526 .
1190 2487 1391 2539 cupimus)
1419 2498 1507 2534 xxv,
1529 2491 1579 2528 11

1138 2540 1445 2590 Intemperanter
1460 2539 1734 2591 concupiscere
1761 2555 1849 2587 xxv,
1870 2545 1921 2582 18
1949 2543 2008 2581 in·

1191 2594 1445 2644 temperantia
1478 2593 1758 2645 (immodestia,
1802 2593 2013 2635 insolentia

1191 2651 1233 2684 et
1250 2645 1410 2685 licentia
1429 2645 1563 2698 milit.)
1591 2645 1696 2692 xviii,
1715 2651 1742 2686 8

1137 2698 1441 2750 Intemperantia
1457 2698 1708 2752 (παρανομία,
1736 2699 1901 2740 incivilis
1931 2700 2011 2740 ela·

1191 2751 1263 2798 tio,
1281 2752 1416 2804 insol.)
1442 2752 1498 2800 iii,
1517 2757 1543 2794 2

1139 2804 1247 2844 Inter
1277 2819 1319 2845 se
1348 2806 1454 2858 (pro,
1482 2805 1696 2858 invicem):
1726 2806 1826 2845 inter
1843 2820 1884 2846 se
1904 2820 2011 2846 com-

1193 2858 1297 2910 plexi
1325 2858 1367 2897 in
1396 2867 1532 2899 terram
1565 2872 1612 2899 ex
1642 2859 1753 2911 equis
1783 2860 2013 2900 deciderunt

1194 2910 1304 2958 xviii,v
1329 2915 1353 2954 4
1400 2913 1499 2952 inter
1533 2925 1574 2952 se
1606 2913 1870 2952 obtrectarunt
1908 2914 1964 2959 iii,
1987 2919 2007 2954 l

1194 2978 1282 3004 cum
1300 2965 1401 3005 inter
1418 2978 1460 3005 se
1479 2966 1658 3005 timerent
1684 2979 1722 3013 x,
1740 2970 1767 3006 4
1795 2967 1881 3019 (Sic
1899 2967 2013 3007 Cice-

1195 3031 1237 3057 ro
1268 3019 1425 3070 passim.
1479 3017 1551 3057 Est
1575 3031 1614 3057 a.
1646 3018 1794 3058 locutio
1829 3020 2016 3071 elliptica.

1195 3071 1352 3124 Integre
1369 3072 1510 3112 dicitur
1536 3078 1547 3095 ⁸
1568 3071 1644 3111 sibi
1657 3072 1758 3111 inter
1774 3072 1828 3111 se'
1847 3079 1915 3111 aut
1943 3079 1952 3094 ¹
1973 3085 2017 3111 se

1196 3125 1296 3164 inter
1308 3138 1351 3164 se
1364 3125 1389 3165 ε’
1416 3125 1615 3176 quomodo
1634 3125 1770 3164 Cicero
1789 3126 1839 3163 de
1857 3123 2017 3164 Amioit.

1198 3185 1207 3201 ⁸
1231 3178 1363 3217 colent
1396 3191 1439 3217 se
1471 3179 1571 3217 inter
1606 3177 1674 3216 se.'
1715 3176 1871 3227 Vorst.)
1915 3178 2016 3218 inter

1198 3244 1297 3283 quos
1330 3230 1579 3271 maximarum
1614 3243 1738 3269 rerum
1774 3243 1856 3269 non
1890 3230 2016 3278 solum

1197 3282 1406 3329 aemulatio,
1441 3284 1511 3322 sed
1547 3283 1776 3322 obtrectatio
1810 3283 2018 3324 intercedit

1197 3349 1287 3381 xxv,
1305 3338 1359 3375 20
1386 3336 1514 3386 (conf.
1540 3349 1628 3382 xxv,
1646 3334 1695 3387 5)

1145 3388 1357 3429 Intercedit
1374 3387 1568 3440 cupiditas
1587 3387 1714 3441 major
1726 3389 1770 3440 ‘in
1786 3390 1857 3429 linc
1878 3403 1915 3428 re
1935 3390 2015 3441 (in-

1200 3441 1362 3481 tervenit
1377 3442 1545 3481 consiliis
1564 3441 1804 3491 melioribus)
1833 3457 1871 3489 x,
1894 3448 1912 3483 l
1958 3443 2015 3478 in-
