2306 3900
721 219 944 260 RERUM
988 223 1064 261 ET
1110 222 1472 263 VERBORUM.

249 344 440 397 ῥαψῳδίαν
457 345 580 397 ponit.
627 346 744 387 Adde
761 347 919 386 Suidam
938 347 979 386 in
998 349 1071 388 hac

249 405 413 462 voce‚et
429 399 590 439 Salmas.
608 398 744 462 Exiere.
759 400 862 462 Plin.
878 414 966 463 pag.
977 405 1072 442 867.

195 453 937 558 ωῗὲἳ’ᾹἙὲἓῖἷέἒῗὲξὲιῖζῗὲῗ“σ”
954 455 1029 507 ‘²¹³

133 594 138 601 .
195 557 415 598 Rhodanus
431 560 471 598 fl.
490 559 598 606 xxiii,
615 563 656 600 4.
673 564 701 600 6

196 612 346 654 Rhodii
377 613 605 666 confligunt,
623 625 712 654 cum
732 611 921 653 Antiochi
951 613 1076 666 copiis

249 666 358 714 xxiii,
375 671 402 707 8

197 717 318 759 Risus
335 727 489 759 coortus
515 733 579 767 xv,
594 722 622 760 8
666 719 783 758 risum
801 719 918 760 alicui
943 718 1075 760 conci-

250 778 346 820 tare,
373 786 443 813 seu
474 773 542 827 (ut
574 773 692 826 vulgo
723 773 874 827 editur)
908 773 1076 814 excitare

249 826 358 874 xxiii,
374 831 422 868 ll

198 877 338 919 Robur
365 880 551 920 libertatis
570 880 692 932 (vires
721 881 772 920 ad
802 880 1004 932 reparand.
1030 880 1076 918 li-

254 934 391 973 bertat-
426 934 551 974 unicae
581 940 651 978 aut
682 934 909 986 praecipuae)
937 933 1019 983 viii,
1049 937 1076 973 2

252 988 431 1028 robustus
447 988 669 1028 domesticis
685 988 798 1026 rebus
814 988 993 1040 (potens,
1010 1000 1075 1024 va-

254 1040 361 1094 lens)
387 1041 495 1088 xxiii,
511 1045 562 1083 lo
589 1039 782 1081 robustior
797 1041 923 1081 factus
941 1040 1075 1095 (adul-

254 1094 328 1134 tior
378 1095 444 1141 vii,
458 1098 486 1135 2

200 1095 360 1200 Rogatii
377 1147 463 1200 ejus
491 1161 554 1194 xv,
573 1151 600 1188 4

198 1200 330 1241 Roma
352 1208 513 1242 vocatur
540 1202 642 1248 urbs,
660 1201 702 1240 in
731 1214 810 1254 qua
836 1202 1075 1242 domicilium

252 1254 358 1295 orbis
373 1263 555 1296 terrarum
573 1261 634 1294 est
650 1255 803 1306 imperii
828 1259 962 1304 xxv‚,.3
990 1255 1075 1295 Ro-

253 1322 318 1348 ma
334 1309 493 1361 quando
509 1309 682 1356 condita,
698 1309 762 1348 Fr.
783 1311 804 1349 1

201 1361 404 1403 Romanus
422 1376 516 1415 pop.
535 1375 670 1402 omnes
689 1369 838 1414 gentes.
853 1362 993 1402 virtute
1012 1375 1077 1401 su·

204 1450 207 1453 .
254 1417 406 1468 peravit
445 1416 551 1462 xxiii,
587 1420 607 1456 l
666 1414 888 1455 Bouianum
934 1429 1077 1457 nomen

253 1469 464 1522 (populus)
492 1469 599 1516 xxiii,
617 1473 642 1509 7
689 1469 870 1508 Romano
885 1482 965 1508 non
983 1468 1077 1509 lice-

255 1524 325 1562 bat
349 1522 443 1562 alibi
458 1523 580 1562 civem
599 1522 683 1562 fieri
709 1536 799 1569 xxv,
816 1525 841 1563 3
887 1521 1078 1561 Romanae

257 1576 362 1616 urbis
379 1577 561 1628 princeps
577 1575 762 1628 (Romae)
790 1589 879 1622 xxv,
892 1580 947 1617 20
992 1576 1079 1628 (Sic

257 1629 368 1683 Virg.
385 1629 472 1670 Ecl.
489 1634 517 1670 6
553 1635 565 1654 ‘
580 1630 785 1669 Parnassia
816 1628 960 1681 rupes,'
993 1642 1077 1680 pro,

209 1716 213 1720 ,
256 1683 483 1724 Parnassus.
508 1683 561 1722 Et
578 1684 674 1722 AEn.
694 1687 716 1724 l
759 1689 771 1706 ⁴
788 1682 919 1723 Sicula
936 1683 1080 1731 tellus,’

202 1737 502 1830 Ropro,¹Sicilia.
518 1737 694 1832 ggique.
710 1736 865 1790 Vorst.)

271 1804 335 1830 mu
351 1805 396 1831 us
422 1804 512 1837 xxv,
704 1830 706 1832 .

207 1843 388 1884 Rostrum
407 1843 540 1897 (navis
557 1843 634 1894 sc.)
661 1843 730 1891 xii,
748 1847 775 1885 4

204 1897 382 1938 Rubrum
400 1911 504 1938 mare
530 1898 638 1944 xxiii,
655 1901 682 1938 2

206 1950 344 1992 Rudes
380 1952 521 1992 literar.
558 1951 727 1992 Graecar.
756 1950 924 2003 (rerum)
949 1950 1028 1997 xvi,
1057 1954 1078 1991 1

261 2006 348 2058 (Sic
362 2005 500 2046 Cicero
518 2005 634 2045 offic.
664 2009 686 2045 l
722 2010 734 2029 ‘
749 2018 828 2043 non
846 2005 965 2044 modo
984 2017 1082 2056 grae-

260 2072 390 2099 carum
407 2059 601 2102 literamm
618 2059 748 2107 rudes,
761 2059 831 2098 sed
847 2058 966 2098 etiam
984 2060 1082 2097 doc·

259 2113 306 2158 ti,
320 2113 409 2153 &c.'
427 2113 587 2163 Lamb.)

207 2167 448 2207 Rudimenta
490 2165 664 2206 civilium
708 2165 920 2205 officiorum
955 2164 1087 2217 qualia

260 2233 346 2260 esse
361 2220 533 2258 debeant
557 2219 600 2266 ii,
620 2222 642 2260 1

210 2273 360 2314 Rumor
376 2273 553 2312 differtur
579 2287 618 2319 x,
640 2276 691 2313 10
727 2272 787 2324 (v.
803 2270 926 2324 Diff.)

207 2328 359 2368 Rursus
377 2339 567 2366 resacrare
594 2326 660 2372 vii,
679 2329 707 2366 6
743 2325 830 2379 (Sic
850 2331 863 2349 ‘
880 2337 1008 2364 rursus
1026 2337 1087 2364 re·

264 2380 458 2427 scribere,'
480 2385 492 2404 ⁴
509 2379 698 2426 reticere:
722 2384 734 2402 ‘
749 2377 969 2425 retrudere?
1000 2382 1012 2401 ‘
1028 2392 1088 2418 re-

262 2433 429 2480 vocare,'
463 2439 476 2458 ‘
489 2432 687 2484 recipere-⁹
722 2432 804 2471 vid.
838 2431 971 2472 Gisan.
1017 2445 1088 2483 ap-

262 2489 384 2540 pend.
402 2488 592 2526 observat.
611 2499 702 2538 pag.
729 2488 824 2525 286.
864 2485 929 2524 Sic
947 2490 989 2524 et
1004 2489 1016 2507 ⁴
1031 2497 1088 2523 re-

264 2541 349 2580 dire
366 2539 526 2579 rursum’
544 2551 610 2591 ap.
626 2539 782 2578 Terent.
796 2537 900 2576 Eun.
929 2538 983 2583 iv,
1002 2542 1044 2584 2,
1062 2541 1089 2578 6

265 2600 279 2618 ⁶
291 2594 416 2634 redire
433 2593 573 2632 rursus'
590 2605 656 2644 ap.
676 2591 779 2630 flor.
808 2592 836 2639 i,
850 2595 890 2638 3,
906 2595 946 2632 9.
973 2591 1002 2638 i,
1024 2595 1090 2638 ll,

267 2652 334 2689 14.
377 2653 419 2686 et
435 2646 575 2685 similia
590 2646 732 2698 passim
750 2658 816 2697 ap.
833 2646 943 2685 alios.
971 2644 1091 2684 Adde

263 2702 400 2741 Burm.
418 2699 469 2740 ad
487 2700 649 2747 Quinct.
671 2699 740 2739 lib.
770 2703 812 2740 2.
850 2699 948 2739 Inst.
981 2699 1092 2738 Orat.

214 2754 426 2849 Rrizsatizu‘in)
438 2807 626 2861 praedium
654 2819 744 2854 xxv,
761 2808 811 2847 14

633 2967 675 3008 S.

216 3074 352 3115 Sabini
378 3074 481 3121 xxiv,
500 3077 522 3115 1

215 3128 408 3189 Sacellum
441 3126 727 3190 (Αὐτοματίας)
753 3140 819 3189 '5¹¹
837 3130 862 3168 4
909 3125 1007 3165 muri
1033 3125 1092 3165 A·

271 3182 531 3245 {heniensium
562 3194 610 3220 ex
643 3181 793 3221 sacellis
823 3181 901 3233 (sc.
918 3181 1092 3219 destruc-

217 3234 458 3328 8⁸22)ngss
474 3286 557 3326 fani
575 3286 680 3340 (scil.
697 3285 789 3327 Jov.
805 3284 1013 3338 Ammon.)
1041 3285 1094 3332 vi,

219 3346 337 3436 Sagra
354 3394 499 3434 violata
525 3393 593 3439 vii,
611 3396 638 3433 4

220 3448 432 3488 Sacrarium
450 3447 565 3487 saluti
584 3446 739 3486 tuende
757 3446 939 3486 intratum
966 3443 1009 3492 ii,
1027 3447 1054 3484 8

259 3549 263 3554 .
332 3514 530 3566 Daph-et
554 3514 648 3555 Var.
669 3513 775 3553 Clas.

1837 216 2011 267 cxxix

1131 348 1352 389 Sacrificare
1369 350 1475 402 apud
1489 361 1593 388 aram
1610 347 1831 402 (immolare
1847 350 2013 403 hostias)

1140 431 1145 435 .
1190 402 1297 448 xxiii,
1316 406 1342 442 2

1133 455 1315 507 Sacrilegi
1338 454 1428 508 (qui
1456 456 1679 508 religionem
1699 455 1930 508 templorum
1958 458 2013 495 vi-

1187 508 1318 560 olant)
1343 508 1437 554 xvii,
1454 511 1480 549 4

1135 560 1384 614 Sacrilegium
1403 562 1476 614 (de
1494 561 1611 600 sacris
1628 561 1800 615 violatis)
1830 561 1897 609 vii,
1916 566 1944 603 6

1135 614 1360 666 Sagacitas:
1388 620 1470 653 erat
1487 627 1536 654 ea
1563 617 1790 667 sagacitate,
1809 622 1854 655 ut
1883 616 2013 668 decipi

1189 680 1271 706 non
1290 673 1422 720 posset
1448 667 1514 715 vii,
1533 672 1558 708 5

1135 721 1329 773 Saguntus
1348 728 1571 773 expugnata
1595 722 1703 767 xxiii,
1722 725 1747 762 3

1137 774 1305 814 Salamin
1325 774 1406 828 (vel
1421 774 1605 828 Salamis)
1632 776 1675 821 ii,
1694 779 1720 815 2
1752 775 1911 829 (Insula
1934 777 2015 816 cla-

1192 827 1331 867 rissimi
1358 827 1526 867 nominis
1553 830 1604 868 ad
1629 828 1757 867 stadia
1781 830 1892 881 quasi
1911 843 2017 870 Lxx.

1194 881 1234 920 iu
1253 881 1412 933 longum
1431 889 1620 933 porrecta,
1638 882 1830 934 incipiens
1860 896 1883 922 e
1913 884 2016 935 regi-

1193 941 1270 974 one
1302 935 1532 988 Megaridis‚
1564 937 1633 975 sed
1663 935 1812 988 majore
1830 937 1890 974 sui
1906 943 2018 989 parte

1193 987 1394 1028 Eleusinio
1412 988 1533 1027 littori
1549 988 1709 1028 ditionis
1727 989 1871 1029 Atticae
1891 1003 2017 1042 oppo-

1193 1041 1281 1088 sita,
1307 1042 1407 1081 freto
1434 1049 1599 1094 angusto
1621 1043 1671 1082 ab
1688 1041 1899 1094 Amphiale
1930 1057 2018 1095 pro·

1195 1095 1386 1134 montorio
1411 1094 1604 1146 sejuncta,
1633 1109 1722 1136 cum
1749 1097 1844 1136 urbe
1872 1109 2019 1148 cogno·

1192 1148 1312 1196 mine,
1348 1150 1549 1201 quondam
1592 1150 1634 1188 in
1676 1149 1847 1189 austrino
1884 1150 2019 1198 latere,

1192 1203 1298 1253 quod
1318 1203 1506 1254 AEginam
1524 1203 1710 1251 intuetur,
1739 1204 1882 1255 posita,
1901 1204 2014 1243 dein-

1192 1256 1304 1295 dein
1333 1256 1434 1295 latus
1463 1257 1666 1295 adversum
1694 1262 1830 1297 contra
1846 1255 2020 1296 Atticam

1194 1309 1391 1348 translata.
1406 1307 1516 1349 Ubb.
1533 1309 1661 1349 Emm.
1680 1316 1758 1350 vet.
1777 1309 1905 1351 Graec.
1924 1317 2019 1350 tom.

1197 1365 1236 1402 1.
1253 1376 1344 1414 pag.
1363 1362 1441 1414 39)

1139 1415 1350 1454 Salaminia
1363 1423 1496 1468 pugna
1521 1414 1579 1463 iii,
1597 1419 1625 1456 2
1652 1416 1814 1457 victoria
1839 1417 1881 1465 ii,
1900 1421 1928 1459 6

1140 1468 1239 1508 Salis
1275 1470 1378 1521 plus,
1412 1482 1530 1522 quam
1561 1476 1723 1518 sumtus,
1741 1471 1911 1510 habebat
1939 1477 2021 1511 tec-

1197 1528 1278 1560 tum
1311 1521 1495 1576 (aedium)
1524 1536 1614 1570 xxv,
1640 1527 1690 1564 13
1732 1523 1927 1576 (plerique
1957 1526 2021 1564 hic

1197 1581 1210 1598 ‘
1225 1576 1358 1615 salem’
1374 1590 1444 1628 pro
1469 1577 1605 1628 gratia,
1623 1583 1842 1624 venustate,
1855 1585 1937 1618 arte
1955 1591 2021 1617 ac-

1197 1629 1374 1681 cipiunt:
1414 1631 1505 1669 satis
1523 1630 1616 1669 novi
1633 1630 1922 1671 translationem
1951 1645 2021 1671 vo-

1197 1683 1343 1730 cabuli,
1361 1696 1435 1723 nec
1454 1682 1618 1722 libenter
1637 1689 1765 1722 tamen
1783 1685 1917 1737 credo,
1935 1684 1976 1723 N
1977 1699 2022 1724 e-

1198 1742 1329 1788 potem
1365 1737 1421 1775 ita
1452 1737 1665 1788 scripsisse.
1718 1737 1886 1776 Videtur
1917 1737 2023 1778 enim

1199 1789 1293 1828 mihi
1310 1790 1442 1829 nescio
1471 1803 1550 1842 quo
1568 1791 1686 1830 modo
1704 1790 1939 1831 inconcinne
1958 1792 2022 1832 hic

1199 1843 1385 1895 usurpari.
1430 1843 1589 1893 Boecl.)

1143 1895 1291 1935 Saltare
1306 1898 1524 1944 commode,
1545 1897 1662 1937 Praef.

1199 1950 1358 2001 ponitur
1384 1965 1448 1998 xv,
1468 1955 1490 1991 1

1141 2002 1270 2043 Saltus
1289 2004 1430 2044 Graius
1457 2003 1567 2051 xxiii,
1585 2008 1610 2045 3
1667 2004 1899 2058 Pyrenaeus,
1925 2003 2023 2044 ibid.

1142 2057 1320 2097 saltuosa
1335 2058 1442 2110 regio
1467 2059 1547 2104 xiv,
1564 2061 1591 2098 4

1143 2110 1280 2150 Salus:
1309 2112 1451 2164 quibus
1481 2111 1589 2150 nulla
1618 2124 1708 2163 spes
1740 2111 1876 2150 salutis
1908 2109 2024 2150 relin-

1199 2164 1331 2216 quitur
1349 2165 1507 2216 (tuendi
1525 2171 1647 2203 status
1670 2178 1716 2204 ac
1742 2164 1966 2218 dignitatis)
1995 2165 2024 2211 i,

1201 2221 1227 2257 3
1269 2219 1404 2257 salutis
1429 2231 1510 2257 suae
1537 2230 1656 2257 causa
1671 2218 1713 2256 id
1731 2218 1826 2257 fecit
1842 2218 1910 2270 (ut
1926 2223 2029 2257 esset

1202 2271 1341 2323 tutior)
1359 2285 1397 2318 x,
1410 2275 1435 2311 4
1463 2271 1579 2310 saluti
1597 2277 1658 2310 est
1671 2284 1720 2310 ea
1736 2285 1796 2311 res
1813 2271 2026 2324 (salutaris,

1201 2325 1329 2378 utilis)
1357 2325 1399 2372 ii,
1418 2328 1444 2365 2
1471 2325 1587 2364 saluti
1609 2324 1734 2363 fratris
1751 2324 1894 2364 civium
1912 2324 2027 2363 liber-

1202 2384 1320 2417 tatem
1365 2378 1554 2417 anteferre
1586 2376 1717 2429 (vitae)
1756 2392 1818 2425 xx,
1849 2381 1868 2417 1
1936 2377 2000 2417 Sic
2017 2392 2027 2417 z

1176 2459 1181 2465 «
1201 2432 1363 2471 reddere
1380 2431 1497 2471 alicui
1516 2431 1678 2470 salutem
1708 2431 1814 2478 xviii,
1836 2434 1886 2470 12
1925 2431 2030 2470 salu-

1206 2490 1284 2523 tem
1301 2485 1396 2536 fuga
1419 2491 1550 2536 petere
1578 2484 1685 2533 xxiii,
1707 2487 1756 2524 11

1150 2537 1283 2576 Salum
1312 2539 1454 2590 (altum
1489 2549 1607 2583 mare,
1638 2537 1827 2575 undarum
1859 2542 1901 2576 et
1931 2536 2028 2576 fluc-

1205 2598 1314 2630 tuum
1329 2591 1487 2643 plenum
1501 2589 1576 2629 ἃς.
1591 2589 1750 2640 Lamb.)
1767 2605 1776 2629 ε
1805 2590 1847 2629 in
1861 2590 1943 2629 salo
1958 2603 2028 2629 na-

1206 2658 1292 2683 vem
1312 2652 1444 2684 tenere
1462 2643 1502 2682 in
1522 2644 1698 2683 anchoris
1724 2643 1766 2690 ii,
1786 2646 1812 2683 8

1150 2698 1314 2738 Salvus:
1343 2704 1388 2736 ut
1416 2698 1508 2736 satis
1533 2698 1733 2744 haberent,
1751 2696 1784 2736 si
1815 2696 1908 2735 salvi
1945 2709 2030 2735 esse

1207 2758 1368 2804 possent
1393 2765 1457 2797 xv,
1477 2755 1503 2791 8
1547 2751 1649 2804 (non
1676 2750 1727 2789 de
1756 2750 1918 2790 victoria
1946 2750 2030 2790 scil.

1206 2806 1274 2844 sed
1290 2806 1341 2845 de
1358 2805 1482 2844 salute
1500 2802 1741 2857 pugnantes)

1150 2858 1414 2898 Samothracia
1438 2872 1528 2904 xxv,
1549 2861 1599 2898 11

1152 2912 1288 2952 Samus
1305 2912 1440 2952 deficit
1464 2912 1513 2950 ab
1531 2910 1678 2951 Athen.
1706 2909 1787 2958 xiii,
1806 2914 1831 2951 3
1878 2910 2031 2963 capitur

1207 2966 1288 3012 xiii.
1308 2970 1328 3006 l

1152 3018 1310 3059 Sancite
1328 3034 1338 3058 z
1358 3019 1442 3059 haec
1460 3017 1688 3070 conjunctio
1705 3015 2030 3057 necessitudinem

1205 3085 1337 3112 eorum
1352 3073 1480 3112 sanxit
1505 3085 1592 3117 xxv,
1613 3075 1666 3111 19

1153 3127 1317 3166 Sanctus
1335 3141 1345 3165 ε
1369 3125 1436 3177 jus
1451 3124 1670 3177 legationis,
1688 3123 1795 3175 quod
1814 3135 1878 3173 ap.
1897 3134 2032 3160 omnes

1210 3186 1345 3231 gentes
1372 3185 1547 3218 sanctum
1574 3184 1634 3216 est
1658 3175 1925 3227 (inviolabile)
1952 3175 2033 3221 xvi,

1209 3237 1234 3272 ⁵
1263 3232 1354 3272 Sic:
1383 3231 1529 3283 templa
1547 3230 1721 3269 Deorum
1740 3235 1875 3269 sancta
1891 3229 2034 3268 babere

1211 3285 1302 3331 xvii,
1318 3289 1343 3325 4
1372 3285 1564 3324 sanctiora
1576 3283 1668 3335 jura
1682 3282 1816 3334 patrita
1833 3295 1918 3322 esse
1935 3281 2034 3320 dux-

1210 3338 1257 3384 it,
1275 3350 1392 3389 quam
1419 3335 1579 3389 hospitii
1607 3335 1687 3383 xiii,
1720 3339 1747 3377 4
1794 3334 2034 3377 sanctissima

1211 3391 1299 3430 loca
1326 3403 1415 3437 xxv,
1432 3394 1458 3431 8

1158 3443 1406 3484 Sanctissime
1424 3442 1572 3497 aliquid
1592 3442 1718 3483 colere
1746 3455 1809 3490 xx,
1828 3445 1854 3483 4

1706 1897 1845 1937 saltare
1863 1899 1903 1937 in
1921 1897 2022 1937 vitiis

1048 3510 1136 3551 lna.
1158 3511 1259 3562 Nep.
1903 3519 1926 3544 r
