2306 3900
335 247 440 304 lxii
1153 260 1215 300 m
1229 260 1266 302 u
1277 260 1359 300 ax

389 385 686 440 ribus(sc.vitae
700 384 800 433 suae)
830 384 947 431 xixa
977 385 1045 423 sed
1065 391 1223 424 extrem.

389 449 510 493 temp.
545 439 735 494 (subaud.
765 439 904 478 Punici
941 437 1056 490 belli)
1086 438 1176 485 xxii,
1200 445 1220 480 1

388 501 559 533 extremo
586 493 689 534 bello
704 493 778 546 (de
791 493 869 531 fine
889 491 1003 544 belli)
1031 493 1083 539 ix,
1103 497 1123 533 1
1153 494 1221 532 sed

387 554 574 594 extremo,
587 560 676 587 cum
692 560 816 600 prope
823 545 907 598 jam
919 547 970 585 ad
985 547 1222 598 desperatio-

387 611 477 641 nem
490 601 761 653 pervenissent
775 601 870 647 xxii,
881 604 907 641 2
935 600 1040 654 (Ubi
1053 607 1223 641 extremo

389 661 434 694 ut
460 655 687 695 adverbium
714 655 959 707 ponitur,.et
986 655 1152 694 subaud.
1181 655 1222 694 in

388 714 563 762 tempore
601 709 664 749 vel
700 707 887 759 periculo.
944 707 1082 748 Cicero
1123 709 1223 748 dixit

390 768 402 786 ⁸
416 763 467 802 ad
485 762 710 803 extremum’
730 764 780 802 de
799 762 909 802 Orat.
922 765 948 802 2
965 775 974 801 z
1005 767 1018 784 ‘
1035 762 1222 815 Quinque

387 816 540 858 faciunt
574 815 687 870 quasi
720 817 893 856 membra
927 815 1219 868 eloquentiam:

385 871 560 911 invenire
576 869 672 922 quid
691 871 814 916 dicas,
826 869 989 909 inventa
1000 869 1222 922 disponere,

387 924 533 965 deinde
567 936 702 963 ornare
739 923 878 969 verbis,
916 929 1006 976 post
1037 925 1225 963 mandare

388 978 597 1024 memoriae,
626 983 710 1016 tum
727 979 779 1018 ad
798 983 1010 1017 extremum
1040 990 1153 1030 agere
1181 984 1222 1017 et

389 1030 683 1085 pronunciare')

333 1086 520 1127 Extructa
537 1085 631 1125 satis
647 1084 815 1124 altitudo
830 1083 927 1123 muri
944 1083 1125 1138 (educta,
1152 1099 1220 1125 ex-

387 1139 593 1194 aggerata)
621 1139 663 1185 ii,
682 1144 719 1180 6,

328 1194 461 1236 Exul:
490 1194 581 1234 exul
612 1199 694 1232 tum
722 1192 783 1231 his
811 1191 919 1231 terris
946 1205 1037 1240 xxv,
1054 1196 1108 1233 20
1135 1191 1221 1246 (Sic

385 1261 455 1302 qu.
475 1249 569 1288 edd.
584 1247 655 1288 sed
673 1259 746 1286 nos
759 1246 955 1286 edidimus
973 1260 983 1285 ε
1011 1260 1059 1286 ex
1078 1246 1223 1286 ultimis

387 1301 520 1354 terris)
555 1301 692 1341 exules·
723 1307 924 1352 occupant
955 1300 1110 1340 Thebas
1155 1315 1221 1348 xv,

389 1359 442 1397 10
479 1355 596 1395 exilio
618 1369 662 1395 x.
680 1368 869 1394 annorum
888 1355 1065 1394 mulctari
1083 1355 1219 1409 (poena

385 1409 601 1449 ostraeismi
635 1408 786 1460 legibus
821 1408 1005 1461 definita)
1032 1409 1088 1456 iii,
1108 1414 1147 1450 1.
1184 1422 1222 1455 v,

386 1467 411 1504 3
441 1463 501 1516 (v.
518 1462 694 1513 Ostrac.)
710 1462 827 1501 exilio
844 1461 944 1501 affici
972 1462 1054 1510 viii,
1075 1467 1099 1502 3

333 1516 518 1557 Exultare
547 1517 622 1570 (de
653 1517 779 1569 equis,
809 1515 1028 1555 verberibus
1054 1517 1104 1555 ad
1131 1517 1221 1555 sub·

291 1620 294 1622 ,
386 1572 610 1611 sultandum
641 1569 810 1621 coactis)
853 1569 962 1616 xviii,
981 1575 1004 1610 5
1051 1571 1222 1624 (oppon.

391 1625 588 1667 remittere
603 1624 743 1671 calces,
761 1622 882 1676 ibid.)

754 1785 800 1824 F.

331 1893 474 1933 Fabius
508 1893 561 1939 Q.
593 1891 791 1932 Maximus
819 1893 989 1932 dictator
1004 1891 1125 1931 Rom.
1157 1893 1223 1946 (in

385 1960 478 1999 agro
513 1946 681 1987 Falerno
715 1947 931 1987 Hannibali
975 1960 1018 1986 se
1063 1946 1222 1999 objicit)

384 2000 493 2048 xxiii,
513 2007 537 2043 5
577 2001 848 2042 callidissimus
874 2001 1097 2053 imperator,
1124 2001 1222 2042 ibid.

328 2095 334 2103 .,
382 2053 435 2101 Q.
455 2054 550 2095 Fab.
568 2056 682 2095 Max.
699 2056 793 2097 Cos.
821 2055 923 2102 xxiv,
944 2059 966 2096 1

330 2106 497 2148 Fabiani
525 2110 668 2150 milites
701 2110 1006 2163 (συνεκδοχικῶς
1038 2109 1090 2149 de
1123 2122 1221 2161 prae-

383 2162 577 2203 stantibus
609 2163 819 2215 militibus)
863 2165 915 2210 xi,
946 2167 974 2204 2
1027 2163 1221 2216 (Loccen.

382 2223 498 2269 putat
515 2219 575 2258 vel
595 2219 647 2257 ad
664 2222 759 2259 300.
786 2218 942 2264 Fabios,
969 2217 1032 2257 vel
1051 2219 1102 2257 ad
1121 2217 1220 2257 mili-

384 2277 444 2310 tes
477 2271 530 2318 Q.
560 2271 672 2311 Fabii
702 2272 870 2311 Maximi
901 2271 1054 2324 respici.
1107 2271 1220 2311 Alias

385 2324 551 2429 Papiani
579 2325 700 2365 tribus
729 2338 874 2365 nomen
903 2337 970 2378 ap.
987 2325 1096 2365 Suet.
1113 2325 1218 2379 Aug.

322 2430 472 2470 raoere
489 2433 597 2483 quod
614 2431 724 2471 alteri
743 2431 881 2471 inutile
892 2437 954 2472 est
980 2431 1023 2478 ii,
1037 2435 1062 2472 7
1091 2431 1218 2471 facere

381 2485 516 2532 audet,
544 2486 651 2538 quod
683 2486 870 2538 cogitavit
895 2486 997 2540 (rem
1029 2485 1218 2525 delibera-

383 2543 462 2577 tam
495 2539 647 2579 efficere
675 2539 777 2591 διε.)
802 2538 880 2586 xiV,
900 2544 925 2580 ‘t
965 2539 1094 2579 facere
1120 2538 1219 2578 nihil

381 2591 535 2646 reliqui,
564 2595 671 2646 quod
705 2595 753 2633 ad
784 2594 1000 2632 sanandum
1030 2607 1072 2633 se
1100 2593 1219 2647 perti·

380 2653 475 2686 neat
502 2648 552 2701 (i.
582 2661 618 2687 e.
649 2647 811 2701 experiri
845 2646 998 2700 omnia)
1037 2661 1132 2695 xxv,
1165 2651 1216 2688 21

380 2700 508 2740 facere
541 2714 735 2741 versuram
770 2701 928 2753 publice
967 2714 1055 2749 xxv,
1086 2706 1113 2743 2
1157 2702 1219 2755 (v.

381 2753 585 2808 Versum).
595 2755 722 2797 facere
732 2768 919 2795 summam
929 2755 1006 2809 (sc.
1016 2755 1218 2808 pecuniae)

379 2813 485 2856 xv,3
528 2809 656 2850 facere
674 2824 712 2849 m
744 2809 859 2849 steria
883 2810 1122 2863 (celebrare)
1149 2809 1218 2857 vii,

379 2866 405 2902 8
431 2862 495 2916 (v.
517 2862 714 2916 Mysteria
738 2890 750 2902 .
769 2876 868 2916 opus
886 2864 961 2918 (de
977 2864 1217 2918 munitione)

379 2915 423 2963 ii,
446 2920 473 2957 6
512 2918 710 2969 postulata
741 2917 938 2971 (annuere
964 2917 1063 2971 &c.)
1089 2918 1157 2965 vii,
1190 2923 1216 2958 8

379 2969 571 3024 imperata
599 2973 712 3026 (quae
741 2972 834 3011 Dux
854 2970 1036 3024 mandat)
1064 2971 1171 3018 xviii,
1189 2977 1216 3012 9

377 3025 623 3078 naufragium
659 3027 732 3079 (de
765 3026 879 3066 clade
912 3025 1064 3078 navali)
1109 3026 1152 3073 ii,
1190 3030 1214 3066 7

376 3085 504 3119 castra
536 3079 726 3134 (ponere)
767 3080 796 3127 i,
827 3084 852 3120 5
898 3079 1010 3131 ignes
1051 3080 1158 3127 xviii,
1188 3084 1215 3121 9

379 3138 613 3185 potestatem
630 3134 692 3174 sui
709 3134 783 3188 (de
810 3133 1091 3174 committenda
1114 3147 1216 3187 pug-

379 3199 446 3235 na,
492 3201 651 3228 manum
697 3201 787 3229 cum
833 3188 944 3227 hoste
988 3189 1214 3242 conserere)

378 3241 472 3287 xvii,
488 3245 514 3282 3
543 3242 617 3305 (de
630 3242 849 3295 prasentia,
863 3241 997 3283 sistere
1014 3242 1078 3295 se)
1106 3242 1214 3290 xxiii,

381 3298 409 3333 9
455 3295 631 3345 praelrum
675 3294 719 3344 ii,
756 3300 796 3338 9.
849 3295 918 3343 xii,
957 3300 978 3338 1
1035 3296 1213 3350 praelium

379 3348 517 3387 navale
544 3349 651 3396 xxiii,
667 3355 719 3392 10
745 3362 918 3403 pugnam
944 3350 997 3398 ix,
1013 3355 1037 3391 5
1066 3350 1215 3404 (Tacit.

379 3399 488 3440 Arm.
515 3402 572 3449 iii,
590 3407 659 3451 21,
677 3409 701 3443 5
745 3409 758 3427 ⁴
780 3417 1000 3456 prosperam
1031 3407 1213 3444 adversus

380 3453 574 3494 Numidas
593 3469 763 3509 pugnam
781 3457 924 3509 facit').
954 3459 1073 3499 verba
1094 3458 1214 3511 (orat.

379 3507 543 3564 habere)
582 3509 649 3557 vii,
679 3515 706 3550 6
760 3511 864 3549 bona
904 3512 977 3563 (de
1017 3512 1213 3552 beneficiis

1339 385 1534 437 praestitis,
1562 386 1690 425 facere
1723 385 1830 437 quod
1849 384 1959 425 alteri
1978 385 2074 425 utile
2091 385 2175 438 est)

1335 439 1381 486 ii,
1397 443 1426 479 9
1451 440 1582 495 (quod
1610 440 1717 491 apud
1750 439 1934 478 Plautum
1966 439 2099 479 Casia.
2126 441 2171 487 ii,

1338 497 1378 540 8,
1393 497 1460 534 32.
1488 494 1539 534 de
1553 506 1719 533 venerea
1730 493 1931 544 voluptate
1942 493 2172 546 invenitur).

1338 559 1475 598 pacem
1491 547 1539 601 (a
1556 547 1660 587 bello
1691 545 1900 599 desistere)
1928 560 1965 593 x,
1984 551 2009 587 5
2052 548 2172 588 detri-

1338 607 1511 644 mentum
1545 601 1840 641 existimationis
1872 601 1992 653 (pafi,
2019 601 2171 654 subire)

1339 656 1441 702 xxiv,
1460 659 1486 696 2
1528 655 1615 710 (Sic
1648 655 1787 697 Cicero
1821 655 1889 694 lib.
1920 659 1960 695 7.
1991 653 2069 707 Ep.
2099 655 2174 694 ult.

1336 714 1348 732 ¹
1371 709 1557 749 damnum
1584 709 1725 749 facere'
1745 721 1814 760 pro
1842 714 1856 732 ⁴
1872 708 1970 762 pati'
1987 708 2105 755 dixit,
2129 715 2172 749 et

1337 762 1465 814 alibi).
1484 764 1557 802 iter
1582 763 1659 809 ii,5
1688 762 1774 815 (Sic
1785 762 1944 804 Curtius
1968 761 2022 809 iv,
2039 766 2106 810 10,
2122 767 2173 803 18

1338 823 1350 841 ·
1371 817 1444 855 iter
1459 816 1620 855 facienti
1646 817 1772 875 spado
1800 829 1902 856 unus
1926 829 1976 856 ex
2006 816 2173 869 captivis

1335 869 1511 909 nunciat'
1538 869 1638 923 &e.)
1676 869 1820 908 Facere
1838 870 1987 910 caedem
2005 868 2172 922 alicujus

1335 923 1602 976 (perpetrare)
1630 922 1714 971 viii,
1733 927 1758 963 3
1802 923 1920 963 finem
1955 923 2050 963 belli
2074 924 2171 971 xxii,

1338 981 1358 1018 1
1390 978 1508 1017 finem
1521 977 1613 1019 libri
1639 977 1746 1024 xxiii,
1767 980 1816 1018 13
1848 978 1963 1016 finem
1990 977 2082 1033 vitas
2099 977 2174 1032 (de

1335 1031 1523 1072 accersita
1554 1031 1699 1083 morte)
1726 1044 1790 1077 xx,
1809 1034 1830 1071 1
1862 1043 2043 1084 magnam
2072 1032 2172 1070 mul-

1336 1085 1543 1125 titudinem
1561 1090 1784 1137 serpentum
1810 1084 2016 1138 (colligere
2064 1085 2172 1132 xxiii,

1337 1143 1389 1180 10
1417 1139 1504 1192 (Sic
1522 1139 1563 1179 in
1583 1141 1663 1179 Ms.
1682 1138 1820 1178 Boecl.
1837 1145 1879 1178 et
1892 1139 1988 1178 alias
2044 1144 2169 1179 oster:

1336 1207 1426 1233 cum
1441 1195 1607 1247 amplius
1620 1199 1778 1233 centum
1793 1192 1915 1232 millia
1925 1193 2031 1233 facta
2042 1199 2174 1233 essent

1335 1254 1566 1288 armatorum
1595 1248 1687 1295 xxii,
1705 1251 1745 1288 2.
1791 1246 1855 1287 Sic
1890 1247 2048 1287 Sallust.
2077 1252 2089 1271 '
2106 1260 2172 1286 ex-

1337 1302 1498 1341 ercitum
1517 1301 1658 1341 facere'
1689 1314 1755 1354 ap.
1774 1301 1912 1341 Senec.
1929 1301 2058 1354 Epist.
2078 1304 2172 1341 114.

1337 1357 1406 1395 sed
1425 1369 1498 1396 nos
1514 1357 1725 1402 edidimus,
1753 1354 1980 1409 conficere).
2026 1353 2170 1394 Facere

1337 1409 1482 1450 bellum
1500 1410 1616 1449 alicui
1645 1409 1824 1463 (movere
1841 1407 2045 1461 adversus)
2073 1422 2113 1456 x,
2131 1411 2173 1448 4.

1337 1464 1412 1503 xvii
1416 1467 1463 1511 ,2
1481 1465 1540 1528 (v.
1553 1463 1744 1516 Bellum).
1759 1462 2043 1502 insidias‘alicui
2051 1460 2173 1515 (stru-

1337 1517 1424 1570 ere)
1453 1518 1520 1565 vii,
1538 1521 1566 1558 9
1601 1517 1746 1557 Facere
1776 1517 1946 1569 aliquem
1977 1516 2171 1556 haeredem

1337 1570 1573 1623 (instituere,
1602 1570 1788 1624 scribere)
1816 1583 1909 1617 xxv,
1928 1574 1953 1611 ὅ
2001 1571 2171 1622 aliquem

1339 1624 1497 1663 missum
1528 1625 1746 1676 (dimittere
1773 1623 1940 1677 captiv.)
1979 1624 2089 1672 xviii,
2119 1626 2169 1663 11

1338 1677 1508 1730 aliquem
1541 1688 1648 1717 reum
1681 1676 1910 1732 (accusare)
1935 1675 2004 1725 vii,
2031 1682 2060 1720 4
2103 1678 2173 1716 ali-

1337 1743 1456 1783 quem
1485 1732 1688 1772 certiorem
1723 1733 1800 1779 xiV,
1823 1735 1871 1772 11
1918 1730 2089 1786 aliquem
2116 1731 2172 1771 ci-

1338 1798 1426 1825 vem
1461 1785 1695 1840 (asciscere)
1722 1799 1812 1833 xxv,
1829 1789 1854 1827 3
1893 1783 2066 1838 aliquem
2098 1784 2172 1825 im-

1337 1846 1553 1891 peratorem
1571 1839 1746 1895 (creare)
1770 1840 1864 1887 xxii,
1881 1843 1908 1881 2
1950 1838 2073 1880 multa
2090 1852 2172 1879 me-

1337 1893 1433 1933 liora
1449 1894 1702 1948 (emendare)
1727 1894 1782 1941 xi,
1798 1897 1825 1936 -l
1865 1892 2058 1948 (Horsum
2085 1906 2174 1946 per-

1339 1947 1466 1987 tinent
1481 1955 1522 1989 et
1539 1948 1620 1995 illa,
1647 1947 1690 1988 in
1708 1949 1851 2001 quibus
1877 1953 1890 1973 ‘
1908 1947 2051 1989 facere’
2069 1947 2173 1987 aesti·

1336 2003 1472 2042 mandi
1500 2002 1824 2056 significationem
1855 2002 1990 2050 habet,
2016 2007 2059 2042 et
2075 2001 2172 2040 alter

1336 2057 1580 2097 accusativus
1587 2057 1785 2110 eleganter
1791 2054 2017 2109 omittitur).
2028 2055 2173 2095 Facere

1336 2110 1509 2164 aliquem
1544 2111 1667 2164 pluris
1693 2112 1748 2159 xi,
1766 2114 1792 2152 3
1837 2110 1966 2150 facere
1996 2109 2171 2162 aliquem

1337 2163 1453 2212 tanti,
1483 2160 1527 2204 fii
1551 2165 1635 2213 xiii,
1652 2168 1679 2206 4
1708 2165 1787 2220 (sc.
1818 2164 1933 2217 pretii
1950 2164 2172 2203 hominem.

1334 2231 1375 2259 v.
1382 2218 1499 2258 Voss.
1506 2219 1559 2259 de
1568 2225 1778 2260 construet.
1787 2231 1822 2259 c.
1830 2218 1921 2270 29)-
1937 2216 2006 2257 Sic
2016 2232 2028 2255 ι
2045 2218 2173 2258 faeere

1334 2271 1483 2325 aliquid
1502 2273 1598 2313 lucri
1616 2273 1693 2327 (sc.
1711 2286 1806 2321 rem,
1833 2273 1884 2312 de
1901 2272 2023 2324 gloria
2039 2277 2172 2323 capta,

1335 2337 1426 2377 quae
1461 2326 1573 2366 alteri
1606 2325 1844 2378 debebatur)
1885 2325 1967 2371 viii,
1998 2328 2034 2364 1*
2068 2325 2171 2378 (vid.

1334 2378 1543 2430 Lucrum).
1571 2378 1715 2419 Facere
1733 2379 1834 2418 male
1850 2377 2055 2431 etinjuste
2070 2378 2124 2424 ii,
2144 2382 2169 2418 7

1333 2433 1544 2472 crudeliter
1573 2445 1765 2486 avareque
1792 2432 1914 2483 multa
1940 2432 2019 2486 (de
2047 2432 2172 2471 solitis

1334 2485 1627 2539 magistratuum
1657 2486 1778 2533 vitiis,
1804 2485 1966 2524 avaritia
1980 2491 2023 2524 et
2039 2498 2171 2539 super-

1334 2540 1423 2594 bia)
1449 2540 1504 2588 vi,
1523 2543 1554 2581 4⁴
1576 2551 1628 2580 ne
1656 2539 1822 2593 ligenter
1831 2545 1874 2579 et
1886 2538 2076 2579 malitiose
2103 2540 2171 2585 vii,

1334 2596 1360 2635 7
1406 2593 1570 2647 pulchre
1604 2606 1626 2634 a
1645 2594 1754 2647 iquid
1789 2603 1905 2646 posse
1945 2593 2020 2647 (de
2053 2606 2172 2646 opera

1335 2654 1490 2700 promte
1505 2647 1710 2701 obeunda)
1737 2661 1827 2694 xxv,
1847 2650 1899 2688 1³
1936 2659 2075 2700 parurn
2100 2646 2172 2686 ali-

1335 2702 1432 2755 quid
1468 2701 1587 2743 alicui
1632 2702 1741 2750 xxiii,
1775 2704 1825 2742 11
1881 2713 1963 2740 non
1997 2701 2094 2741 feeit
2128 2700 2171 2739 id

1333 2756 1473 2806 frustra
1484 2755 1669 2810 (conatus
1680 2760 1865 2796 eventum
1877 2755 2036 2808 habuit)
2063 2754 2172 2802 xxiii,

1333 2813 1360 2850 2
1387 2810 1532 2850 Facere
1548 2811 1598 2850 ab
1616 2810 1748 2864 aliquo
1763 2810 1914 2862 praedas
1940 2809 2008 2856 xii,
2023 2812 2050 2850 2
2076 2807 2171 2862 (au-

1333 2869 1446 2903 notat
1462 2863 1528 2905 hic
1546 2864 1780 2905 Gebhardus
1798 2864 1862 2903 vix
1881 2862 2047 2903 inveniri
2075 2861 2172 2902 alibi

1332 2919 1436 2959 hanc
1466 2919 1638 2971 phrasin,
1662 2918 1739 2958 nisi
1764 2930 1830 2970 ap.
1854 2916 1982 2958 Cicer.
1998 2916 2041 2955 in
2058 2916 2171 2956 Verr.

1334 2970 1513 3013 vorstius
1539 2979 1670 3013 tamen
1694 2978 1799 3012 recte
1815 2970 1929 3010 affer-t
1943 2971 2063 3011 verba
2079 2969 2170 3011 cae-

1332 3027 1424 3066 saris
1459 3027 1526 3066 lib.
1561 3031 1601 3067 4.
1636 3026 1686 3067 Β.
1724 3025 1777 3066 G.
1810 3030 1822 3049 ⁸
1842 3030 1991 3078 quanta
2024 3024 2168 3076 praedae

1330 3079 1522 3125 faciendas
1550 3080 1716 3121 facultas
1745 3078 1950 3133 daretur').
1985 3079 2168 3120 adversus

1329 3133 1500 3187 aliquem
1517 3133 1591 3189 (de
1609 3132 1836 3182 hostilitate,
1852 3133 2046 3173 interdum
2063 3130 2168 3172 enim

1330 3192 1344 3211 ‘
1362 3188 1520 3236 facere,’
1555 3201 1627 3242 pro
1655 3194 1668 3214 ‘
1688 3187 1875 3242 pugnare’
1915 3186 2089 3227 sumitur.
2129 3197 2167 3223 v.

1329 3240 1484 3282 Buchn.
1491 3242 1631 3293 Thes.)
1640 3243 1746 3290 xviii,
1755 3247 1781 3283 8
1789 3242 1960 3295 (oppon.
1966 3245 2067 3279 stare
2076 3251 2166 3278 curn

1328 3294 1476 3349 aliquo,
1502 3297 1687 3350 adjuvare
1709 3298 1894 3350 aliquem,
1911 3293 2033 3346 ibid.)
2057 3293 2165 3345 apud

1329 3349 1501 3404 aliquem
1517 3353 1641 3391 verba
1651 3351 1836 3405 (oration.
1859 3345 2023 3400 habere)
2050 3346 2094 3393 ii,
2115 3349 2166 3386 10

1329 3417 1418 3446 cum
1450 3406 1583 3458 aliquo
1613 3405 1820 3445 amicitiam
1847 3402 1916 3449 vii,
1934 3404 1974 3442 4.
2014 3399 2092 3447 xiv,
2115 3404 2166 3441 10

1329 3472 1419 3500 cum
1431 3459 1563 3512 aliquo
1577 3458 1801 3498 societatem
1826 3455 1869 3503 ii,
1885 3459 1923 3497 8.
1952 3456 2006 3503 ix,
2020 3458 2047 3496 2
2075 3453 2166 3508 (ubi

1329 3525 1446 3552 mox:
1490 3512 1591 3551 coire
1627 3510 1851 3550 societatem
1889 3522 1977 3550 cum
2014 3508 2163 3561 aliquo,
