2326 3944
697 279 764 322 11.
827 278 1337 332 rnnmsrocnsm,
1376 278 1513 320 oAr.
1547 267 1603 321 ’7.

253 401 475 455 Lycurgo:
516 398 618 454 Πρός
647 413 694 440 τε
724 396 917 449 τούτοισι,
933 396 1026 438 τοὺς
1043 396 1133 449 ἑφό-

251 471 344 518 ῥυυς
352 463 418 506 καὶ
429 462 616 518 γέροντας
627 461 773 511 ἔστησε
783 462 1014 514 Λυκοῦργος.
1046 461 1135 501 He·

254 528 397 569 rodat.
451 527 562 567 Vide
588 527 645 566 sis
665 527 749 567 Ub.
770 525 977 566 Emmium
1009 524 1051 564 in
1083 524 1133 564 il-

251 590 436 632 lustrata
451 590 638 639 Graecia,
659 595 772 630 tomo
788 590 828 630 3.
857 588 911 628 de
940 600 1031 640 rep.
1053 589 1132 628 La-

253 656 425 695 conum.

1968 267 2077 322 443

1195 411 1276 439 σαι.
1333 398 1501 440 Auctor
1517 398 1700 440 Graecus
1721 395 1877 446 ἄδηλος·
1896 396 2075 438 neco-otv-

1194 475 1274 501 των
1291 459 1358 501 οὖν
1375 459 1693 511 Λακεδαιμονίων,
1713 459 1778 501 καὶ
1793 458 1885 500 τοὺς
1900 458 2077 510 μάλιστα

1195 524 1446 577 διαφέροντας
1470 524 1597 578 εὐνοίᾳ
1628 524 1692 564 καὶ
1720 523 1850 565 πίστει
1867 526 1947 564 τῶν
1963 531 2076 565 πολι-

1192 590 1282 628 τῶν.
1315 590 1439 629 Idem.

1251 652 1350 691 Cum
1379 651 1443 691 lois
1478 652 1646 701 collegas
1677 664 1766 690 suos
1805 651 2076 692 Themistocles

303 717 435 758 Penes
464 729 557 768 quos
573 727 762 756 summum
789 714 997 767 imperium
1029 711 1132 764 erat]
1181 716 1309 766 jussit
1323 716 1540 770 proficisci]
1569 716 1719 755 Variat
1736 716 1829 754 heic
1844 715 2076 766 Diodorus,

250 781 314 823 Ut
344 792 487 830 regem
520 779 650 819 etiam
683 779 725 819 in
758 778 927 819 vincula
959 776 1132 829 publica

249 843 478 896 conjicere,
501 843 668 895 legibus
700 854 845 882 eorum
873 840 1038 881 licitum
1069 851 1131 879 es·

250 912 332 949 set.
388 905 524 956 Infra,
543 906 584 945 in
607 906 793 945 Pausan.

302 970 422 1023 Apud
446 982 510 1009 eos
527 968 742 1018 contendit,
763 965 873 1017 falsu
888 966 951 1006 his
968 978 1049 1006 esse
1065 967 1130 1005 de-

250 1032 354 1084 lata]
410 1032 617 1084 Παρελθὼν
646 1029 794 1071 ἔπειθεν
825 1029 964 1070 αὐτοὺς
990 1029 1045 1079 μὴ
1065 1043 1131 1068 τα·

249 1094 352 1148 χέας
366 1094 564 1135 πιστεύειν
593 1097 676 1135 τοῖς
705 1092 956 1144 βουλομένοις
983 1090 1036 1132 εἷς
1062 1090 1130 1142 ἔχ-

249 1164 344 1211 θραν
356 1160 602 1206 καταστῆσαι
619 1157 693 1205 τὴν
705 1157 833 1198 πόλιν.
863 1156 984 1196 Idem
1001 1157 1130 1195 Fron-

248 1223 328 1266 tin.
343 1224 370 1264 l.
387 1234 418 1263 ι.
438 1226 500 1262 10.
526 1227 538 1245 ⁶
559 1222 793 1262 Contendit
812 1219 962 1260 falsum
982 1219 1035 1258 ad
1057 1231 1130 1259 eos

249 1297 461 1327 rumorem
482 1284 720 1336 perlatum!
779 1283 1011 1330 Diodorus,
1031 1287 1129 1334 Παρ·

250 1347 417 1390 εκάλεσε
433 1347 525 1388 τοὺς
542 1347 736 1401 ἄρχοντας
762 1346 816 1396 μὴ
844 1342 1130 1386 πιστεύεινκ-

250 1415 333 1455 ναῖς
348 1412 503 1466 φήμαις.
534 1411 736 1452 Gebhard.

281 1483 284 1486 ⁴
304 1477 568 1530 Quibicsfldes
580 1473 807 1525 haberetur]
833 1472 1000 1513 Auctor
1015 1470 1129 1522 apud

248 1541 547 1593 Aristophanis
563 1540 899 1590 Explanatorem
915 1550 925 1576 ε
946 1535 1038 1576 ἀλλ’
1053 1535 1133 1574 ἐπι-

248 1603 458 1657 λεξάμενος
476 1605 603 1644 αὐτῶν
619 1602 757 1654 ἄνδρας
786 1599 881 1640 τοὺς
912 1597 1038 1651 εὐνοίᾳ
1067 1597 1132 1638 καὶ

248 1669 379 1711 πίστει
430 1666 679 1721 διαφέροντας
713 1663 885 1705 ἐπόπτας
926 1660 1130 1714 ἐκπέμψαι.

250 1733 483 1787 Polyaenus
515 1738 641 1771 vocat
673 1725 956 1769 κατασκόπους.
1013 1724 1058 1765 Εἰ
1089 1723 1131 1766 δὲ

250 1796 465 1844 ἀπιστεῖτε,
498 1794 654 1847 inquit,
684 1791 776 1833 τοὺς
795 1790 973 1844 ἀρίστους
991 1787 1131 1838 ἐκπέμ-

251 1863 352 1913 ψατε
381 1856 665 1900 κατασκόπους.
736 1856 997 1897 Frontinus:
1039 1858 1051 1877 ⁴
1077 1855 1131 1894 Et

249 1923 431 1977 rogavit,
449 1928 498 1962 ut
517 1923 742 1961 mitterent
766 1919 948 1971 aliquos,
977 1917 1130 1970 quibus

249 1986 482 2028 crederent
499 1985 554 2025 de
574 1984 807 2024 munitione
839 1979 1130 2022 Athenarum:

254 2049 455 2090 Gebhard.
514 2048 632 2088 Fides
648 2044 874 2096 haberetur]
905 2044 1022 2085 Nihil
1041 2056 1131 2084 mu·

250 2118 406 2154 tamus.
477 2111 597 2152 Libri
634 2110 822 2164 quidam,
857 2099 1130 2148 adhiberetur.-

249 2188 335 2217 non
381 2176 514 2216 etiam
559 2174 686 2224 male,
719 2173 796 2214 sed
843 2172 1130 2224 improbatum

251 2238 466 2291 Schoppio
484 2237 528 2278 in
549 2236 764 2277 Paradox.
794 2233 996 2275 Keucloen.

303 2303 463 2344 Interea
476 2314 518 2342 se
534 2301 702 2341 obsidem
719 2298 954 2349 retinerent]
983 2297 1130 2337 Disce-

248 2366 356 2407 dunt
369 2367 535 2420 longius
555 2363 819 2405 Membranae
836 2376 847 2402 ε
877 2361 1038 2402 Interea
1053 2361 1132 2400 sibi

247 2430 450 2472 demtum
493 2429 717 2478 reticerent,
763 2438 840 2478 pro
886 2425 1131 2466 desinerent

247 2496 358 2537 male
377 2496 431 2536 de
460 2495 534 2535 illo
560 2495 688 2547 loqui,
719 2502 894 2544 remque
929 2490 1130 2530 sermoni·

247 2559 328 2600 bus
358 2558 605 2607 traducere,
640 2568 690 2596 ac
718 2554 879 2595 factum
909 2553 1130 2594 damnare.

248 2621 403 2662 Seleu.
460 2620 547 2661 Sed
574 2630 789 2671 nunqnam
820 2615 924 2655 mihi
953 2627 1129 2668 persua-

249 2684 354 2725 dent
371 2684 434 2724 its
447 2688 597 2724 coacte
612 2687 657 2722 et
675 2680 882 2734 implicite
896 2679 1012 2732 loqui
1027 2679 1130 2720 Cor-

249 2747 408 2788 nelium
436 2752 656 2787 nostrum:
698 2744 800 2784 dein
828 2743 1017 2783 vertitur
1044 2744 1128 2783 his-

249 2810 360 2852 torin
390 2810 434 2850 in
469 2810 591 2850 aliam
623 2807 1001 2858 circumstantiam,
1031 2820 1127 2860 quae

247 2884 464 2926 nunqnam
482 2871 729 2912 intervenit.
786 2870 966 2911 Groecus
984 2870 1128 2923 Scrip-

249 2941 319 2976 tor
338 2935 532 2977 crebrius
551 2934 677 2974 modo
699 2933 921 2973 laudatus:
951 2933 1068 2986 μεχρὶ
1086 2933 1128 2973 δὲ

248 3002 320 3050 τῆς
338 2999 491 3040 ἐκείνων
509 2997 718 3052 παρουσίας
736 2998 879 3050 ὅμηρον
897 2997 1017 3038 αὐτὸν
1034 3012 1127 3038 κατ·

250 3063 540 3116 επαγγέλλετο.
594 3063 771 3105 Diodor.
799 3064 825 3103 1.
846 3074 911 3103 xl.
934 3063 1009 3103 Καὶ
1039 3062 1126 3103 τού·

247 3145 325 3169 τον
354 3127 553 3179 ἆγγιηπὴν
584 3125 722 3168 ἑαυτὸν
751 3125 966 3179 παρεδίδου.
1022 3127 1127 3167 Geb-

249 3193 362 3232 hard.
1076 3204 1078 3207 >

305 3254 470 3307 Tresque
487 3254 609 3305 legati
634 3252 771 3302 functi
795 3252 957 3293 summis
973 3252 1126 3292 honor-i-

246 3316 336 3369 bus]
378 3318 592 3359 Numerus
614 3328 695 3356 non
726 3316 982 3367 exprimitur
1011 3315 1126 3355 alibi.

247 3382 490 3423 Diodorus:
534 3380 586 3420 εἰς
602 3378 645 3420 δὲ
666 3379 739 3420 τὰς
762 3378 922 3427 Ἀθήνας
949 3376 1127 3418 ἀπέστει-

247 3453 325 3486 λαν
348 3444 440 3486 τοὺς
470 3442 818 3498 ἐπιφρονεστάτους
834 3441 1126 3494 κασασκεψαμέ·

249 3522 352 3561 νους,
363 3507 428 3549 καὶ
442 3506 528 3561 περὶ
544 3505 597 3549 ὧν
610 3505 659 3557 ἦν
674 3507 789 3560 χρεΐα
805 3506 1128 3559 πολυπραγμονῆ-

1194 780 1262 831 qui
1286 781 1378 819 vult
1404 791 1499 819 cum
1519 779 1811 818 Themistocle
1831 783 1875 818 et
1893 784 2074 819 caeteros

1195 844 1358 895 legatos
1405 843 1544 894 ipsum
1580 848 1835 882 consecutos
1874 841 2075 882 Lacedae-

1194 918 1316 945 mone
1333 919 1358 946 a
1378 904 1602 957 Spartanis
1623 910 1828 944 retentos.
1875 904 1948 944 Sic
1962 904 2075 946 enim

1193 969 1264 1009 lib.
1286 980 1351 1009 xl.
1381 967 1478 1009 Τοὺς
1510 966 1553 1008 δὲ
1577 965 1900 1017 Λακεδαιμονίων,
1920 967 2074 1020 inquit,

1191 1032 1374 1086 πρέσβεις
1393 1033 1578 1074 ἐλθόντας
1604 1032 1657 1073 εἷς
1689 1033 1866 1083 Ἀθήνας,
1884 1031 1949 1072 καὶ
1973 1031 2075 1082 μετὰ
2140 1029 2142 1031 ’

1192 1094 1371 1136 στάσεων
1387 1096 1452 1136 καὶ
1471 1096 1642 1137 ἀπειλῶν
1664 1096 1931 1144 ἐπιτιμοῦντας
1958 1093 2076 1147 παρέ-

1192 1161 1318 1200 δωκαν
1346 1158 1400 1200 εἷς
1417 1160 1612 1212 φυλακὴν,
1630 1158 1827 1211 φόσαντες
1851 1159 1946 1200 τότε
1975 1157 2075 1210 ἀψή-

1191 1239 1288 1269 σειν,
1303 1223 1400 1264 ὅταν
1417 1224 1584 1264 κάκεῖνοι
1599 1223 1691 1265 τοὺς
1705 1225 1791 1276 περ),
1806 1220 2076 1272 Θεμιστοκλέα

1190 1287 1372 1341 πρέσβεις
1391 1287 1643 1329 &rosacum
1689 1289 1761 1328 Sic
1782 1288 1960 1328 Gra-eus
1986 1298 2075 1327 ma-

1192 1355 1336 1405 gister.
1395 1353 1432 1393 A
1455 1354 1649 1405 partibus
1665 1364 1767 1392 vero
1785 1352 1968 1403 Nepotis
1987 1355 2075 1393 stat

1193 1418 1448 1458 Frontinus:
1476 1420 1488 1440 ‘
1511 1418 1607 1458 Suis
1635 1415 1791 1456 deinde
1812 1417 1917 1455 clam
1939 1415 2074 1467 scrip-¹

1192 1481 1263 1530 sit,
1288 1488 1335 1521 ut
1355 1493 1443 1526 eos,
1463 1481 1535 1533 qui
1553 1480 1787 1526 venissent,
1808 1479 2043 1518 retinerent
2060 1490 2073 1527 ;

1191 1543 1329 1584 donec
1349 1542 1523 1584 refectis
1543 1543 1744 1595 operibus
1762 1541 2075 1582 confiterentur

1192 1606 1527 1647 Lacedaemoniis
1548 1606 1732 1645 munitas
1757 1615 1851 1644 esse
1869 1603 2075 1655 Athenas,

1192 1681 1272 1710 nec
1312 1670 1439 1710 aliter
1475 1669 1702 1722 Principes
1739 1680 1886 1712 eorum
1930 1667 2074 1708 redire

1192 1745 1333 1785 posse,
1352 1745 1478 1786 quam
1510 1732 1545 1772 si
1577 1734 1669 1784 ipse
1701 1732 1901 1772 remissus
1933 1731 2072 1772 foret:

1192 1797 1304 1849 quod
1324 1795 1452 1836 facile
1485 1796 1784 1848 praestiterunt
1805 1795 2075 1836 Lacedaemo-

1191 1860 1265 1912 nii,
1308 1872 1362 1900 ne
1406 1860 1527 1900 nnius
1574 1859 1796 1899 interitum
1842 1859 2073 1899 multorum

1192 1929 1332 1964 morte
1352 1922 1580 1975 pensaret!
1625 1923 1748 1962 Idem.

1250 1989 1394 2040 Eisque
1423 1987 1631 2039 praedixit]
1687 1986 1918 2026 Frontinus
1946 1985 2073 2026 modo

1193 2051 1405 2102 laudatus,
1433 2051 1446 2074 ‘
1466 2050 1550 2090 suis
1570 2050 1681 2090 clam
1701 2047 1901 2101 scripsit!
1973 2048 2074 2089 Jus-

1194 2115 1272 2154 tin.
1293 2116 1322 2154 1.
1340 2126 1391 2156 11.
1412 2117 1476 2154 15.
1505 2115 1518 2136 ‘
1538 2113 1643 2152 Tum
1661 2111 1968 2152 Themistocles
1994 2122 2074 2163 per

1192 2188 1360 2217 servum
1396 2173 1715 2227 magistratibus
1751 2173 1904 2213 scribit
1939 2173 2075 2214 Athe·

1191 2240 1426 2281 niensium?
1456 2239 1580 2279 Idem.

1244 2302 1454 2353 Professus
1471 2301 1546 2352 est]
1587 2299 1768 2341 Codices
1789 2300 1968 2354 antiqui,
1984 2310 2076 2352 prob

1189 2372 1340 2408 secutus
1365 2371 1436 2407 est.
1489 2365 1618 2405 Unde
1652 2376 1755 2415 ergo
1788 2364 1981 2415 suspicor
2012 2363 2073 2403 le-

1189 2431 1390 2483 gendum,
1404 2430 1628 2483 prolocutus
1644 2432 1719 2478 est,
1740 2426 2074 2479 suffragantibus

1191 2495 1297 2535 Mss.
1338 2493 1503 2543 Longol.
1561 2491 1687 2534 Quod
1707 2490 1932 2531 confirmat
1953 2490 2075 2531 Grae-

1190 2569 1239 2597 ca
1258 2555 1365 2596 fides
1392 2555 1682 2608 Thucydidis:
1727 2553 1802 2593 Καὶ
1833 2555 1854 2593 ὁ
1885 2559 2074 2604 Θεμιστο-

1189 2620 1289 2667 κλῆς
1305 2619 1478 2659 ἐπελθὼν
1494 2620 1576 2659 τοῖς
1590 2616 1912 2668 Λακεδαιμονίοις,
1942 2618 2074 2657 ἐνταῦ-

1191 2686 1240 2723 θα
1272 2683 1320 2730 δὴ
1351 2685 1523 2735 φανερῶς
1556 2680 1674 2731 εἶπεν,
1703 2681 1769 2722 ὅτε
1799 2681 1825 2729 ἡ
1854 2680 1927 2731 μὲν
1959 2680 2074 2722 πόλις

1191 2749 1301 2798 σφῶν
1318 2745 1560 2798 τετείχισται
1579 2746 1664 2794 ἤδη.

1247 2811 1360 2856 Quod
1393 2811 1582 2850 communi
1603 2809 1697 2858 jure
1729 2810 1909 2860 gentium
1936 2808 2073 2858 fucere

1186 2874 1360 2925 possent]
1412 2872 1625 2912 Moenibus
1645 2871 1805 2923 oppida
1824 2872 2008 2926 cingere,
2026 2877 2073 2913 et

1191 2947 1237 2976 se
1258 2946 1419 2987 suaque
1445 2934 1603 2974 tuendo
1637 2934 1719 2973 vim
1753 2934 1980 2986 repellere,
1999 2947 2073 2976 na·

1192 3004 1301 3038 turae
1321 2998 1452 3038 etiam
1474 2996 1576 3049 jure
1606 3008 1773 3048 semper
1801 2997 1936 3048 licuit,
1958 2998 2070 3038 unde

1190 3060 1381 3113 gentium
1407 3059 1479 3111 jus
1499 3059 1704 3098 manavit.
1760 3059 1855 3099 Vim
1891 3060 1944 3099 ad
1978 3060 2074 3100 haeo

1190 3124 1231 3162 vi
1265 3123 1493 3175 repellere,
1510 3121 1581 3174 jus
1611 3120 1759 3174 fasque
1791 3133 1882 3161 esse
1915 3127 2071 3162 natura

1189 3185 1334 3235 docet,
1362 3189 1412 3225 ut
1447 3184 1488 3223 in
1517 3184 1753 3224 Miloniana
1786 3183 1939 3223 Cicero
1972 3195 2070 3236 pro-

1188 3250 1378 3299 nunciat,
1398 3253 1442 3288 et
1462 3247 1600 3288 JCtus
1620 3246 1709 3286 Tit.
1735 3248 1802 3286 De
1825 3246 1926 3298 jure
1947 3253 2071 3288 natu-

1188 3324 1264 3363 rae,
1279 3311 1486 3364 gentium,
1504 3316 1550 3350 et
1567 3309 1694 3350 civili.
1723 3308 1872 3351 Schott.

1242 3374 1349 3414 Deos
1376 3372 1572 3426 publicos]
1625 3371 1902 3423 ’.Ομοβωμίους
1958 3373 2070 3415 Vide

1188 3437 1241 3478 ad
1259 3437 1369 3478 huuc
1389 3438 1527 3477 locum
1548 3437 1818 3477 Boeclerum.

1242 3501 1406 3543 Patrios
1421 3514 1469 3542 uc
1496 3499 1675 3554 penates]
1732 3499 1931 3552 Hyginus
1961 3497 2069 3542 θεους
