2306 3900
331 253 440 307 716

332 373 358 424 a
379 383 553 435 Nepote
570 380 793 436 desumpta
813 388 928 423 sunt.
957 383 1115 424 Rosius.

381 446 433 486 Τὸ
450 443 679 498 παράλογον
707 446 780 493 τῆς
807 446 1015 499 τελευτῆς]
1050 446 1102 486 In
1125 446 1213 487 edi-

331 510 449 550 tione
469 507 708 549 Parisiensi
721 508 792 550 Jo.
812 507 988 559 Rualdi,
1002 520 1086 561 qua
1101 514 1215 561 utor,

330 584 537 615 excusum
555 571 746 622 invenio,
770 570 819 611 τὸ
837 570 980 624 tapeta.
991 572 1065 620 τῆς
1081 579 1215 612 τελευ-

329 639 419 687 τῆς,
439 648 520 677 nec
535 636 704 676 variant
722 636 828 678 Mss.
856 637 982 677 Idem.

387 700 597 755 Οὐαλέριον
615 701 806 755 Μάξιμον]
853 702 960 745 Cod.
984 703 1215 744 Vuleobia-

330 778 427 818 nus,
479 765 702 819 Οὓατόριον.
769 765 910 818 Alius,
972 765 1216 819 Οὐετούριον.

332 830 461 874 Quod
498 842 553 870 an
589 830 743 882 reponi
776 829 950 880 debeat,
986 829 1218 882 dispiciant

333 893 592 936 criticorum
623 892 714 934 filii.
771 893 868 933 Viri
887 892 1005 933 docti
1024 898 1218 946 censent,

333 957 617 998 Plutarchum
652 956 707 996 ad
740 968 793 998 ea
828 956 1087 1009 respexisse,
1119 970 1216 1011 quae

337 1021 436 1061 Val.
469 1019 684 1061 Maximus
715 1032 755 1060 v.
776 1024 816 1060 1.
854 1025 944 1061 ext.
963 1023 1005 1061 6.
1027 1020 1082 1061 de
1102 1021 1218 1061 Mar-

332 1084 432 1124 celli
451 1081 605 1124 funere
625 1084 792 1124 retulit.
838 1083 926 1125 Sed
945 1095 997 1124 ea
1014 1084 1220 1136 pauciora

332 1151 447 1199 sunt,
465 1159 592 1200 quam
611 1152 660 1187 nt
694 1160 721 1187 a
747 1148 984 1188 Plutarcho
1009 1147 1109 1189 heic
1126 1148 1218 1189 lau·

331 1208 436 1250 data
454 1209 595 1250 videri
616 1210 803 1263 possint:
843 1211 927 1251 nisi
945 1210 1062 1251 dicas
1081 1211 1218 1252 solum

332 1274 550 1326 epitomen
563 1275 767 1316 librorum
780 1275 961 1326 Valerii,
972 1288 1057 1316 non
1075 1275 1218 1328 ipsum

333 1349 458 1389 opus,
486 1342 537 1379 ut
568 1338 622 1378 ab
642 1350 694 1378 eo
714 1343 783 1380 est
800 1339 979 1392 editum,
1007 1340 1138 1380 hodie
1153 1351 1220 1380 sn-

333 1411 538 1452 peresse;
576 1401 622 1441 in
641 1413 767 1454 quam
796 1403 1055 1444 sententiam
1073 1403 1219 1443 Vossi-

333 1476 404 1503 um
437 1464 721 1516 propendisse
750 1464 874 1506 video
894 1465 950 1506 de
984 1465 1102 1507 Hist.
1122 1467 1218 1508 Lat.

328 1526 406 1567 lib.
429 1538 459 1568 1.
491 1531 561 1569 24.
614 1528 845 1580 Caeterum,
876 1533 926 1569 ut
960 1529 1042 1569 hoc
1076 1529 1219 1570 obiter

333 1589 505 1643 addam,
536 1603 620 1631 non
653 1597 735 1643 est,
754 1603 833 1632 cur
862 1591 979 1643 apud
997 1591 1220 1632 Valerium

337 1665 416 1705 pro
434 1666 576 1695 corona
601 1654 734 1694 laurea
769 1667 1024 1707 reponamus
1043 1667 1220 1708 auream,

335 1722 385 1758 ut
404 1718 608 1758 schottus
628 1717 778 1758 voluit.
835 1718 949 1758 Nam
979 1718 1054 1759 ille
1073 1718 1129 1759 de
1150 1731 1221 1759 co-

333 1793 442 1822 rona
472 1782 674 1822 cadaveri
706 1781 922 1833 imposita,
957 1793 1054 1821 cum
1085 1794 1222 1835 eoque

335 1844 584 1896 combusta3
630 1845 893 1885 Plutarchus
927 1844 982 1885 de
1024 1857 1091 1897 ea,
1125 1859 1222 1899 quae

335 1908 526 1962 reliqniis
558 1908 889 1962 superimposita
917 1913 1000 1961 est,
1018 1909 1221 1962 loquitur.

338 1972 464 2012 Idem.

387 2037 472 2074 Τῶν
489 2032 562 2075 σὺν
577 2034 757 2088 Ἀννίβᾳ]
800 2034 937 2087 Nota,
969 2046 1053 2074 non
1081 2035 1222 2087 ipsum

336 2097 643 2150 Hannibalem,
664 2098 739 2139 sed
762 2098 945 2151 quicum
959 2110 1011 2138 eo
1030 2097 1224 2150 fuerunt,

334 2162 415 2202 hoc
431 2167 512 2213 est,
531 2162 663 2202 duces
683 2162 792 2214 ejus,
819 2160 906 2201 dici
925 2160 1078 2202 victos.
1121 2162 1223 2202 Non

336 2225 467 2276 igitur
502 2226 566 2265 his
606 2225 908 2275 adversantur,
939 2237 1035 2277 quae
1073 2224 1223 2276 Nepos

336 2288 381 2328 in
400 2287 490 2328 vita
518 2287 774 2327 Hannibalis
793 2299 889 2339 cap.
909 2291 950 2326 5.
970 2291 1016 2326 et
1033 2290 1075 2326 6.
1110 2293 1225 2327 retu-

339 2351 410 2391 lit.
440 2351 566 2390 Idem.

391 2423 439 2454 x.
473 2412 622 2454 Turdos
629 2413 760 2464 paullo
772 2415 864 2452 avite
878 2415 1019 2463 coeptos
1027 2412 1224 2464 saginari]

339 2475 393 2515 In
411 2475 622 2516 Turdario
643 2474 860 2516 Martialis
886 2474 960 2515 lib.
981 2486 1085 2515 xm.
1127 2476 1140 2498 ‘
1156 2474 1226 2514 In·

340 2544 409 2579 ter
427 2551 528 2583 aves
547 2538 712 2590 turdus,
726 2550 893 2578 mecum
914 2537 951 2578 si
963 2538 1114 2590 judice
1134 2550 1225 2579 cer-

340 2607 422 2654 tes,
442 2602 567 2642 Inter
586 2600 889 2655 quadrupedes
905 2606 1069 2654 mattya
1086 2601 1227 2654 prima

338 2666 488 2718 lepus.'
534 2666 660 2706 Unde
680 2666 724 2705 in
739 2666 803 2706 M.
816 2666 962 2706 Druso
975 2666 1071 2706 Vir.
1086 2666 1227 2707 Illust.

337 2729 482 2770 locum
503 2720 641 2780 reete,
658 2729 703 2768 ni
722 2728 862 2780 fallor,
882 2729 1224 2770 emendavimus:

340 2791 528 2844 Philippo
547 2792 720 2838 Consuli,
752 2791 904 2842 legibue
921 2792 1096 2842 agrariis
1111 2794 1228 2835 resis-

340 2855 456 2906 tenti,
478 2854 539 2894 ita
570 2855 707 2895 collum
736 2855 781 2894 in
812 2855 969 2895 comitio
986 2855 1168 2906 obtem-eit,
1183 2859 1228 2896 ut

341 2918 485 2957 multus
518 2917 868 2970 sanguisefflueret
888 2929 909 2957 e
925 2918 1111 2959 naribus.-
1144 2931 1229 2971 quae

338 2980 406 3020 ine
436 2980 596 3020 luxuria
626 2979 889 3032 comprobans,
919 2982 1038 3020 morti
1057 2981 1146 3031 jam
1163 2983 1230 3022 de-

344 3043 454 3084 trudi
487 3056 530 3084 se
558 3043 725 3083 dicebat.
792 3043 883 3083 Nos
917 3044 971 3084 ‹le
1010 3050 1095 3085 vet.
1117 3045 1227 3086 libro

342 3104 556 3158 εὐστόχως·
599 3106 612 3128 ‘
634 3117 762 3160 quem
796 3106 871 3146 ille
906 3107 1119 3148 luxuriam
1152 3121 1227 3161 op-

343 3169 570 3221 probrans,
582 3169 761 3209 muriam
773 3168 829 3210 de
843 3170 981 3211 turdis
1000 3183 1093 3212 esse
1112 3171 1227 3212 dice-

343 3231 447 3272 bet.'
500 3233 597 3275 Qua
615 3233 668 3272 de
684 3245 732 3272 re
751 3234 875 3285 plura
894 3233 1082 3276 Observ.
1099 3235 1176 3277 lib.
1197 3247 1227 3276 1.

343 3306 421 3346 per
437 3294 654 3336 Saturam.
683 3295 835 3336 Sehott.

402 3356 585 3397 (ticonius
614 3359 742 3409 magis
769 3360 919 3411 placere
949 3373 1066 3413 quam
1088 3360 1228 3413 grues]

346 3419 532 3473 Elegans
563 3432 736 3460 carmen
771 3428 918 3463 exstat
955 3423 1000 3464 in
1033 3424 1228 3465 Petronii

346 3481 512 3526 Arbitri
537 3483 749 3536 satyrico,
787 3485 840 3525 de
880 3487 1079 3528 ciconia:
1129 3490 1140 3512 ‘
1158 3488 1227 3529 Ci-

713 266 892 305 NoTAE
934 266 1267 306 VARIORUM
1311 269 1371 307 IN
1419 271 1468 309 C.
1510 269 1771 308 NEPo'ris

1268 373 1399 427 ⁸conia
1448 387 1576 428 etiam
1609 392 1748 439 grata,
1779 385 2024 438 peregrina,
2056 386 2153 428 hos-

1276 448 1384 500 pita,
1425 449 1762 501 pietaticultrix,
1791 450 2034 502 gracilipes,
2064 462 2157 492 cro-

1279 513 1474 566 talistria,
1509 514 1614 556 Avis
1652 514 1752 555 exul
1798 514 1964 564 hiemis,
2001 514 2153 555 titulus

1277 576 1415 630 tepidi
1441 577 1662 630 temporis,
1690 577 1914 631 Nequitiae
1945 576 2093 617 nidum
2111 576 2157 618 in

1278 641 1437 682 cacabo
1455 640 1564 682 fecit
1581 640 1703 682 meo.'
1759 641 1901 683 Quem
1921 645 2063 681 tamen
2081 640 2157 681 ali-

1279 707 1347 744 ter
1380 703 1490 757 legit
1521 704 1798 757 explicatque
1831 703 1947 745 Had.
2001 703 2157 747 Junius

1278 764 1479 808 Animad.
1494 766 1569 807 lib.
1589 778 1653 807 vr.
1668 771 1733 807 15.
1761 767 1912 807 Schott.

1333 830 1582 883 Proecipuam
1597 829 1706 881 olim]
1729 829 1860 882 Apud
1872 829 2057 870 Plinium
2075 835 2159 882 est,

1281 893 1293 916 ⁶
1315 893 1425 934 Post
1447 893 1708 945 praecipuam
1728 893 2055 942 auctoritatem,'
2073 895 2157 933 ὅτε.

1280 955 1470 997 Dixerat
1495 962 1640 997 autem
1680 956 1823 1008 paullo
1855 961 1973 1006 ante,
2007 955 2021 979 ‘
2041 955 2158 1008 apud

1281 1014 1476 1074 antiquos
1504 1020 1686 1073 piscium
1716 1019 2028 1061 nobilissimum
2044 1020 2160 1061 habi-

1281 1090 1371 1126 tum
1390 1083 1710 1137 acipenserem!
1739 1083 1900 1124 Rosius.

1332 1148 1522 1190 Laberius
1553 1147 1679 1188 Poe'ta
1707 1146 1931 1199 mimorum]
1975 1147 2046 1188 De
2073 1119 2161 1200 quo

1279 1211 1528 1253 Macrobius
1558 1211 1632 1253 lib.
1650 1221 1706 1254 ιι.
1735 1215 1776 1252 7.
1813 1215 1860 1252 et
1875 1211 2044 1253 Seneca
2060 1223 2159 1251 nos-

1278 1278 1349 1315 ter
1386 1274 1568 1315 Rhetor.
1614 1276 1887 1317 controvers.
1931 1284 2068 1316 xvm.
2106 1273 2162 1314 de

1279 1339 1502 1392 parricidii
1520 1346 1736 1382 accusato.
1763 1340 1914 1381 Schott.

1332 1403 1432 1444 Loto
1462 1403 1614 1455 arbori]
1645 1402 1750 1444 Ἀπὸ
1780 1404 1906 1445 κοινοῦ
1930 1403 2162 1455 repetitum

1279 1471 1357 1508 est.
1428 1467 1534 1507 Mox
1566 1467 1610 1507 in
1650 1469 1762 1509 Msc.
1807 1465 1977 1508 Chiflet.
2011 1465 2164 1506 brevem

1278 1529 1418 1570 tradit.
1471 1530 1561 1570 Pro
1578 1531 1668 1571 huic
1694 1530 1802 1572 edit.
1856 1528 2041 1570 Dalech.
2068 1528 2129 1567 itti
2144 1540 2160 1574 ,·

1281 1592 1451 1642 aliiille,
1478 1605 1564 1634 non
1599 1594 1724 1635 male.
1781 1593 1939 1635 Statim
1971 1592 2163 1633 nonnulli

1280 1657 1387 1696 ultra
1414 1658 1509 1696 duos
1537 1656 1634 1697 dies.
1676 1657 1846 1698 Rosius.
1898 1656 2026 1696 Unde
2056 1656 2165 1696 loto·

1284 1718 1426 1770 pingi,
1445 1718 1500 1758 de
1519 1719 1671 1772 quibus
1693 1719 1903 1759 Homerus
1917 1718 2076 1770 Odyss.
2095 1729 2162 1758 lx.

1283 1789 1330 1823 et
1367 1783 1649 1835 Scholiastes‚
1686 1789 1732 1824 et
1770 1783 1824 1823 de
1861 1782 1995 1823 herba
2031 1783 2167 1823 Theo-

1284 1847 1483 1899 phrastus
1501 1847 1557 1887 de
1584 1847 1751 1888 Plautis
1785 1846 1859 1888 lib.
1891 1858 1954 1888 lv.
1973 1849 2012 1887 9.
2039 1845 2164 1886 Dios-

1285 1909 1452 1951 corides
1481 1909 1543 1951 lib
1574 1920 1605 1951 1.
1646 1915 1693 1951 et
1734 1909 1902 1950 Plinius
1947 1909 2019 1951 lib.
2057 1917 2170 1951 ¹111.

1284 1972 1438 2013 Schott.

1339 2036 1450 2077 Idem
1468 2036 1620 2088 Nepos]
1661 2034 1875 2078 Addenda
1900 2039 2036 2085 erent,
2067 2046 2164 2087 quoe

1284 2097 1454 2139 Plinius
1483 2098 1684 2150 subjicit:
1727 2099 1740 2122 ‘
1760 2098 1998 2151 baccasque
2016 2102 2166 2139 contu-

1285 2174 1353 2202 sas
1379 2161 1488 2215 (Ms.
1509 2160 1680 2202 Chiflet.
1706 2159 1901 2214 concisas)
1929 2173 2025 2202 cum
2055 2160 2167 2202 alica

1288 2224 1340 2264 ad
1362 2224 1480 2264 cibos
1498 2224 1615 2264 dolio
1634 2224 1792 2266 condi.'
1819 2225 1979 2266 Rosius.

1339 2286 1535 2328 scandula
1568 2291 1783 2328 contectam
1819 2287 1949 2337 fuisse
1981 2286 2168 2339 Βοηνιηι]

1286 2350 1373 2390 Ms.
1399 2349 1629 2390 Scindulam
1662 2362 1739 2389 non
1773 2353 2012 2401 conspectam
2034 2348 2166 2399 fuisse

1287 2414 1439 2454 Romae.
1465 2412 1604 2453 Idem.
1658 2413 1887 2464 Scandule,
1915 2411 2038 2466 quasi
2057 2413 2168 2458 scin·

1288 2477 1402 2528 dula,
1421 2477 1591 2527 assulae,
1614 2488 1700 2516 non
1729 2487 1849 2516 serra
1879 2476 1955 2517 sed
1973 2476 2168 2528 bipenni-

1287 2540 1366 2581 bus
1387 2540 1636 2592 productae:
1666 2539 1749 2578 nisi
1781 2538 1923 2591 potius
1944 2551 1970 2578 a
1985 2540 2169 2581 scanden-

1286 2604 1350 2643 do.
1380 2602 1497 2643 Hinc
1527 2603 1540 2625 ‘
1562 2601 1813 2643 scandulare
1831 2600 2010 2643 tectum’
2048 2601 2171 2655 Apu·

1286 2665 1371 2707 leio
1416 2665 1521 2706 Fab.
1569 2665 1714 2707 Miles.
1746 2665 1821 2706 lib.
1857 2675 1929 2705 ιιι.
1968 2669 2015 2705 et
2047 2665 2168 2707 ICtis

1288 2728 1300 2751 ‘
1321 2727 1594 2769 scandularii'
1615 2728 1644 2768 l.
1663 2727 1914 2781 quibusdem
1930 2727 1987 2768 D.
2003 2727 2170 2780 dejure

1289 2790 1502 2832 immunit.
1522 2791 1732 2842 Vegetius
1751 2791 1819 2831 De
1840 2802 1886 2832 re
1902 2790 2076 2832 militari
2094 2791 2169 2832 lib.

1288 2866 1341 2894 ιι.
1363 2858 1444 2895 23.
1482 2854 1496 2876 ‘
1511 2854 1728 2905 Tempore
1756 2854 1907 2894 hiemis
1926 2853 1980 2894 de
1996 2854 2170 2906 tegulis,

1289 2918 1357 2958 vel
1377 2916 1614 2957 scandulis:
1644 2929 1740 2970 quae
1761 2917 1796 2957 si
1816 2917 2031 2969 deessent,
2047 2923 2170 2959 certe

1289 2980 1344 3020 de
1377 2980 1535 3031 cannis,
1566 2980 1681 3030 ulva,
1710 2979 1778 3020 vel
1811 2980 1951 3020 culmo
1979 2980 2170 3032 porticus

1290 3042 1538 3095 tegeretur?
1605 3041 1828 3082 Scandulae
1863 3048 2008 3084 autem
2037 3055 2063 3084 e
2104 3054 2171 3084 ro-

1289 3110 1394 3150 bore
1421 3106 1670 3160 aptissimae.
1721 3107 1947 3147 Vitruvius
1965 3107 2039 3148 lib.
2058 3118 2110 3148 ιι.
2130 3110 2172 3147 l.

1287 3173 1300 3196 ‘
1322 3172 1536 3213 Montium
1557 3172 1716 3212 accolae
1750 3171 1902 3211 crustis
1919 3170 2167 3212 marmoreis

1289 3240 1408 3276 tecta
1426 3239 1686 3286 contegunt;
1716 3233 1788 3275 alii
1806 3233 1967 3284 plumbi
1986 3233 2169 3273 laminis.

1290 3298 1656 3351 Septentrionales
1690 3297 1825 3338 nostri
1843 3295 2078 3336 harundine
2096 3295 2170 3336 do·

1289 3375 1382 3403 mus
1412 3374 1510 3402 suas
1548 3360 1762 3412 operiunt,
1795 3358 2032 3410 durantque
2065 3359 2170 3400 aevis

1290 3430 1407 3465 tecta
1439 3422 1557 3464 alta)
1614 3422 1735 3463 Idem
1763 3420 1928 3461 Plinius
1962 3419 2036 3461 lib.
2069 3432 2169 3463 xvi.

1290 3492 1356 3529 36.
1429 3486 1574 3527 Penes
1633 3484 1872 3525 Germanos
1926 3484 2167 3537 tegularum
