2306 3900
344 254 453 309 522

345 393 432 437 tur,
459 387 494 428 si
525 391 572 427 et
600 386 845 439 prudentia,
873 392 919 428 et
938 387 1165 439 industria,
1183 393 1230 434 et

344 451 557 492 fortitudo
587 451 839 492 muneribus
855 452 942 493 suis
963 451 1113 494 functa
1132 452 1230 495 est!

344 516 480 557 Plura
511 515 654 557 Cicer.
683 515 728 556 in
761 516 886 559 Orat.
905 529 985 570 pro
1005 518 1056 559 L.
1076 517 1230 559 Manil.

341 580 508 620 Loccen.

397 643 584 693 Diligens
600 646 687 683 erat
703 643 882 695 imperti]
910 644 982 686 Ita
996 644 1230 687 Lambinus

341 710 389 747 ct
404 706 568 747 Savaro
585 705 799 748 edendum
818 716 1095 750 curaverunt.
1138 710 1231 750 Cae

341 769 427 810 teri
445 769 501 812 ad
521 782 648 811 unum
669 782 830 823 manee,
847 772 1015 823 diligens
1033 778 1119 814 erat
1147 774 1231 815 Im·

337 837 512 885 perator,
531 846 617 886 quo
636 834 764 875 modo
780 841 826 883 et
855 835 1041 889 Nepotis
1060 837 1229 879 libellus

340 896 412 937 hic
445 896 712 939 inscribitur.
751 898 906 940 Senon.
961 900 1035 941 Ita
1072 901 1116 941 in
1151 901 1232 942 Co·

341 972 456 1002 none
475 962 667 1015 loquitur
690 963 859 1007 Cornel.
892 965 1055 1016 Nepos.
1084 967 1098 989 ‘
1118 965 1232 1006 Dili-

342 1037 449 1077 gens
468 1025 652 1078 imperii'
670 1032 752 1079 est,
766 1027 838 1080 qui
851 1029 954 1069 nihil
973 1029 1018 1069 in
1032 1041 1102 1080 eo,
1117 1029 1231 1083 quod

340 1088 639 1140 imperandum
676 1096 760 1141 est,
792 1103 974 1133 vacuum
990 1127 993 1130 .
1012 1093 1232 1147 relinquit,

341 1152 418 1193 sed
453 1152 598 1194 statim
629 1154 832 1207 imperat.
886 1156 1009 1198 Alias
1037 1158 1234 1211 imperia,

342 1221 391 1258 ut
410 1228 562 1269 vacua,
577 1218 741 1260 subditi
758 1219 982 1262 invadunt.
1009 1222 1221 1263 Boxhorn.

398 1280 510 1321 CAP.
530 1284 571 1321 2.
620 1282 715 1323 Non
732 1284 929 1336 quaesivit,
953 1283 1022 1325 ahi
1039 1285 1121 1337 ipse
1147 1289 1234 1326 tuto

339 1341 509 1395 viveret]
555 1344 626 1386 Sic
655 1346 809 1388 Cicero
838 1348 980 1400 Epist.
1009 1349 1066 1389 ad
1097 1348 1233 1390 Attio.

340 1405 415 1448 lib.
434 1418 538 1448 vm.
559 1411 598 1449 1.
643 1409 656 1431 ‘
683 1411 738 1451 Ei
756 1411 906 1452 statim
923 1413 1139 1465 rescripsi,
1158 1413 1233 1454 ho-

341 1470 586 1524 minemque
611 1478 777 1516 certum
801 1474 898 1515 misi
915 1475 971 1516 de
1003 1476 1231 1518 comitibus

341 1532 467 1585 meis,
481 1546 566 1575 non
595 1547 664 1576 me
684 1548 899 1589 quaerere,
913 1538 990 1579 ubi
1015 1540 1232 1581 tutissime

341 1597 513 1638 essem!
566 1599 750 1640 Lambin.
821 1601 910 1643 Sed
946 1607 1094 1644 tamen
1129 1609 1233 1645 ante

342 1662 629 1703 securitatem
651 1664 927 1717 quaesiverat,
944 1671 996 1707 ut
1013 1666 1232 1709 Isocrates

340 1724 560 1766 Oratione
592 1727 731 1767 citata
766 1732 1019 1781 attestatur,
1048 1735 1097 1773 et
1127 1731 1231 1772 Plu·

344 1789 517 1830 tarchus
562 1790 605 1830 in
641 1791 858 1843 Euagora.
926 1793 1006 1835 Ait
1031 1793 1076 1835 in
1105 1793 1236 1836 Arta-

341 1853 618 1904 xerxe‚haud
629 1855 866 1897 securitate
886 1862 1139 1901 contentum
1166 1858 1233 1900 fu-

341 1917 445 1969 isse,
463 1917 541 1958 sed
559 1921 1018 1973 rerum-mutationem,
1038 1922 1171 1964 veluti
1191 1923 1235 1964 in

342 1981 502 2034 pelago
548 1979 744 2035 fluctum,
772 1990 1068 2036 exspectasse.
1114 1987 1234 2038 Mag.

335 2045 510 2091 >Patriae
554 2045 721 2099 deesse,
761 2046 1009 2102 ubicunque
1054 2050 1131 2100 sit,
1170 2051 1237 2092 vir

342 2108 479 2151 bonus
495 2122 583 2152 non
601 2109 748 2164 debet,
764 2110 852 2152 imo
871 2124 956 2154 non
975 2113 1083 2155 vult.
1140 2114 1235 2156 Lib.

343 2185 390 2214 v.
410 2177 481 2215 51.
502 2190 507 2207 ι
529 2177 542 2198 ‘
562 2173 663 2215 Nisi
681 2174 776 2216 haec
796 2186 968 2229 quoque
993 2188 1074 2229 pro
1091 2178 1234 2229 patria

342 2237 568 2280 dimicatio
613 2243 744 2293 esset,
778 2240 850 2282 cui
885 2240 1057 2293 deesse,
1089 2242 1234 2295 quoad

343 2301 438 2342 vita
473 2306 699 2355 suppetat,
733 2304 829 2344 aliis
870 2309 1012 2359 turpe,
1051 2306 1234 2348 Camillo

345 2365 478 2406 etiam
495 2364 621 2406 nefas
634 2365 732 2408 est.'
773 2364 902 2409 Gebh.

345 2467 347 2469 ,
397 2428 467 2471 Aa
507 2430 826 2483 Pharnabazum]
870 2431 1032 2475 Justin.
1069 2433 1148 2474 lib.
1170 2445 1233 2477 vr.

344 2493 441 2536 hnc
482 2496 699 2548 copiosius
728 2497 875 2539 habet.
946 2498 1062 2540 Item
1089 2500 1234 2542 Xeno·

346 2558 463 2610 phou
470 2557 586 2601 Ἓλλ.
600 2571 666 2600 xv.
677 2560 795 2602 unde
809 2561 894 2602 ista
907 2560 1000 2603 fere
1015 2562 1236 2617 descripta

345 2628 460 2663 sunt.
491 2623 662 2674 Longol.

346 2714 349 2717 -
400 2686 611 2739 Sutrupem
642 2687 768 2728 Ionia
798 2691 839 2730 et
869 2689 1029 2743 Lydioe]
1075 2690 1235 2733 sustin.

347 2749 426 2791 lib.
460 2763 506 2792 v.
539 2751 692 2804 Lydiae
735 2752 965 2806 satrapem
995 2754 1088 2796 sive
1118 2755 1238 2796 Prae-

345 2813 526 2867 fectum,
552 2827 643 2855 non
667 2815 1011 2866 Pharnabazum,
1039 2817 1116 2860 sed
1145 2818 1238 2859 Tis-

348 2878 605 2930 saphernem
625 2877 748 2920 dicit.
781 2880 897 2931 Mag.
954 2880 1104 2935 Nepos
1122 2879 1239 2923 infra

347 2940 396 2981 in
431 2942 636 2993 Datame,
674 2943 804 2983 alium
839 2943 1066 2997 Satrapem
1110 2951 1239 2987 vocat

348 3005 516 3045 illarum
534 3005 869 3058 provinciarum,
882 3006 1237 3051 Ariobarzanem.

349 3068 479 3110 Unde
514 3075 713 3121 apparet,
755 3069 922 3110 Ioniam
959 3077 1006 3111 et
1045 3071 1241 3125 Lydiam,

348 3143 478 3172 unam
514 3137 682 3172 tantum
712 3132 955 3185 Satrapiam
983 3133 1131 3186 fuisse,
1162 3146 1239 3175 seu

351 3193 658 3248 praefecturam
693 3196 1017 3249 provincialem,
1046 3209 1145 3250 qum
1183 3198 1238 3240 ab

350 3271 439 3299 uno
456 3259 642 3311 Satrape
662 3258 911 3311 regebatur.
938 3259 1011 3301 Sic
1025 3259 1237 3302 Herodot.

351 3322 426 3362 lib.
442 3332 485 3362 v.
525 3322 719 3362 Oroetem
739 3322 953 3375 quendam
972 3320 1088 3373 νόμον
1104 3321 1179 3364 τόν
1191 3337 1240 3366 τε

350 3382 518 3436 Φρύγιον
532 3383 598 3423 καὶ
607 3383 745 3425 Λύδιον
751 3385 817 3424 nal
828 3385 997 3426 Ἰωνικὸν
1003 3386 1239 3429 obtinuisse

355 3445 513 3499 refert,
536 3446 652 3501 quod
672 3459 727 3487 cx
748 3447 841 3489 aliis
860 3446 991 3490 etiam
1011 3450 1239 3504 scriptori-

728 267 908 317 NOTAE
950 266 1287 316 VARIORUM
1328 269 1394 309 IN
1436 269 1489 308 G.
1532 269 1794 309 NEPOTIS

1290 388 1370 431 bus
1401 393 1541 431 ratum
1578 387 1688 431 fecit
1721 386 2027 429 eruditIssimus
2060 388 2179 431 Bris-

1291 451 1448 500 eonius.
1479 453 1684 500 Keuchen.

1296 554 1298 557 .
1348 517 1597 568 Eandemque
1617 528 1806 567 generum
1838 511 1981 566 Regia]
2037 514 2180 571 Supra

1293 577 1336 619 in
1356 579 1592 621 Pausania.
1638 578 1932 622 ‘Mardonius
1967 572 2178 632 Satrapes

1292 643 1450 695 regius,
1470 644 1645 691 natione
1671 643 1846 695 Medus,
1872 642 1985 696 regis
2013 642 2176 697 ‘enen'

1292 706 1356 750 Ut
1385 706 1592 747 credibile
1627 707 1702 758 sit,
1730 707 1824 748 illas
1854 718 2027 760 semper
2053 718 2178 760 epar·

1292 769 1410 817 ¹chius
1428 782 1454 810 a
1473 770 1571 810 solis
1590 771 1743 823 Magni
1762 771 1896 824 Regis
1917 770 2088 824 generis
2106 771 2179 819 ad?

1292 833 1556 874 ministratas
1592 832 1738 886 fuisse,
1768 835 1846 888 qui
1878 842 2180 888 nonnunquam

1293 897 1389 937 vice
1408 897 1521 937 socri
1549 897 1614 937 sui
1639 895 1946 950 fungebantur.
1978 899 2185 946 Keuchen.

1294 962 1496 1004 Duxerat
1505 967 1648 1004 autem
1657 960 1962 1010 Pharnabazus
1969 962 2181 1016 Apamam

1293 1037 1490 1075 uxorem,
1507 1037 1636 1067 unam
1655 1037 1710 1066 ex
1725 1025 2185 1076 Artaxerxisfiliabus,

1294 1093 1343 1129 ut
1362 1089 1495 1130 tradit
1511 1089 1774 1130 Plutarchus
1790 1089 1842 1132 in.
1853 1088 2114 1133 Artaxerxe.

1352 1153 1482 1198 Quam
1497 1165 1586 1193 cum
1603 1152 1834 1194 Artaxerxe
1840 1152 2046 1205 fecerant]
2076 1153 2181 1196 Plu·

1294 1216 1468 1256 tarchus
1502 1216 1662 1258 ibidem
1702 1217 1812 1259 dicit
1843 1229 1939 1262 eam
1976 1228 2081 1261 esse,-
2109 1229 2183 1270 ap-

1294 1279 1496 1331 pellatam
1532 1277 1685 1333 εἶρήνην
1718 1278 1793 1328 τὴν
1821 1280 1879 1320 ἐπ’
1913 1279 2184 1332 ’An-amiton,

1295 1354 1450 1395 pacem
1476 1342 1637 1385 factam
1670 1344 1902 1388 Antalcide
1936 1345 2181 1398 interprete

1295 1411 1340 1456 et
1382 1407 1557 1459 legato:
1611 1407 1648 1448 si
1684 1405 1750 1448 fas
1795 1413 1880 1458 est,
1916 1407 2058 1461 inquit
2092 1408 2186 1459 ille,

1294 1471 1595 1522 contumeliam
1628 1476 1675 1511 et
1701 1471 1992 1524 proditionem
2030 1482 2182 1524 pacem

1293 1535 1530 1586 appellare.
1608 1535 1738 1577 Hanc
1785 1540 2093 1577 commemorat
2136 1540 2183 1576 et

1294 1598 1495 1652 Xenoph.
1522 1598 1599 1642 lib.
1629 1611 1692 1642 xv.
1735 1598 1790 1639 de
1821 1598 1948 1639 rebus
1980 1598 2183 1649 Graecia.

1294 1660 1384 1713 Sed
1403 1662 1497 1703 haec
1510 1674 1598 1716 pax
1613 1663 1826 1716 posterius
1838 1661 1960 1705 facta
1971 1668 2041 1707 est
2054 1675 2183 1717 quam

1293 1724 1524 1778 Agesilaus
1547 1726 1594 1767 in
1624 1725 1775 1768 Asiam
1803 1726 1986 1768 classem
2018 1728 2186 1781 exerci-

1295 1794 1475 1844 tumque
1487 1791 1744 1844 trajecisset,
1749 1795 1806 1832 'ut
1819 1790 2069 1844 intelligere
2079 1791 2186 1834 licet

1296 1867 1353 1895 ex
1371 1854 1610 1896 Plutarcho
1627 1855 1675 1896 in
1690 1855 1901 1908 apophth.
1926 1855 2092 1897 Lacon.
2108 1855 2185 1908 ibi,

1296 1917 1381 1958 ἐπεὶ
1409 1916 1453 1959 δὲ
1489 1917 1622 1959 Κόνων
1651 1917 1718 1960 καὶ
1746 1916 2002 1972 Φαρνάβαζον
2025 1919 2083 1970 τῷ
2106 1921 2184 1969 βα-

1296 1980 1438 2027 σιλέως
1467 1983 1635 2034 ναυτικῷ
1661 1982 2085 2034 θαλαττοκρατοῦντες,
2101 1983 2184 2030 διο.

1296 2045 1482 2090 Videtur
1499 2045 1630 2099 igitur
1647 2058 1700 2088 ea
1716 2045 1900 2088 societas
1916 2057 2012 2087 esse
2026 2045 2186 2088 intelli-

1296 2110 1452 2162 genda,
1468 2121 1596 2164 quam
1607 2109 1925 2151 Lacedaemonii
1938 2109 2186 2152 cumDario

1295 2174 1502 2224 seeundo,
1507 2173 1635 2226 hujus
1645 2170 2188 2233 Artaxerxisffluiun‘umv,

1293 2235 1339 2277 id
1348 2237 1431 2288 est,
1442 2237 1599 2277 Memor
1610 2235 1753 2276 dictus
1766 2240 1849 2287 est,
1860 2239 1907 2276 et
1922 2235 2026 2289 Cyri
2040 2240 2184 2289 patre,

1294 2297 1521 2340 fecerunt·
1538 2298 1593 2340 de
1606 2309 1692 2352 qua
1700 2297 1976 2352 Thucydides
1987 2297 2067 2340 lib.
2075 2309 2184 2340 vlu.

1296 2362 1381 2416 Sed
1399 2362 1620 2415 discrepat
1648 2374 1676 2402 a
1693 2362 1987 2415 Xenophonte
2015 2361 2185 2413 etPln·

1294 2427 1450 2471 ,tarcho
1487 2426 1675 2469 Probus.
1745 2427 1819 2468 Illi
1850 2426 1964 2468 enim
1995 2432 2189 2481 narrant,

1294 2491 1548 2545 Agesilaum
1568 2491 1683 2532 eoin
1701 2489 1848 2532 Asiam
1866 2503 1893 2531 a
1909 2490 2186 2550 Lacedaemo·

1294 2556 1379 2599 niis
1424 2568 1519 2597 esse
1562 2555 1753 2607 missum,
1788 2554 1905 2609 qnod
1942 2554 2188 2606 audierant,

1295 2632 1448 2673 regem
1463 2620 1698 2667 Persarum
1719 2619 2005 2672 Artaxerxem
2023 2620 2185 2666 exerci-

1296 2688 1391 2724 tum
1409 2688 1457 2725 et
1487 2683 1648 2724 classes
1679 2682 1886 2724 adversus
1903 2682 2088 2732 Graecos
2114 2694 2189 2736 pa·

1293 2759 1418 2794 rare:
1450 2745 1650 2799 Xenopll.
1677 2752 1725 2787 et
1752 2746 1974 2788 Plutarch.
2006 2745 2052 2793 iu
2071 2745 2186 2800 Age·

1300 2811 1423 2852 silao.
1467 2810 1568 2852 Non
1596 2809 1731 2862 igitur
1759 2809 2096 2861 Lacedaemonii,
2109 2810 2186 2852 sed
2238 2860 2243 2866 Ι

1301 2875 1454 2916 Persas
1492 2873 1536 2914 in
1569 2873 1783 2916 societate
1818 2885 1902 2914 nou
1939 2873 2188 2917 manebant.

1297 2939 1486 2982 Lambin.

1353 3002 1391 3043 A
1412 2999 1686 3053 Tissapherne]
1713 3000 1864 3041 Tradit
1877 3001 2153 3054 Xenophon
2141 3014 2187 3043 m

1300 3063 1521 3117 Agesilao,
1555 3062 1656 3103 huic
1691 3062 1826 3116 Regis
1846 3063 1968 3116 juissu
1997 3071 2130 3118 caput
2161 3077 2187 3105 a

1298 3127 1547 3169 Tithrauste
1571 3137 1665 3167 esse
1690 3124 1939 3167 abscissum.
1989 3127 2114 3169 Idem
2127 3133 2189 3169 ‘et

1298 3191 1517 3241 Diodorus
1531 3202 1628 3233 nv.
1657 3191 1765 3232 Erat
1772 3190 1842 3232 hic
1851 3191 1980 3232 homo
1989 3191 2185 3244 perditus

1300 3262 1349 3303 et
1366 3256 1565 3297 universo
1597 3254 1848 3296 Graecorum
1880 3255 2030 3308 generi
2056 3253 2186 3298 infes-

1302 3325 1391 3370 tus,
1407 3325 1456 3360 ut
1468 3319 1693 3360 Plutarch.
1708 3316 1863 3362 refert.

1302 3419 1311 3424 .
1357 3383 1479 3424 Hunc
1510 3383 1697 3424 adversus
1726 3380 2004 3422 Pharnabazus
2030 3381 2187 3437 habim

1299 3452 1359 3490 est
1379 3446 1613 3507 imperator]
1637 3441 1836 3506 'Acribus
1854 3445 2039 3487 hostium
2067 3446 2184 3506 duci·
