2306 3900
571 289 764 330 xxm.
826 288 1272 340 HANNJBALEM,
1310 289 1447 329 cAP.
1483 276 1539 329 5.

143 417 274 448 xxvi.
323 418 438 448 xxx.
469 409 482 431 ‘
498 405 686 449 Dubium
731 407 890 448 deinde
932 419 1020 447 non

140 469 226 510 erit
271 470 432 523 [inquit
459 470 632 522 Florus]
676 470 778 524 quin
823 470 1020 512 ultimum

139 532 260 574 illum
295 534 409 575 diem
452 534 650 576 habitura
691 533 823 575 fuerit
866 534 1020 584 Roma,

139 597 420 651 quintumque
436 598 552 639 intra
569 598 683 638 diem
701 597 868 651 epulari
885 597 1020 638 Anni-

139 659 213 700 bal
247 660 292 700 in
322 661 540 714 Capitolio
577 661 784 714 potuerit,
819 661 856 701 si
882 659 1020 713 (quod

140 722 320 764 Poennm
367 724 486 764 illum
532 723 690 765 dixisse
732 721 1019 764 Adherbalem

140 786 396 828 Bomilcaris
431 786 601 841 ferunt)
644 787 835 829 Annibal
876 800 1022 842 quem·

136 849 365 890 admodum
392 850 528 892 sciret
557 852 744 904 vincere,
773 852 835 893 sic
852 853 919 894 uti
937 853 1021 894 vic·

139 913 253 953 toria
284 913 450 955 scisset.
523 915 666 957 Quum
703 916 883 956 victoria
925 927 1020 968 pos-

138 982 205 1017 set
221 977 299 1028 uti,
313 976 401 1018 frui
417 978 595 1029 maluit3
615 979 853 1034 relictaque
868 980 1020 1031 Roma,

139 1039 414 1092 Campaniam
426 1041 748 1096 Tarentumque
764 1054 995 1096 peragrare
1006 1056 1019 1094 ς

139 1103 213 1143 ubi
230 1116 330 1144 mox
361 1110 409 1144 et
437 1104 533 1158 ipse
569 1111 616 1147 et
640 1107 858 1147 exercitus
890 1105 1022 1147 ardor

138 1167 352 1218 elanguit:
381 1168 507 1219 adeo,
527 1174 575 1210 ut
591 1180 739 1210 veram
757 1168 918 1210 dictum
939 1170 1017 1222 sit;

140 1230 331 1282 Capuam
383 1230 588 1274 Annibali
638 1234 808 1274 Cannas
853 1233 1020 1276 fuisse!

140 1292 369 1346 Catemm,
386 1295 502 1349 quod
522 1296 674 1338 relicta
689 1298 884 1340 Romaiu
897 1299 1022 1340 Cam·

136 1355 309 1408 paniam
339 1356 479 1411 flexit,
510 1371 594 1400 non
623 1371 677 1401 eo
694 1361 740 1401 id
757 1360 865 1403 fecit
879 1362 1021 1403 animo

136 1430 188 1460 ae
224 1421 465 1474 proposito,
512 1428 560 1464 nt
591 1423 754 1465 delitiis
789 1426 1020 1478 Campanis

137 1481 376 1535 frueretur,
392 1487 468 1527 sed
489 1496 590 1528 voto
622 1501 673 1530 ac
703 1501 781 1542 spe
806 1488 1019 1530 nobilissi-

136 1559 218 1589 mae
237 1549 354 1590 urbis
367 1551 592 1604 capiundae
607 1552 788 1606 Capuae,
801 1565 900 1606 quas
915 1552 1019 1594 dua·

137 1624 230 1652 rum
258 1618 351 1654 tum
369 1619 463 1655 toto
480 1616 585 1656 orhe
607 1616 904 1669 maximarum,
934 1618 1018 1658 Ro-

137 1687 221 1717 mae
242 1681 290 1717 et
315 1677 606 1731 Carthaginis,
623 1685 720 1720 erat
741 1679 909 1720 aemula.
965 1679 1018 1722 In

137 1738 350 1782 Annibale
363 1747 507 1782 autem
524 1741 609 1782 duo
628 1742 849 1795 praecipue
868 1748 1021 1783 notata

136 1814 187 1842 ac
222 1803 477 1854 reprehensa
506 1804 642 1844 Ducis
667 1805 810 1858 magni
838 1812 1021 1858 peccata

136 1878 160 1906 a
178 1866 331 1918 peritis
348 1866 502 1907 artium
528 1867 799 1909 militarium:
829 1868 943 1922 quod
963 1881 1019 1910 ex

136 1930 350 1970 Cannensi
369 1930 463 1970 acie
482 1942 566 1971 non
579 1936 702 1972 recta
715 1930 893 1972 Romam
912 1931 1019 1972 dux-

137 1992 270 2043 isset;
315 1998 364 2034 et
395 1993 509 2046 quod
541 1993 586 2034 in
613 1994 794 2036 hiberna
825 1995 1019 2048 Capuam

136 2056 317 2098 militem
346 2058 548 2100 misisset.
602 2057 670 2100 Ac
699 2060 911 2111 posterius
927 2060 1021 2114 qni·

136 2120 235 2161 dem
263 2121 344 2162 hoc
372 2127 600 2174 peccatum
616 2122 755 2175 majus
773 2123 859 2163 illis
881 2122 1019 2163 visum

136 2185 294 2236 priore.
361 2185 475 2225 Nam
512 2197 633 2226 mora
663 2191 710 2226 et
744 2185 1021 2226 cunctatione

136 2252 229 2287 tum
266 2258 472 2299 peccasse
503 2253 671 2289 tantum
700 2249 835 2290 videri
863 2249 1022 2302 potnit,

136 2324 234 2365 quae
275 2311 465 2353 victorias
501 2313 750 2355 dilationem
795 2316 1017 2357 attuleritt

134 2375 205 2416 hic
231 2375 444 2416 secundus
469 2387 592 2417 error
608 2376 837 2418 inhabilem
861 2377 915 2419 ad
932 2378 1020 2418 vin·

136 2438 319 2479 cendum
357 2451 531 2491 prorsus
569 2439 778 2492 reddidit,
818 2441 1019 2496 viresque

137 2502 314 2542 ademit.
342 2502 571 2544 Salmasius.

191 2564 244 2604 1¹·
273 2565 504 2618 propinquis
546 2565 657 2606 urbis
689 2565 902 2618 montibu]
947 2565 1019 2607 Ad

136 2625 344 2668 Anienem
363 2625 536 2678 flumen,
553 2628 626 2668 nbi
644 2627 867 2669 instructis
886 2629 1020 2669 utrin-

137 2701 220 2742 que
238 2689 501 2731 exercitibus
514 2689 557 2730 in
577 2691 668 2743 ejus
689 2703 844 2744 pngnae
860 2702 1021 2744 casum,

138 2751 181 2791 in
200 2764 284 2804 qna
315 2752 419 2791 urbs
453 2747 588 2793 Roma
613 2753 770 2794 victori
798 2753 1021 2806 praemium

137 2819 268 2865 esset,
304 2814 441 2855 imber
468 2815 616 2868 ingens
643 2815 853 2868 grandine
872 2817 1021 2858 mistus

137 2878 201 2918 ita
221 2883 444 2932 utramque
474 2879 612 2920 aciem
644 2878 849 2930 turbavit,
877 2885 925 2919 ut
949 2880 1022 2920 vix

138 2941 267 2981 armis
287 2941 467 2982 retentis
485 2942 531 2983 in
558 2947 703 2983 castra
731 2953 825 2982 sese
844 2953 1020 2994 recepe-

139 3004 256 3054 rint;
303 3005 459 3046 nullius
488 3007 551 3046 rei
581 3005 763 3057 minore,
783 3017 911 3059 qnam
930 3006 1023 3046 hos-

140 3066 247 3105 tium
273 3071 404 3107 metu.
459 3068 517 3108 Et
554 3071 730 3120 postero
764 3067 834 3108 die
867 3068 1020 3109 eodem

138 3130 235 3170 loco
255 3130 370 3170 acies
396 3130 624 3171 instructas
656 3130 808 3172 eadem
835 3136 1022 3184 tempes-

141 3198 205 3232 tas
225 3191 414 3232 diremit.
442 3190 536 3232 Liv.
557 3202 690 3234 xxvi.

194 3255 476 3294 Reverleretar
496 3253 690 3305 Capuam]
723 3255 777 3295 In
812 3254 1018 3308 hyberna.

139 3316 208 3357 lbi
240 3322 406 3370 partem
439 3317 641 3369 maj0rem
668 3317 835 3369 hyemis
854 3319 1020 3359 exerci-

140 3386 229 3420 tum
263 3380 306 3420 in
342 3381 472 3421 tectis
503 3379 666 3419 habuit.
723 3379 784 3419 Ut
807 3379 1021 3420 verissime

137 3442 268 3484 modo
302 3456 398 3485 cum
433 3443 560 3484 Floro
594 3442 756 3483 dictum
792 3442 873 3492 sit,
909 3442 1019 3483 ‘Ca-

1856 277 1966 329 655

1084 419 1212 459 paam
1229 406 1460 447 Hannibali
1474 405 1644 448 Cannas
1657 405 1789 446 fnisse
1802 405 1832 446 ε’
1850 406 1966 459 qnod

1084 471 1357 525 desumptum
1375 483 1430 512 ex
1450 471 1663 512 Oratione
1697 471 1897 512 Marcelli
1912 472 1968 512 ad

1083 534 1255 575 milites.
1327 535 1486 575 Exstat
1521 534 1595 575 illa
1639 533 1755 587 apud
1798 533 1967 575 Livium

1083 605 1223 638 xxm.

1140 660 1191 706 Q.
1237 659 1385 700 Fabius
1430 659 1654 710 Maximus]
1712 662 1968 714 Cunctator,

1083 724 1365 773 Verrucosus,
1381 722 1578 764 Ovicula.
1636 721 1803 764 Auctor
1825 724 1968 765 Viror-

1083 785 1249 827 Illustr.
1287 785 1512 826 Plutarch.
1538 786 1582 825 in
1613 785 1731 827 Vita.
1786 788 1967 829 Maximi

1082 861 1320 904 cognomen
1354 850 1614 904 principium
1636 849 1785 891 habuit
1813 851 1856 891 in
1888 852 1968 893 hac

1082 913 1244 955 familia
1277 913 1333 955 ab
1369 925 1422 955 eo
1451 914 1651 966 primum,
1690 914 1760 966 qni
1798 925 1965 955 omnem

1085 978 1254 1019 turbam
1292 983 1514 1019 excretam
1548 977 1593 1016 in
1627 982 1812 1030 quatuor
1831 976 1969 1018 tribus

1083 1041 1284 1094 conjecit,
1302 1053 1463 1096 easque
1497 1040 1684 1081 urbanas
1716 1041 1970 1093 appellavit,

1083 1110 1131 1147 et
1165 1105 1355 1147 instituit
1391 1106 1560 1159 equites
1596 1104 1748 1145 Idibus
1785 1105 1968 1148 Quintil.

1083 1169 1314 1211 transvehi.
1343 1170 1599 1210 Machameus.

1142 1233 1345 1286 Dictator]
1389 1233 1551 1274 Factus
1581 1237 1680 1286 post
1698 1243 1884 1285 pugnam
1911 1232 1968 1273 ad

1080 1295 1381 1337 Trasimenum
1400 1297 1541 1337 lacum
1564 1295 1848 1346 commissam,
1867 1301 1969 1336 anta

1081 1359 1367 1410 Cannensem,
1394 1365 1441 1400 et
1475 1358 1646 1399 Pallam
1678 1358 1894 1399 AEmilium
1923 1364 1971 1399 et

1078 1425 1330 1465 Terentium
1374 1425 1617 1465 Varronem
1663 1425 1762 1465 Cos.
1811 1435 1969 1475 nempe

1082 1487 1162 1528 Cn.
1199 1486 1381 1527 Servilio
1425 1487 1609 1528 Gemino
1637 1491 1684 1527 et
1711 1487 1775 1528 M.
1808 1485 1968 1527 Attilin

1082 1549 1247 1600 Regulo
1284 1549 1556 1590 Consulibus.
1610 1550 1681 1589 De
1714 1560 1801 1602 qna
1833 1548 1970 1589 dicta·

1081 1617 1178 1652 tura
1196 1611 1321 1663 plura
1334 1611 1548 1664 Polybius
1565 1612 1677 1653 libro
1691 1623 1762 1654 ιιι.
1782 1612 1970 1654 Lambini.
2016 1634 2021 1638 ·

1081 1673 1281 1716 Praeerat
1317 1681 1463 1716 autem
1513 1675 1730 1729 equitibus
1766 1676 1971 1727 magister

1081 1733 1289 1791 equitum,
1316 1739 1507 1780 dictator
1542 1739 1782 1792 legionibus
1818 1745 1865 1779 et
1890 1739 1972 1780 toti

1082 1802 1318 1853 exercitui3
1360 1808 1542 1856 eratque
1577 1815 1767 1843 summus
1813 1803 1971 1855 magis-

1083 1870 1224 1906 tratus
1243 1865 1286 1906 in
1313 1865 1434 1906 Urbe
1466 1867 1674 1914 Romana,
1703 1866 1798 1907 sine
1817 1878 1970 1919 provo-

1083 1928 1269 1980 catione,
1286 1934 1332 1969 et
1351 1934 1521 1969 tantum
1534 1930 1770 1970 semestris.

1137 1992 1191 2032 In
1220 2004 1320 2043 agro
1362 1992 1548 2044 Falerno]
1591 1991 1758 2034 Auctor
1779 1991 1834 2033 de
1852 1993 1970 2034 Viris

1082 2054 1329 2095 Illustribns
1365 2055 1410 2094 in
1438 2055 1530 2095 vita
1559 2055 1712 2096 Fabii:
1743 2056 1757 2079 ‘
1779 2055 1971 2096 Anniba-

1082 2117 1167 2157 lem
1185 2117 1228 2157 in
1247 2128 1353 2169 agro
1366 2117 1546 2158 Falerno
1556 2117 1761 2160 inclusit.’
1816 2119 1968 2159 Florus

1083 2181 1158 2222 lib.
1176 2191 1228 2221 rr.
1256 2181 1269 2203 ‘
1285 2180 1439 2233 Itaque
1460 2191 1541 2232 per
1570 2181 1789 2221 Samnium
1811 2186 1969 2232 totum,

1083 2255 1161 2297 per
1180 2243 1388 2284 Falernos
1408 2243 1721 2297 Guaranosque
1748 2245 1884 2286 saltus
1905 2246 1968 2286 sic

1082 2307 1318 2348 maceravit
1349 2305 1625 2358 Annibalem,
1650 2314 1702 2348 ut
1729 2308 1803 2361 qni
1825 2308 1970 2362 frangi

1081 2370 1243 2410 virtute
1261 2382 1346 2410 non
1366 2374 1555 2421 poterat,
1571 2372 1973 2412 manumme-

1082 2431 1231 2474 retur.’
1301 2432 1496 2485 contigit
1537 2432 1620 2473 hoc
1669 2446 1782 2476 anno
1834 2435 1967 2476 Urbis

1082 2506 1276 2537 nxxxvr.
1307 2496 1379 2549 qni
1408 2500 1588 2548 quartus
1616 2496 1670 2536 ab
1697 2503 1884 2538 occentu
1903 2510 1968 2539 so·

1083 2558 1198 2606 ricis,
1243 2558 1298 2598 de
1334 2569 1423 2610 quo
1460 2558 1553 2597 Val.
1597 2558 1721 2598 Max.
1758 2558 1819 2599 lib
1857 2570 1889 2600 1.
1930 2563 1968 2601 1.

1082 2620 1285 2661 Kenchen.

1137 2682 1250 2723 Hinc
1262 2682 1414 2722 ozanam
1426 2683 1592 2723 locorum
1602 2681 1817 2735 angustiis]
1845 2684 1967 2726 Quas

1081 2743 1224 2786 τόπους
1239 2742 1400 2786 στενοὺς
1417 2750 1548 2786 vocat
1567 2745 1786 2798 Polybius,
1814 2745 1856 2786 id
1882 2752 1966 2797 est,

1081 2814 1252 2861 angam
1292 2810 1389 2850 loca.
1426 2810 1439 2831 ‘
1460 2808 1657 2849 Inclusus
1692 2808 1792 2848 inde
1827 2807 1968 2849 videri

1083 2872 1335 2924 Hannibal,’
1361 2872 1495 2925 (Livii
1512 2870 1646 2912 verba
1663 2869 1798 2922 sunt‚)
1821 2871 1834 2894 ‘
1851 2872 1964 2912 etad

1083 2937 1318 2977 Casilinum
1352 2935 1581 2984 obsessns;
1615 2946 1711 2974 cnm
1741 2933 1892 2986 Capua
1920 2940 1967 2975 et

1081 2999 1316 3050 Samnium,
1344 3006 1391 3040 et
1411 3005 1576 3039 tantum
1596 3010 1622 3038 a
1642 3003 1766 3050 tergo
1784 2996 1966 3038 divitum

1081 3062 1291 3103 sociorum
1311 3061 1513 3103 Romanis
1530 3067 1793 3103 commeatus
1813 3062 1966 3101 snbve-

1081 3126 1234 3167 heret:
1256 3126 1417 3166 Poenus
1436 3131 1591 3166 contra
1606 3125 1720 3165 intra
1739 3124 1967 3164 Formiana

1081 3200 1183 3229 saxa
1225 3200 1278 3229 ac
1318 3188 1512 3228 Linterni
1542 3199 1693 3227 arenas
1727 3192 1965 3238 stagnaque

1083 3251 1335 3304 perhorrida
1357 3252 1441 3290 situ
1460 3248 1790 3290 hibernaturus-³
1847 3251 1967 3303 Lege

1084 3314 1329 3366 Appianum
1347 3314 1389 3352 in
1411 3312 1694 3353 Annibalicis.

1136 3377 1231 3416 Sine
1262 3377 1340 3415 allo
1365 3376 1599 3416 detrimento
1626 3375 1841 3428 exercitas]
1885 3375 1966 3424 τήν

1081 3456 1127 3483 τε
1146 3438 1302 3491 δύναμιν
1323 3439 1516 3490 διεκόμισε
1535 3438 1597 3481 διὰ
1613 3441 1692 3481 τῶν
1712 3442 1863 3483 στενῶν
1879 3442 1964 3489 μετ’
