2306 3900
317 249 427 303 542

317 394 414 424 xvi.
472 384 583 436 Lyco
618 384 797 438 quidam]
842 387 1028 429 Veteres
1072 388 1200 441 Lygo.

318 446 558 488 Plutarcho
575 445 722 500 Λύκων,
740 448 855 490 unde
864 450 972 503 Lyco
985 453 1055 492 vel
1071 451 1201 504 Lygo.

317 510 470 550 Malim
504 515 649 551 tamen
678 511 805 565 :Lyco
843 514 1116 568 tralatitium,
1153 522 1203 557 ut

318 572 432 625 apud
466 573 684 616 Plautum.
741 576 855 617 Nam
890 577 998 631 Lyco
1030 580 1101 620 vel
1127 577 1203 620 Λύ-

315 651 394 678 κων
416 636 648 690 παρωνύμως
677 653 704 681 a
720 639 859 683 Λύκος.
915 642 1002 684 Sed
1022 643 1066 684 in
1085 644 1202 686 vices

315 701 409 762 has·
464 712 466 716 ·
491 715 558 744 ras
576 704 803 747 mutabant
823 707 1003 762 antiqui.
1056 709 1130 750 Sic
1158 710 1203 750 in

321 765 356 804 C
513 771 592 819 tus,
631 768 941 822 Gallistratus;
988 772 1204 826 Gai-duces,

304 702 555 953 §Qu
601 831 657 873 de
693 833 845 887 quibus
874 835 920 876 in
956 836 1203 890 Excerptis.

294 926 296 930 ,
354 905 433 934 ’ωε

300 944 321 971 ξ’
370 957 481 999 CAP.
502 961 570 1000 10.
601 959 710 1000 Nam
732 960 849 1000 celeri
878 974 1032 1003 rumore
1061 963 1207 1018 dilato]

310 1020 389 1062 ‘Sic
406 1022 653 1074 legendum,
672 1037 756 1066 non
774 1027 917 1068 deluto.
953 1028 1153 1071 Lambin.

371 1085 638 1139 Immerentes,
655 1089 839 1142 inermes]
870 1089 1068 1134 Offendit
1085 1092 1206 1134 istud

316 1148 500 1202 inermes,
537 1163 669 1205 quare
694 1165 791 1194 cnm
822 1154 867 1194 in
905 1154 1044 1196 tribus
1080 1155 1204 1197 libris

317 1213 484 1254 calamo
515 1216 704 1256 exaratis
736 1221 972 1260 attestetur
998 1219 1205 1262 Schottus

312 1274 568 1332 desiderari,
595 1278 851 1333 ejiciendum
884 1294 1055 1325 censeo.
1101 1283 1206 1326 Geb-

309 1339 435 1381 Ἰωνᾶ.

372 1403 622 1446 Mirabiliter
655 1407 785 1460 vulgi]
821 1408 1031 1463 Calippus
1061 1414 1206 1452 tamen

311 1466 465 1509 ‘Dione
500 1468 737 1513 interfecto
769 1473 1059 1526 principatum
1084 1487 1207 1516 exce-

317 1531 400 1583 pit,
418 1537 463 1573 et
491 1535 674 1576 menseis
709 1537 921 1579 tredecim
959 1540 1207 1592 imperavit,

317 1597 369 1634 ut
413 1595 550 1637 tradit
583 1598 771 1640 Diodor.
813 1599 997 1643 SiculuS.
1038 1602 1209 1646 Plutar-

319 1656 424 1698 chus
444 1671 546 1700 vero
572 1668 734 1716 narrat,
760 1675 859 1718 eum
889 1664 1011 1706 initio
1030 1666 1206 1719 quidem

319 1721 483 1763 clarum
503 1728 549 1764 et
565 1723 772 1766 illustrem
791 1725 938 1780 fuisse,
959 1732 1006 1769 et
1022 1729 1208 1782 Syracu-

315 1796 386 1825 sas
407 1787 613 1839 tenuisse,
630 1789 705 1829 sed
740 1789 863 1831 brevi
897 1796 993 1843 post
1010 1796 1207 1846 tempore

309 1861 467 1901 <pomus
495 1850 682 1904 dedisse,
699 1857 744 1893 et
764 1866 790 1893 a
808 1854 997 1906 Leptine
1023 1856 1208 1909 quodam

319 1920 367 1955 et
402 1915 754 1968 Polyperchonte
790 1930 842 1959 eo
878 1919 972 1971 ipso
1007 1921 1210 1973 pugione,

319 1989 404 2030 quo
434 1979 524 2020 Dio
557 1991 693 2020 caesus
727 1985 839 2033 erat,
862 1993 1110 2034 percussum
1147 1985 1208 2025 in·

325 2040 511 2083 teriisse.
539 2041 721 2084 Lambin.

379 2105 443 2146 Ab
481 2106 721 2159 Acheronte]
787 2106 856 2147 Ab
899 2107 1065 2150 inferis.
1133 2109 1208 2152 Sic

312 2168 386 2208 M.
404 2168 575 2209 Tullius
603 2175 704 2221 post
735 2169 921 2211 reditum
948 2171 1202 2214 in‘Senatu:

321 2232 334 2254 ‘
353 2236 400 2272 et
419 2232 583 2273 omneis
607 2233 812 2273 Metellos
834 2235 1210 2284 praestantissimos

322 2295 439 2334 cives
457 2306 582 2347 paene
603 2307 658 2335 ex
687 2295 937 2338 Acheronte
966 2299 1211 2342 excitatos!

321 2356 445 2398 Idem.
491 2357 555 2398 Ab
573 2357 814 2410 Acheronte]
840 2360 994 2402 Monet
1013 2361 1211 2404 Gifaniua

321 2419 376 2460 ad
397 2419 660 2472 Lucretium,
678 2420 892 2462 invenisse
925 2435 971 2464 se
1001 2425 1210 2478 scriptum

320 2482 365 2522 in
383 2482 484 2523 Vet.
517 2481 631 2522 libro
663 2484 853 2536 Nepotis
879 2486 1105 2528 Acherunte
1134 2500 1211 2540 per

320 2543 518 2598 quintam
548 2547 756 2588 vocalem.
811 2548 897 2589 Sed
927 2552 1212 2593 communiter

320 2608 526 2661 legebant
541 2614 714 2650 veteres
724 2610 924 2653 Acheruns
939 2618 983 2654 et
995 2613 1210 2659 Acheruns.

321 2672 385 2712 Ut
421 2672 549 2712 humo
586 2677 634 2714 et
668 2673 812 2724 homo,
848 2674 968 2717 fretu
999 2683 1046 2719 et
1081 2677 1212 2732 freto,

322 2746 497 2774 sumnus
524 2737 571 2775 et
595 2746 792 2788 somnus;
834 2736 890 2778 de
918 2738 1074 2792 quibus
1110 2740 1210 2782 vide

321 2797 536 2839 Priscian.
557 2809 590 2838 1.
612 2802 659 2839 et
675 2799 802 2841 VosS.
839 2800 895 2841 de
926 2799 1036 2844 Arte
1055 2803 1210 2845 Gram-

322 2866 427 2901 mat.
445 2860 519 2901 lib.
554 2871 589 2901 1.
614 2864 678 2902 12.
722 2862 875 2904 Keuch.
931 2865 1092 2908 Verum
1126 2867 1211 2909 ista

323 2923 582 2975 poenitentia
617 2936 713 2964 sera
743 2926 995 2980 plerumque
1033 2941 1210 2982 magnos

323 2985 434 3025 viros
468 2986 699 3026 comitatur
735 2986 997 3039 incassum,
1018 3002 1209 3032 nonnun-

323 3060 450 3102 quam
486 3055 633 3090 autem
667 3050 840 3091 illorum
879 3054 1125 3104 posteritati
1163 3063 1210 3098 et

324 3112 570 3165 cognationi
589 3112 783 3166 expedit.
826 3113 948 3155 Infra
965 3116 1205 3160 Timotheo:

323 3179 335 3199 ⁴
358 3177 500 3229 Hujus
529 3182 628 3229 post
658 3182 841 3219 mortem
872 3189 970 3218 cum
1004 3181 1206 3233 populum

317 3239 474 3290 judicii
494 3240 559 3281 sui
592 3240 843 3293 poeniteret,
874 3243 1022 3283 multae
1055 3255 1209 3284 novem

326 3308 473 3355 partes
489 3304 696 3360 detraxit,
715 3311 761 3348 et
780 3306 930 3348 decem
950 3308 1112 3350 talenta
1129 3309 1208 3350 Co·

1264 1595 1493 1639 Gebhard.

703 268 883 307 NOTAE
928 267 1258 308 vAmoRUM
1301 270 1364 309 IN
1408 273 1462 311 C.
1505 274 1766 314 NEPOTIS

1264 399 1422 431 nonem
1441 390 1534 443 ejus
1555 392 1703 445 filium,
1727 393 1782 434 ad
1811 394 1919 435 muri
1939 396 2150 449 quandam

1260 458 1435 505 >partem
1457 455 1733 497 reficiendam
1745 456 1879 509 jussit
1896 457 2033 501 dare!
2067 461 2153 503 Po·

1266 516 1397 567 lyaen.
1418 518 1446 558 1.
1469 530 1512 560 v.
1531 519 1575 559 in
1593 520 1818 562 Gescone:
1847 520 2000 563 τούτων
2024 537 2152 576 πραχ-

1267 577 1408 620 θέντων
1438 580 1475 621 01
1514 582 1770 635 Καρχηδόνιοι
1804 582 1998 627 πολλάκις
2027 585 2154 636 ἧττό-

1266 656 1374 692 μενοι
1398 642 1462 684 καὶ
1481 644 1626 686 ἁλῶναι
1649 644 1931 689 κινδυνεύοντες
1959 647 2152 700 μετέγνω-

1267 717 1342 747 σαν
1359 705 1422 746 ἐπὶ
1457 709 1510 761 τῇ
1543 710 1616 749 τοῦ
1650 709 1844 752 Γέσκωνος
1867 713 1975 767 φυγῇ
2007 712 2072 754 καὶ
2101 716 2154 768 τῇ

1268 768 1459 822 ἀναιρέσει
1487 772 1560 811 τοῦ
1598 771 1800 823 Ἀμίλλου·
1837 775 1944 816 ἀλλὰ
1976 775 2048 816 τὸν
2082 776 2154 827 μὲν

1268 832 1459 883 Ἀμίλκαν
1486 834 1700 883 τεθνηκότα
1715 837 1804 888 οὐχ’
1827 836 1908 879 οἷόν
1923 853 1972 879 τε
1996 838 2047 889 ἣν
2063 839 2155 881 ἂνα-

1268 894 1519 938 καλέσασθαι.
1575 898 1662 939 Ubi
1675 899 1986 944 ἀνακαλέσασθαι
2003 909 2071 946 est
2089 915 2157 944 re-

1270 971 1425 1001 vocare
1445 961 1499 1001 ab
1515 959 1678 1003 inferis.
1723 963 1949 1006 Vulcatius
1962 965 2154 1008 ‘Gallica-

1270 1034 1350 1064 nus
1368 1023 1528 1065 Avidio
1549 1025 1695 1066 Cassio
1713 1037 1813 1078 cap.
1834 1031 1900 1070 12.
1945 1027 1959 1050 ‘
1977 1028 2153 1070 Utinam

1270 1098 1437 1139 possem
1463 1088 1625 1130 multos
1652 1089 1784 1130 etiam
1803 1090 1857 1131 ab
1875 1087 2157 1134 inferis-exci-

1270 1150 1395 1191 tare.'
1422 1152 1491 1192 Ex
1510 1152 1716 1194 Cicerone
1736 1165 1817 1206 pro
1832 1154 1898 1194 M.
1917 1155 2153 1198 Marcello:

1268 1214 1282 1237 ‘
1302 1215 1402 1256 Non
1437 1214 1605 1264 dubito,
1646 1217 1750 1270 quin
1784 1219 1960 1271 multos,
1991 1219 2027 1260 si
2060 1219 2155 1260 fieri

1269 1282 1436 1330 posset,
1455 1283 1502 1319 et
1519 1279 1666 1321 Caesar
1678 1280 1733 1321 ab
1749 1279 1900 1322 inferis
1912 1281 2155 1324 excitaret?

1259 1341 1332 1383 -At
1347 1343 1419 1395 qui
1427 1342 1707 1397 reducuntur,
1721 1343 1924 1386 dicuntur
1934 1345 2159 1398 ἂναδραικῗν

1271 1405 1312 1456 ἐξ
1330 1403 1435 1447 ἅδον.
1466 1406 1669 1448 Gebhard.

1325 1469 1465 1522 ltaque
1474 1470 1518 1510 in
1527 1469 1637 1522 urbe,
1649 1470 1893 1511 celeberrimo
1911 1470 2012 1524 loco]
2035 1473 2157 1513 Lam·

1270 1531 1395 1572 binus
1414 1533 1591 1583 mavult,
1605 1534 1649 1574 in
1665 1532 1776 1574 urbis
1798 1534 2046 1576 celeberrimo
2060 1537 2154 1576 loeo.

1565 1597 1668 1638 Fuit
1701 1602 1844 1638 autem
1880 1597 1948 1638 bic
1977 1598 2157 1638 eximius

1270 1659 1420 1701 honor.
1478 1661 1592 1701 Nam
1627 1672 1713 1701 non
1749 1661 1949 1703 solebant
1985 1667 2156 1702 veteres

1262 1733 1511 1776 ‘quenquam
1530 1723 1574 1763 in
1593 1724 1704 1764 urbe
1727 1725 1911 1778 sepelire
1939 1725 2022 1766 nisi
2040 1725 2155 1767 forte

1260 1785 1580 1838 Imperatores.
1625 1787 1749 1827 Serv.
1797 1787 2006 1838 sulpitius
2041 1788 2156 1840 apud

1273 1849 1338 1889 M.
1359 1849 1612 1891 Ciceronem
1630 1850 1844 1903 Epist.ad
1861 1851 1980 1892 Fam.
1999 1851 2071 1892 lib.
2093 1862 2157 1893 lv.

1274 1913 1287 1935 ‘
1306 1911 1378 1953 Ab
1393 1912 1746 1965 Atheniensibus,
1763 1915 1904 1955 locum
1920 1915 2156 1967 sepulturae

1272 1974 1387 2017 intra
1405 1977 1554 2017 urbem
1574 1982 1624 2018 ut
1642 1977 1810 2030 darent,
1819 1977 2052 2030 impetrare
2071 1987 2157 2020 non

1273 2039 1422 2091 potui;
1448 2040 1563 2092 quod
1583 2040 1792 2093 religione
1811 2053 1858 2081 se
1877 2038 2075 2094 impediri
2095 2042 2157 2082 di·

1273 2107 1451 2142 cerent:
1494 2113 1631 2156 neque
1658 2109 1801 2143 tamen
1829 2102 1874 2143 id
1905 2108 2034 2144 antea
2065 2105 2157 2145 cui-

1272 2176 1399 2218 quam
1419 2165 1753 2207 concesserant!
1778 2165 2006 2208 Lambinus.
2042 2166 2156 2207 vide

1273 2229 1469 2270 Kirchm.
1489 2229 1545 2270 de
1561 2231 1670 2271 Fun.
1690 2231 1869 2273 Roman.

1326 2293 1505 2346 Sep-cleri
1522 2299 1767 2336 monumento
1784 2297 1948 2337 donam
1964 2295 2043 2349 est]
2059 2296 2157 2338 Dis·

1274 2355 1437 2397 crimen
1457 2357 1732 2398 statuendum
1766 2364 1835 2399 est
1866 2359 1982 2400 inter
2009 2371 2159 2400 monu-

1273 2423 1420 2459 menta
1449 2425 1622 2472 sumptu
1654 2421 1835 2478 publico⁴
1856 2420 1992 2474 facta,
2015 2427 2063 2464 et
2091 2435 2157 2475 ea,

1273 2492 1368 2534 quae
1400 2481 1577 2522 decreto
1611 2487 1777 2523 tantum
1806 2484 2000 2536 publico.
2055 2486 2157 2526 Nou

1273 2545 1386 2585 enim
1405 2542 1487 2586 fuit
1506 2545 1579 2597 jus
1596 2545 1641 2586 in
1659 2547 1900 2599 Republica
1921 2547 2158 2589 Athenien-

1272 2608 1381 2648 sium
1400 2620 1556 2650 ornare
1579 2610 1809 2662 sepulchra
1840 2610 2160 2665 defunctorum,

1272 2678 1478 2725 quantum
1497 2677 1572 2714 aut
1589 2673 1772 2727 heredis,
1787 2674 2010 2727 aut-ipsius
2025 2674 2159 2730 etiam

1273 2734 1467 2777 defuncti
1486 2736 1662 2778 ambitio
1682 2738 1968 2789 postulasset:
2008 2748 2158 2780 verum

1273 2799 1330 2840 de
1361 2800 1534 2841 tumulis
1553 2801 1725 2853 majoris
1753 2800 1961 2854 impensae
1978 2813 2159 2854 cognos-

1273 2862 1468 2915 cebatur,
1500 2875 1641 2916 neque
1660 2864 1696 2904 is
1714 2863 1847 2904 honos
1875 2864 2004 2916 vulgo
2029 2862 2160 2905 omni-

1273 2926 1367 2977 bus,
1385 2927 1460 2968 sed
1483 2927 1608 2967 claris
1640 2931 1806 2967 tantum
1826 2927 1929 2967 vii-is
1947 2927 2158 2968 concede-

1272 2990 1414 3033 batur.
1471 2991 1677 3031 Diversus
1705 2989 1790 3031 fuit
1809 2990 1996 3043 publicoe
2017 2991 2159 3043 sepul-

1271 3059 1380 3094 turae
1408 3054 1559 3105 honos,
1591 3054 1664 3107 qni
1700 3053 1810 3094 bene
1847 3053 1901 3095 de
1938 3053 2161 3107 republica
2216 3052 2220 3054 ’

1270 3116 1434 3157 meritis
1478 3115 1771 3158 deferebatur.
1817 3116 1965 3170 Atque
2003 3117 2054 3157 iis
2092 3117 2157 3157 in-

1273 3180 1443 3220 terdum
1470 3181 1707 3221 Mausolaea
1726 3180 1780 3222 de
1808 3178 1982 3235 publico
1998 3181 2157 3223 excita-

1274 3242 1444 3285 bantur.
1505 3244 1724 3286 Casuubon.
