2306 3900
335 251 450 302 cxii

330 385 517 424 Petulans
562 387 678 425 homo
715 386 1004 438 (immodestus,
1047 387 1209 439 procax)

384 453 448 485 xx,
468 445 491 479 6

330 491 540 532 Peucestes
558 492 749 545 (corporis
768 492 1047 541 custosAlex.)
1063 493 1169 540 xviii,
1185 498 1209 534 7

332 546 506 584 Phalanx
534 546 601 593 xii,
618 550 640 587 1
669 547 785 586 Alex.
797 547 939 599 Magni
967 548 1074 593 xviii,
1090 551 1116 586 8
1134 547 1211 585 La-

385 612 527 638 conum
568 600 648 647 xvi,
680 605 706 640 4
753 601 1018 641 Macedonum
1047 601 1153 647 xviii,
1185 605 1210 641 7

384 653 498 704 (vide
526 654 762 706 descriptum
793 655 869 694 hoc
894 655 1057 693 militum
1072 667 1212 706 agmen

384 718 448 755 ap.
482 706 591 746 Curt.
618 707 675 754 iii,
707 712 749 754 2,
772 712 837 749 13.
876 715 917 747 et
947 721 1036 760 quae
1066 708 1211 746 ibidem

384 758 668 800 Freinshemius
704 762 867 800 notavit.
912 763 1016 801 adde
1059 760 1211 799 Freder.

387 812 562 852 Gronov.
591 815 658 853 lib.
677 818 718 855 3.
737 828 773 854 c.
791 819 830 855 6.
857 828 936 867 quo
953 815 1039 854 loco
1057 821 1068 837 ‘
1084 814 1211 852 morae'

384 880 521 907 vocem
555 867 735 909 Ciceroni
767 869 946 921 restituit,
977 875 1018 907 et
1040 868 1210 906 Turneb.

385 921 453 958 lib.
485 925 525 960 9.
556 934 592 960 c.
618 925 657 963 7.
703 922 877 974 perfecta
918 922 1086 974 phalanx
1116 928 1214 972 quot

385 974 553 1013 rnilitum
579 974 709 1021 fuerit,
736 989 775 1013 v.
802 976 1078 1015 Montefalcon
1107 975 1212 1014 Bibl.

386 1027 536 1067 Coislin
556 1042 646 1080 pag.
665 1028 769 1082 507)

332 1081 557 1122 Phalericus
594 1091 727 1133 portus
766 1082 810 1129 ii,
829 1087 856 1123 6
897 1082 1033 1136 (Unus
1051 1096 1074 1123 e
1093 1082 1213 1121 tribus

382 1135 696 1183 Atheniensium,
715 1142 756 1176 et
774 1137 1062 1188 antiquissimus
1076 1143 1117 1175 et
1129 1137 1213 1175 bre-

334 1226 337 1228 .
385 1189 542 1228 vissimo
574 1190 623 1228 ab
643 1191 735 1230 urbe
762 1191 888 1242 spatio
913 1197 1097 1229 remotus.
1133 1190 1213 1228 vid.

383 1242 490 1282 Ubb.
510 1243 636 1282 Emm.
663 1250 741 1284 vet.
770 1244 841 1283 Gr.
866 1250 960 1283 tom.
981 1248 1016 1284 1.
1033 1244 1100 1283 lib.
1113 1244 1161 1296 3)

333 1296 608 1336 Pharnabazus
634 1299 702 1344 vii,
724 1301 773 1338 10
819 1303 990 1349 satrapes
1007 1297 1135 1350 regius
1161 1297 1214 1343 vi,

385 1354 412 1390 4
456 1357 627 1403 satrapes
670 1352 794 1391 Ioniae
827 1358 868 1390 et
914 1350 1055 1404 Lydiae
1094 1352 1151 1397 ix,
1189 1355 1214 1390 2

387 1404 661 1444 Pharnabazus
686 1406 766 1444 dux
783 1405 876 1444 belli
893 1405 1062 1458 AEgypt.
1095 1404 1215 1444 desti-

386 1463 500 1496 natus
528 1458 606 1505 xiv,
625 1462 650 1498 3

332 1511 494 1551 Phidias
522 1525 610 1558 xxv,
630 1515 655 1553 3
684 1510 778 1564 (nisi
809 1525 855 1551 ex
874 1511 1080 1550 Ernstiano
1112 1511 1213 1552 Cod.

385 1565 486 1606 Mss.
505 1565 645 1605 Philiae
665 1564 845 1618 legend.)

332 1619 484 1665 Pherae,
504 1619 659 1658 colonia
677 1619 1060 1659 Lacedaemoniorum
1087 1619 1140 1665 ix,
1162 1623 1182 1658 1

331 1672 535 1711 Philenius
566 1672 783 1711 Historicus
814 1672 976 1712 Graecus
1002 1673 1128 1719 -xxiii,
1161 1676 1212 1712 13

387 1726 480 1778 (sed
496 1726 573 1778 leg.
590 1726 765 1779 Silenus)

335 1779 595 1832 Philippides,
615 1793 745 1820 cursor
762 1779 847 1832 ejus
875 1780 1039 1833 generis,
1059 1779 1126 1831 qui
1145 1780 1213 1819 he-

386 1834 639 1873 merodromoe
670 1840 858 1873 vocantur
901 1835 968 1881 i,4
1015 1831 1103 1886 (alii
1118 1833 1211 1872 Phi-

385 1886 531 1940 dippus
549 1887 612 1926 vel
629 1887 890 1940 Phidippides
907 1887 1078 1940 malunt)

334 1941 589 1994 Philippense
613 1943 802 1994 praelium,
833 1956 912 1994 quo
940 1941 1143 1994 Augustus
1158 1955 1212 1981 sc.

386 1995 552 2034 Brutum
589 2001 630 2035 et
661 1996 839 2036 Cassium
877 1995 1025 2035 devicit
1050 2009 1140 2043 xxv,
1162 2001 1209 2036 ll

388 2050 468 2102 (sic
504 2047 659 2096 dicitur,
707 2052 814 2103 quod
851 2063 974 2102 prope
1009 2049 1215 2103 Philippos

385 2102 597 2143 Thessaliae
616 2105 748 2143 urbem
767 2105 1014 2145 commissum
1037 2103 1108 2156 sit)

335 2158 543 2210 Philippus
589 2156 726 2209 (Alex.
778 2157 907 2210 pater)
953 2157 1006 2201 xi,
1033 2161 1057 2197 3
1111 2156 1215 2196 idem

386 2211 574 2264 Amyntae
602 2211 704 2250 filius
723 2218 882 2251 vocatur
909 2211 1014 2258 xviii,
1036 2215 1074 2251 1.
1095 2211 1174 2257 xxi,
1189 2215 1216 2251 2

366 2266 492 2305 ‘idem
518 2265 725 2316 Philippus
762 2279 827 2304 rex
874 2266 953 2311 xix,
974 2269 998 2304 3
1041 2265 1215 2304 Macedo

388 2320 511 2358 multa
546 2319 776 2358 moliebatur
815 2319 892 2372 (sc.
941 2318 1216 2358 dominationis

340 2402 342 2405 v
387 2371 550 2411 consilio
569 2371 667 2422 διο.)
695 2372 777 2417 xiii,
802 2375 827 2411 3
857 2383 880 2409 a
899 2372 1095 2410 Pausania
1112 2371 1215 2410 occi-

387 2426 493 2464 ditur
518 2425 597 2471 xxi,
615 2428 641 2464 2

334 2479 536 2527 Philistus,
555 2478 773 2526 historicus,
785 2479 996 2533 Syracusas
1020 2478 1217 2519 reducitur

340 2556 342 2559 .
388 2547 427 2580 x,
447 2537 472 2574 3
520 2532 719 2586 tyrannidi
752 2535 912 2580 amicus,
944 2534 1042 2573 ibid.
1077 2533 1215 2586 (Plato

389 2586 516 2638 Epist.
543 2590 567 2627 3
597 2590 608 2609 ‘
623 2586 872 2626 Philistiden’
890 2586 1028 2639 vocat)

337 2641 549 2688 Philocles,
566 2647 707 2693 praetor
720 2640 1023 2680 Atheniensium
1050 2641 1118 2687 vii,
1137 2644 1163 2680 8

337 2695 603 2747 Philosophiae
636 2700 854 2746 praeceptor
888 2709 953 2742 xv,
976 2698 1002 2734 2
1046 2695 1218 2734 studium

388 2763 479 2796 xxV,
497 2753 548 2790 12
595 2749 845 2801 philosophia
858 2762 938 2788 non
967 2749 1019 2787 ad
1045 2755 1218 2788 ostenta-

388 2803 550 2850 tionem,
579 2804 649 2842 sed
675 2803 724 2841 ad
745 2803 862 2842 vitam
895 2803 1086 2855 agendam
1107 2808 1218 2842 uten-

389 2858 484 2896 dum
526 2870 615 2903 xxv,
633 2860 681 2897 1⁶1
731 2857 910 2910 (Multus
940 2857 981 2895 in
1013 2857 1089 2895 hoc
1106 2869 1219 2908 argu-

390 2916 523 2950 mento
558 2911 736 2950 Seneca:
783 2910 863 2949 vid.
898 2910 975 2962 Ep.
1001 2924 1065 2956 xx,
1099 2913 1165 2956 10,
1192 2913 1219 2950 8

389 2963 488 3016 ὅτε.)
514 2964 748 3017 Philosophi
780 2964 1010 3016 plerumque
1042 2963 1143 3002 male
1163 2963 1220 3001 vi-

390 3024 502 3064 vunt,
522 3017 584 3056 Fr.
602 3022 626 3058 5

338 3071 609 3118 Philostratus,
623 3070 766 3110 Dionis
784 3071 900 3110 frater
917 3084 956 3118 x,
975 3074 1003 3111 9
1031 3069 1118 3123 (Sic
1136 3070 1219 3109 edi·

390 3126 517 3165 dimus
544 3139 592 3164 ex
622 3126 779 3177 optimis
806 3126 906 3164 Mss.
941 3125 1060 3177 vulgo
1089 3131 1218 3163 autem

389 3188 472 3218 erat
486 3179 726 3219 Philocrates
746 3180 806 3218 vel
826 3176 1094 3230 Philocratus)

338 3232 531 3279 Phocion,
558 3233 824 3280 Atheniensis,
865 3233 1001 3271 Bonus
1038 3245 1218 3285 cognom.

391 3286 468 3331 xix,
490 3291 511 3326 l
560 3292 786 3338 paupertate
818 3285 1088 3333 memorabilis,
1122 3286 1218 3324 ibid.

390 3338 476 3389 ejus
506 3340 654 3379 dictum
680 3353 796 3392 super
821 3353 882 3386 ea,
906 3339 1003 3378 ibid.
1029 3339 1219 3389 Demadis

391 3392 563 3431 consiliis
588 3393 727 3431 mixtus
763 3394 1070 3433 Demosthenem
1108 3393 1220 3444 pellit

390 3444 469 3491 xix,
489 3448 514 3484 2
529 3445 717 3484 Piraeeum
732 3447 936 3486 securitate
950 3460 1021 3486 sua
1032 3448 1218 3496 prodidit,

391 3498 486 3539 ibid.
531 3499 670 3551 capitis
688 3500 892 3538 damnatus
913 3514 933 3539 a
961 3501 1108 3552 populo
1141 3501 1218 3547 xix,

1143 265 1344 303 rNDEx

1326 390 1352 426 3
1405 399 1559 426 causam
1598 386 1694 426 dicit
1730 400 1795 439 ap.
1825 386 2014 440 Philipp„
2035 387 2152 428 aibid.

1325 439 1502 480 Athenas
1545 442 1727 479 reductus
1761 442 1966 480 damnatur
2008 439 2089 488 xix,
2123 448 2151 482 4

1326 493 1413 545 ejus
1446 495 1609 541 dictum,
1645 494 1740 534 ibid.
1783 507 1808 533 a
1831 495 1948 534 servis
1977 495 2152 546 sepultus

1326 553 1399 594 est,
1417 547 1514 587 ibid.
2023 566 2026 570 ·

1273 600 1482 641 Phoebidas
1500 601 1822 642 Lacedaemonius
1849 601 1929 649 xvi,
1948 605 1970 641 1

1273 655 1502 695 Phoenicum
1534 657 1788 695 ducentarum
1827 654 1986 694 navium
2021 653 2152 694 classis

1326 709 1480 748 devicta
1508 723 1547 756 v,
1565 713 1593 750 2

1274 763 1451 814 Phryges
1478 763 1557 809 xiv,
1577 767 1603 802 8

1273 816 1447 867 Phrygia
1474 816 1541 862 vii,
1561 819 1600 856 9.
1619 815 1697 862 xiv,
1715 819 1742 855 2
1879 863 1882 867 Ι
1991 833 1994 835 ·
2015 854 2017 856 ,

1273 868 1404 920 Phyle
1422 869 1624 908 castellum
1640 869 1782 908 Atticae
1814 869 1895 915 viii,
1912 873 1939 910 2

1274 922 1407 961 Pietas
1421 922 1495 976 (de
1508 923 1654 962 affectu
1670 923 1714 961 in
1723 921 2052 975 necessitudines)
2066 936 2154 969 xxv,

1329 978 1380 1015 1⁷
1419 977 1476 1015 ita
1501 983 1613 1016 notat
1629 976 1814 1016 affectum
1840 977 1952 1016 matri
1979 976 2152 1016 debitum

1328 1029 1409 1076 xxi,
1444 1034 1463 1070 1
1507 1031 1737 1082 obsequium
1769 1037 1811 1070 et
1839 1030 2087 1069 reverentiam
2115 1030 2153 1068 in

1328 1084 1564 1123 avunculum
1605 1098 1694 1131 ην,
1723 1090 1748 1124 5
1795 1083 1920 1135 pietas
1949 1083 2050 1123 laesa*
2077 1084 2154 1137 (sc.

1328 1150 1417 1188 quae
1446 1139 1611 1177 debetur
1637 1138 1766 1190 fratri)
1794 1151 1857 1184 xx,
1875 1143 1891 1178 1
1912 1168 1914 1170 ψ
1942 1137 2069 1190 (unde
2088 1138 2158 1188 qui

1327 1190 1502 1238 violavit,
1514 1205 1604 1230 mox
1616 1196 1628 1215 ‘
1643 1191 1798 1243 impius'
1807 1191 1962 1230 dicitur.
2005 1190 2155 1230 Eadem
2195 1191 2198 1195 ”

1328 1257 1426 1284 voce
1462 1246 1692 1298 obsequium
1730 1245 1770 1283 in
1806 1245 1967 1297 patriam
2001 1250 2158 1284 notatur

1337 1299 1430 1345 xvii,
1447 1302 1474 1339 4
1966 1332 1969 1335 .

1276 1352 1364 1391 Pila
1391 1298 1547 1404 lapidea
1577 1351 1639 1404 (in
1672 1366 1751 1405 qua
1768 1352 1892 1391 incisa
1909 1351 2067 1392 devotio
2087 1350 2156 1389 Al-

1328 1405 1512 1458 cibiadis)
1539 1407 1607 1453 vii,
1623 1411 1648 1446 4
1675 1406 1756 1460 (Ex
1770 1419 1876 1445 more
1887 1406 1971 1445 scil.
1986 1405 2157 1444 infamias

1287 1500 1290 1503 ,
1329 1460 1617 1499 consciscendae
1628 1466 1812 1511 usurpato
1827 1474 1836 1497 :
1854 1458 2156 1507 unde'armdrns

1327 1519 1368 1551 et
1399 1515 1711 1561 στηλιτευθῆναι.
1738 1513 1876 1552 Lamb.
1917 1513 2054 1551 Plures
2097 1519 2154 1550 tn.

1327 1565 1442 1618 pilas,
1472 1580 1553 1606 non
1573 1580 1688 1606 unam
1714 1566 1847 1613 fuisse,
1871 1565 2016 1605 Noster
2043 1566 2110 1612 vii,
2129 1570 2156 1605 6

1327 1619 1508 1672 testatur)
2010 1653 2012 1656 .

1275 1671 1415 1714 Piraeei
1442 1678 1577 1725 portus
1605 1673 1744 1725 triplex
1773 1673 2043 1713 Themistoclis
2061 1684 2157 1711 con-

1330 1725 1418 1766 silio
1466 1727 1714 1767 constituitur
1754 1740 1786 1766 s.
1825 1727 2021 1768 emunitnr
2057 1725 2102 1773 ii,
2129 1730 2157 1765 6

1329 1780 1480 1821 Piraeeo
1503 1781 1650 1833 potitur
1673 1779 1848 1820 Nicanor
1878 1781 1956 1828 xix,
1971 1785 1998 1822 2
2035 1780 2075 1819 in
2091 1780 2159 1819 Pi-

1327 1847 1468 1874 raeeum
1494 1836 1673 1874 universa
1685 1835 1822 1874 civitas
1843 1833 1986 1874 Athen.
2003 1834 2159 1873 obviam

1329 1887 1535 1929 descendit
1571 1888 1768 1928 Alcibiadi
1803 1887 1968 1939 ejusque
1996 1887 2157 1940 collegis

1329 1941 1397 1988 vii,
1434 1947 1462 1983 6
1506 1943 1547 1982 in
1578 1942 1770 1982 Piraeeum
1800 1943 1935 1981 transit
1963 1941 2155 1994 Thrasyb.

1332 1995 1416 2043 viii,
1432 2000 1459 2037 2

1279 2049 1471 2091 Pisander
1495 2051 1564 2098 vii,
1584 2055 1623 2090 5.
1641 2050 1696 2097 ix,
1713 2054 1740 2090 4

1280 2103 1424 2144 Pisidae
1460 2105 1622 2157 (populi
1645 2104 1761 2156 juxta
1793 2109 1963 2144 montem
1988 2102 2157 2143 Taurum

1333 2158 1574 2212 habitantes)
1601 2158 1684 2206 xiv,
1704 2162 1730 2198 8

1279 2210 1471 2252 Pisistrati
1489 2212 1664 2265 tyrannis
1692 2212 1721 2259 i,
1740 2216 1767 2252 8

1279 2265 1470 2313 Pittacus,
1490 2279 1514 2306 e
1533 2273 1632 2319 sept.
1652 2279 1736 2318 sap.
1765 2265 1846 2312 viii,
1864 2268 1891 2304 4
1927 2285 1933 2299 .·
2013 2308 2017 2311 ,

1280 2319 1442 2358 Placare
1459 2320 1628 2371 aliquem
1646 2317 1935 2373 (reconciliare)
1959 2318 2015 2363 iv,
2030 2322 2055 2358 6
2076 2318 2159 2369 pla-

1332 2372 1412 2410 cari
1445 2374 1575 2411 animo
1610 2373 1651 2411 in
1687 2385 1803 2423 quem
1847 2372 1926 2418 xvi,
1944 2376 1969 2411 5
2014 2371 2160 2423 placati

1332 2426 1452 2464 animi
1482 2426 1624 2465 civium
1659 2425 1801 2478 (alibiz
1830 2424 2032 2477 benevoli)
2059 2424 2114 2471 xi,
2133 2428 2159 2463 3

1331 2479 1510 2529 (itaTac.
1531 2479 1587 2519 H.
1606 2479 1635 2526 i,
1655 2483 1724 2526 31,
1742 2478 1793 2530 ⁶¹1)

1280 2532 1420 2572 Placet
1446 2531 1623 2573 dimicari
1649 2532 1690 2571 in
1720 2540 1821 2571 terra
1849 2531 1924 2586 (de
1940 2531 2102 2571 consilio
2121 2537 2162 2570 et

1335 2586 1548 2639 sententia)
1576 2587 1618 2633 ii,
1638 2590 1664 2626 3

1280 2639 1403 2692 Plaga
1433 2641 1524 2694 (pro
1560 2638 1803 2693 calamitate)
1836 2637 1944 2686 xviii,
1961 2643 1987 2679 5
2033 2638 2160 2691 Plagae

1334 2694 1540 2748 (vulnera)
1570 2693 1676 2741 xviii,
1694 2696 1720 2733 4
1927 2689 1935 2697 ⁸

1281 2747 1465 2787 Plataeeae
1495 2750 1586 2787 urbs
1605 2747 1785 2794 Boeotiae,
1804 2747 1908 2799 apud
1925 2759 2041 2798 quam
2065 2758 2154 2785 cum

1336 2802 1515 2841 universo
1533 2801 1702 2841 exercitu
1715 2814 1785 2840 suo
1795 2800 2028 2840 Mardonius
2034 2799 2162 2839 -Persa

1335 2868 1458 2895 caesus
1489 2863 1550 2896 est
1574 2855 1628 2902 iv,
1648 2860 1669 2895 1
1712 2855 1776 2908 (in
1803 2854 2035 2906 quibusdam
2059 2853 2162 2891 Mss.

1335 2916 1396 2948 est
1422 2910 1601 2950 Plataeae.
1622 2909 1750 2948 Graec.
1779 2907 1960 2948 Πλαταιὰ
1986 2912 2028 2946 et
2050 2911 2160 2947 Πλα-

1334 2962 1440 3003 ταιαὶ
1472 2971 1635 3016 utroque
1674 2975 1848 3002 numero.
1884 2975 1927 3000 v.
1952 2959 2088 3013 Steph.
2107 2960 2158 2998 de

1341 3017 1436 3056 Urb.
1848 3047 1852 3051 .

1282 3017 1519 3111 Plataeerises
1561 3070 1589 3117 i,
1635 3074 1659 3110 5
1725 3069 1942 3110 Plataeense
1986 3067 2161 3120 praelium

1336 3124 1461 3178 (apud
1482 3124 1587 3164 Plat.
1605 3122 1818 3175 commiss.)
1845 3123 1902 3168 iii,
1921 3126 1947 3162 2
2059 3127 2067 3135 “

1281 3177 1395 3217 Plato
1423 3178 1633 3218 Tarentum
1659 3176 1768 3216 venit
1794 3191 1832 3223 x,
1851 3180 1877 3216 2
1923 3187 1946 3214 a
1964 3174 2159 3227 Dionysio

1334 3238 1443 3284 patre
1460 3232 1670 3285 Syracusas
1689 3231 1926 3282 perducitur,
1946 3228 2043 3267 ibid.
2079 3239 2159 3265 rur-

1335 3299 1418 3324 sum
1451 3299 1475 3325 a
1506 3285 1587 3324 filio
1620 3285 1764 3336 precib.
1806 3283 1948 3322 Dionis
1975 3287 2019 3320 ut
2044 3286 2162 3318 antea

1334 3339 1501 3379 Athenis
1519 3339 1723 3379 arcessitur
1750 3351 1789 3384 x,
1808 3341 1833 3377 3
1862 3333 2068 3388 persuadet
2097 3339 2162 3385 ty-

1333 3393 1505 3432 rannidis
1536 3393 1654 3431 finem
1685 3391 1827 3436 facere,
1855 3389 1950 3428 ibid.
1998 3399 2022 3424 a
2053 3393 2159 3439 patre

1335 3447 1530 3499 Dionysio
1554 3444 1778 3486 venumdati
1791 3442 1923 3494 jussus
1952 3454 1989 3487 x,
2010 3445 2036 3480 2

1282 3501 1530 3540 Plebiscitum
1564 3498 1692 3552 (quod
1723 3496 1833 3548 plebs
1863 3495 2006 3542 sciscit,
2031 3493 2161 3547 jubet,
