2306 3900
282 243 389 298 512

662 261 840 301 NOTAE
881 260 1216 301 VARmRUM
1257 261 1323 301 IN
1363 263 1417 302 G.
1458 261 1719 301 NEPOTIS

594 634 777 695 vm.
859 594 1762 714 THRASYBULUS.

334 797 445 839 CAP.
457 800 494 836 1.
507 797 786 850 Thrasybulus]
797 797 1010 838 Diodorus
1021 797 1049 837 1.
1062 808 1158 837 xlv.

281 860 329 900 Ὅ
343 858 497 914 Τυριεὺς
515 858 808 912 ὀνομαζόμενος.
837 860 1061 900 Lambinus.
1091 859 1159 898 De

279 923 359 964 hoc
377 922 579 975 Xenoph.
599 923 675 964 lib.
695 935 728 964 1.
748 927 790 964 2.
818 923 948 963 Diod.
968 933 1074 962 xm.
1096 924 1160 962 14.

279 979 326 1027 et
345 989 410 1027 18.
430 986 575 1026 Valer.
594 998 656 1026 ιν.
691 990 731 1026 1.
763 985 836 1025 lib.
859 996 899 1025 V.
930 987 969 1024 6.
1002 984 1160 1026 Justin.

240 1058 248 1062 “
276 1048 355 1089 lib.
375 1059 420 1088 v.
453 1049 642 1088 Pausan.
672 1048 848 1088 Atticis.
879 1046 1004 1087 Oros.
1025 1058 1076 1087 11.
1097 1050 1162 1086 17.

278 1110 444 1151 Plutar.
464 1110 508 1150 in
525 1111 704 1152 Politic.
723 1110 798 1151 lib.
816 1122 867 1151 11.
887 1116 930 1150 et
949 1111 992 1149 in
1013 1110 1161 1162 Lysia;

277 1172 475 1213 Frontin.
494 1173 630 1214 Strat.
651 1173 815 1213 Savaro.
837 1173 927 1213 Cic.
949 1172 1087 1224 Epist.
1108 1173 1161 1213 ad

277 1234 374 1290 Ati.
397 1246 499 1277 vm.
519 1237 560 1277 3.
583 1235 711 1276 Oros.
733 1247 784 1275 11.
806 1239 870 1275 17.

333 1299 402 1339 11ὶὶ
421 1299 505 1340 sine
523 1300 638 1340 dubio
657 1300 847 1340 neminem
868 1297 1055 1351 praefero]
1083 1297 1162 1337 Di-

279 1362 455 1403 stinctio
475 1362 739 1403 attendenda
758 1374 782 1401 a
802 1362 854 1402 P.
874 1361 1057 1400 Daniele
1073 1365 1119 1400 et
1138 1373 1164 1400 a

276 1424 455 1466 Schotto
474 1436 527 1464 ex
549 1424 708 1465 Gifanii
731 1437 781 1464 ac
800 1424 1024 1464 Mendozae
1041 1422 1160 1462 libris

279 1487 511 1528 adnotata:
542 1488 651 1527 Illud
677 1487 760 1527 sine
792 1486 932 1526 dubio.-
972 1486 1162 1526 neminem

276 1547 366 1590 huic
397 1550 567 1602 proefero
590 1549 707 1603 fide‚·
746 1550 827 1590 hac
855 1553 1028 1589 mente:
1070 1559 1162 1587 esse

274 1613 394 1666 'apud
421 1614 633 1666 sapientes
666 1618 791 1653 extra
821 1609 1099 1658 dubitationis
1119 1622 1162 1649 a-

276 1676 403 1727 leam,
420 1675 533 1728 quod
549 1675 684 1716 virtus
705 1674 880 1716 seorsim
897 1673 988 1714 sine
1004 1671 1163 1714 intuitu

277 1737 468 1779 fortunae
500 1738 558 1778 sit
590 1736 897 1790 ponderanda:
926 1734 1090 1776 idcirco
1115 1747 1162 1775 se

277 1799 499 1841 anteferre
535 1800 804 1853 Thrasybulo
849 1799 1008 1839 virtute
1047 1797 1162 1837 claro

277 1864 508 1904 neminem.
542 1863 670 1905 Gema.

333 1925 384 1965 In
415 1925 587 1977 patriam
617 1924 767 1976 amore]
805 1923 932 1965 Unde
954 1921 1163 1963 Φιλόπολις

278 1985 705 2040 01Φιλόπατρις111101·
726 1987 819 2039 ejus
846 1986 998 2038 elogia.
1038 1986 1162 2027 Idem.

277 2051 441 2092 Justin.
471 2052 483 2073 ⁸
502 2051 790 2104 Thrasybulus
812 2049 876 2089 vir
897 2055 1096 2090 strenuus
1117 2057 1163 2092 et

279 2113 393 2152 domi
422 2112 591 2164 nobilis,
623 2113 695 2165 qui
727 2111 967 2153 audendum
1000 2113 1162 2165 aliquid

246 2216 249 2219 ,
277 2187 357 2227 pro
394 2176 537 2227 patria
574 2180 619 2215 et
647 2188 724 2227 pro
767 2176 904 2215 salute
938 2177 1163 2228 communi,

274 2238 411 2279 *etiam
453 2251 549 2279 cum
594 2238 786 2291 periculo
832 2238 978 2280 ratus!
1030 2240 1162 2280 Tales

277 2299 453 2340 fuerunt
474 2300 556 2340 duo
577 2300 718 2352 Bruti,
748 2300 802 2340 de
823 2301 972 2353 quibus
992 2301 1159 2342 Histor.

278 2363 489 2414 Romana,
526 2369 572 2403 et
608 2363 884 2415 Sempronius
918 2364 991 2404 ille
1021 2364 1162 2406 dictus

280 2424 413 2477 σοφός.
444 2426 641 2467 Kenchen.

332 2487 379 2528 A.
407 2487 598 2540 triginta]
627 2486 666 2528 A
693 2487 845 2542 quibus
875 2488 968 2541 ipse
1000 2489 1044 2529 iu
1074 2490 1161 2530 exi-

278 2551 381 2592 lium
428 2551 572 2603 pulsus
616 2549 773 2592 fuerat.
832 2551 1014 2593 Diodor.
1063 2563 1159 2592 mv.

279 2614 506 2655 Lambinus.

334 2676 656 2728 Proecarrerunt]
687 2679 824 2719 Recte
854 2677 1063 2719 editiones
1093 2691 1162 2719 ve-

282 2745 413 2792 teres,
457 2745 812 2794 proecucurrerunt.
894 2742 974 2781 Est
1018 2747 1160 2782 autem

281 2804 506 2844 translatio
533 2815 559 2843 a
584 2803 852 2844 certantibus
869 2816 996 2844 cursu
1015 2805 1058 2844 in
1079 2810 1163 2845 sta-

281 2865 368 2906 dio.
400 2865 557 2907 Horat.
585 2867 598 2888 ‘
619 2868 751 2919 Equis
786 2873 1073 2919 praecurreret
1105 2869 1164 2908 al-

279 2926 376 2967 bis.'
404 2928 495 2968 Cic.
518 2929 571 2968 de
591 2928 718 2970 Orat.
748 2929 950 2969 ‘Horum
981 2935 1163 2983 uterque

279 2989 519 3033 Isocratem
549 2998 680 3033 aetate
708 2995 964 3044 praecurrit!
1008 2995 1066 3034 Et
1086 2994 1164 3034 At-

281 3053 399 3096 tico:
429 3054 442 3076 ‘
460 3055 591 3095 Vobis
611 3067 712 3096 vero
738 3056 854 3095 illum
885 3061 1007 3096 tauto
1032 3057 1164 3095 mino-

283 3129 372 3157 rem
393 3130 662 3169 praecurrere
687 3118 759 3158 vix
778 3119 1030 3158 honestum!
1069 3119 1164 3157 Val.

282 3179 403 3220 Max.
425 3192 487 3219 vr.
509 3184 549 3221 9.
588 3181 600 3202 ‘
622 3181 819 3221 Crassum
853 3194 974 3220 casus
1005 3181 1165 3220 acerbi-

283 3245 377 3282 tate
398 3245 454 3285 Q.
476 3245 624 3296 Caepio
646 3243 902 3297 praecurrit.'
932 3244 999 3284 Sic
1021 3243 1166 3283 Graeci

284 3306 496 3357 παρῆλθον.
528 3309 754 3349 Demosth.
789 3307 875 3359 περὶ
901 3305 1096 3358 στεφάνου
1123 3306 1167 3346 111

283 3368 471 3422 princip.
494 3371 617 3411 Gebh.
648 3372 796 3411 Lamb.
817 3372 1021 3423 ἀρχαϊκῶς.
1059 3372 1167 3412 Cato

286 3429 440 3474 contra
453 3432 680 3475 Pisonem:
701 3435 713 3458 ‘
730 3435 867 3476 Video
887 3437 964 3477 hac
983 3442 1167 3489 tempes-

1224 799 1315 836 tate
1346 796 1612 837 concurrisse
1636 809 1781 838 onmes
1805 794 2103 838 adversarios?

1221 857 1332 898 Vide
1351 858 1405 898 ad
1424 859 1675 900 Frontinum
1694 864 1855 901 notata.
1883 860 2103 912 Excerpta

1222 921 1324 961 Vet.
1345 921 1450 961 Cod.
1470 922 1525 962 P.
1546 921 1742 962 Danielis
1769 921 1974 974 ἂρχαΐκῶς.
1997 934 2102 974 prce-

1222 987 1489 1023 cucurrerunt.
1518 984 1580 1023 Ut
1595 983 1708 1036 apud
1724 983 1959 1038 Comicum,
1972 984 1984 1005 ‘
1997 995 2103 1036 prae·

1224 1045 1395 1085 cucurri
1402 1044 1429 1096 ς’
1451 1046 1682 1097 Caesarem,
1699 1046 1710 1068 ‘
1727 1045 2004 1087 excucurrit.'
2029 1045 2103 1087 Sic

1225 1109 1237 1130 ‘
1260 1107 1549 1160 depoposcit,'
1579 1120 1656 1160 pro
1685 1108 1896 1160 deposcit,
1930 1098 2103 1149 memini

1223 1182 1291 1210 me
1338 1170 1493 1222 legisse
1539 1171 1655 1223 apud
1700 1176 1934 1211 auctorem.
1992 1169 2102 1210 Vide

1223 1234 1491 1275 Priscianum
1533 1235 1609 1276 lib.
1656 1246 1702 1275 x.
1746 1235 1946 1277 Keuchen.
1999 1228 2102 1275 vid.

1223 1297 1423 1339 Vossium
1443 1299 1499 1340 de
1518 1298 1644 1339 Anal.
1663 1311 1736 1340 111.
1757 1303 1823 1340 19.
2094 1335 2097 1338 ⁴

1279 1361 1554 1412 Peloponnesio
1564 1361 1680 1413 bello]
1691 1360 2007 1414 Peloponnensio,
2020 1360 2103 1402 Co-

1223 1423 1309 1464 dex
1327 1424 1380 1464 P.
1402 1424 1609 1465 Danielis.
1664 1424 1913 1480 Idiotismus
1935 1424 2102 1466 illorum

1223 1490 1481 1538 temporum.
1510 1487 1796 1538 Peloponnesus:
1809 1487 2027 1544 dicebaut,
2039 1486 2104 1528 ἂν·

1222 1547 1263 1588 τὶ
1280 1549 1351 1588 τοῦ
1369 1549 1696 1599 Πελοποννήσιον.
1751 1551 1878 1594 Quod
1907 1557 2005 1592 erat
2023 1563 2103 1604 pro

1224 1614 1538 1664 Peloponesense.
1621 1615 1693 1655 Ita
1736 1615 1980 1655 Prot-onem
2026 1625 2103 1667 pro

1223 1677 1520 1718 Proconesense.
1578 1679 1691 1718 Nam
1721 1683 1768 1718 et
1799 1691 1825 1719 a
1857 1690 1963 1719 voce
1987 1679 2103 1719 Pelo-

1220 1752 1409 1791 ponnesus
1455 1740 1615 1793 ἐθνικὸν,
1653 1742 1853 1782 Latinum
1890 1741 2102 1793 Pelopone-

1222 1814 1343 1855 sense,
1361 1816 1453 1856 quae
1472 1805 1688 1856 scriptura
1705 1816 1820 1857 saepe
1840 1804 1882 1844 in
1899 1804 2017 1846 libris
2035 1815 2106 1846 00-

1225 1866 1373 1907 currit.
1401 1865 1566 1907 Salmas.

1225 1967 1229 1973 ,
1278 1930 1415 1969 Multa
1441 1929 1504 1969 hie
1534 1930 1618 1971 sine
1636 1929 1842 1971 Alcibiade
1866 1929 2008 1982 gessit]
2035 1930 2104 1972 De

1225 1991 1377 2044 quibus
1409 1992 1649 2044 Xenophon
1681 1992 1843 2041 Ἕλλην.
1876 1993 1953 2033 lib.
1989 2004 2022 2034 1.
2058 1998 2105 2034 et

1225 2054 1355 2094 Diod.
1377 2066 1480 2096 xm.
1501 2057 1654 2097 Cicero
1685 2069 1763 2107 pro
1791 2057 1986 2096 Muraena
2005 2067 2105 2108 cap.

1224 2122 1264 2158 9.
1304 2117 1316 2139 ‘
1336 2118 1422 2157 Hic
1451 2118 1606 2158 multas
1638 2130 1706 2158 res
1736 2123 1782 2158 et
1811 2130 1983 2170 magnas
2010 2119 2104 2159 sine

1223 2179 1484 2231 imperatore
1500 2185 1710 2232 gesserat,
1727 2180 1887 2220 nullam
1905 2192 1994 2236 rem
2013 2180 2106 2221 sine

1223 2242 1304 2282 1100
1323 2242 1587 2295 imperator.’
1617 2243 1782 2283 Savaro.
1838 2243 1910 2282 De
1930 2242 2105 2283 Parme·

1224 2303 1350 2344 nione
1389 2305 1563 2346 Curtius
1602 2317 1683 2346 vn.
1717 2309 1757 2361 2.
1799 2305 1812 2327 ‘
1839 2304 1983 2344 Multa
2014 2304 2105 2344 sine

1224 2379 1328 2418 rege
1348 2379 1568 2419 prospere,
1583 2377 1656 2408 rex
1670 2368 1762 2408 sine
1777 2367 1852 2407 illo
1869 2366 1974 2406 1111111
1992 2378 2106 2420 mag-

1223 2443 1292 2472 nae
1312 2431 1375 2471 rei
1395 2432 1610 2484 gesserat!
1665 2432 1808 2473 Sidon.
1829 2430 1973 2484 Apoll.
1996 2431 2104 2472 Pau.

1225 2493 1279 2533 ad
1317 2493 1435 2535 Avit.
1475 2496 1487 2517 ‘
1521 2495 1597 2536 Nil
1627 2495 1720 2535 sine
1751 2500 1796 2535 te
1828 2494 1976 2547 gessit,
2007 2505 2104 2535 011111

1224 2556 1407 2607 plurima
1427 2563 1474 2597 tu
1497 2558 1586 2597 sine
1603 2557 1705 2598 illo.’
1970 2603 1978 2616 θ

1280 2621 1477 2660 Naturali
1495 2623 1658 2672 quodam
1682 2620 1797 2671 bono]
1826 2619 1986 2672 Εὐφυΐᾳ.
2014 2619 2106 2662 Cic.

1226 2695 1305 2734 pro
1325 2683 1480 2724 Coelio:
1501 2685 1513 2706 ‘
1531 2685 1638 2726 Quae
1659 2683 1702 2724 in
1723 2688 1852 2724 aetate
1867 2683 1949 2723 nisi
1968 2684 2041 2736 qui
2059 2695 2106 2724 se

1224 2747 1317 2798 ipse
1346 2760 1421 2786 sua
1454 2748 1682 2799 gravitate,
1701 2752 1747 2786 et
1767 2746 2034 2796 castimonia,
2059 2753 2106 2788 et

1225 2822 1320 2850 cum
1350 2809 1577 2862 disciplina
1596 2809 1847 2860 domestica,
1866 2814 1956 2849 tum
1975 2809 2105 2850 etiam

1226 2872 1412 2911 naturali
1447 2873 1630 2924 quodam
1671 2873 1781 2914 bono
1823 2870 2106 2913 defenderet.'

1225 2935 1361 2975 Lamb.

1285 2999 1502 3049 concursu]
1531 2997 1686 3038 Horat.
1719 2999 1808 3038 Sat.
1828 3010 1860 3038 1.
1885 3001 1922 3037 1.
1956 2998 1968 3019 ‘
1989 2997 2105 3040 Quid

1228 3059 1368 3100 enim?
1397 3060 1708 3109 Concurritur3
1735 3060 1851 3104 horae
1885 3059 2107 3101 Momento

1227 3127 1302 3161 aut
1348 3122 1434 3160 cita
1478 3134 1590 3162 mors
1637 3122 1773 3174 venit,
1814 3127 1889 3162 aut
1926 3122 2107 3163 victoria

1227 3183 1357 3223 laeta.'
1967 3228 1978 3240 ..

1280 3245 1349 3286 Aa
1384 3247 1485 3286 vires
1519 3248 1668 3300 vimque
1708 3247 1988 3301 pugnantium]
2034 3247 2107 3289 Ita

1228 3309 1390 3361 vulgati
1421 3322 1596 3360 omnes;
1640 3312 1723 3351 Ms.
1759 3323 1895 3362 meus,
1927 3313 1979 3351 ad
2004 3311 2109 3352 vim

1227 3376 1402 3411 nostrum
1420 3372 1596 3424 cujusque
1611 3373 1882 3424 pugnantiam.
1922 3373 2107 3414 Puteani

1230 3436 1314 3477 Ms.
1332 3437 1382 3475 ad
1402 3436 1502 3476 vires
1529 3435 1695 3487 undique
1714 3435 1989 3487 pugnantium.
2029 3436 2106 3476 Sa-
