2306 3900
917 287 1298 326 FRAGMENTA
1310 313 1323 327 .

199 406 314 446 iuter
331 406 490 447 insulas
508 404 736 458 AEtbiopiae
763 409 809 446 et
825 405 924 447 huic
940 407 1080 448 locum

181 461 306 510 dat:
350 472 363 493 ‘
385 471 526 511 Cerne
559 470 799 510 nominatur
830 469 970 510 insula
1007 470 1081 518 ad·

201 545 327 574 versa
347 533 590 585 AEtliiopiae,
618 533 741 584 cujus
761 545 898 586 neque
917 527 1081 585 magni·

198 596 320 646 tudo,
336 608 475 649 neque
500 596 771 636 intervallum
792 609 816 636 a
832 597 1080 637 continente

200 659 398 700 constat.’
454 660 524 700 Ita
554 659 646 699 haec
676 659 874 710 legenda,
911 672 997 699 non
1031 664 1081 700 ut

199 728 267 763 est
302 723 454 773 vulgo:
512 723 661 762 Contra
706 723 835 763 sinum
877 723 1082 763 Persicum

201 785 327 824 Cerne
342 784 469 823 insula
502 785 738 824 nominatur.
796 784 909 824 Nam
946 785 1080 825 verba

194 847 284 899 illa,
305 847 456 887 Contra
479 847 609 888 sinum
637 848 858 898 Persicum,
885 848 939 888 ad
968 861 1081 901 prae-

198 909 422 951 cedentem
463 911 691 950 clausulam
728 911 973 961 pertinent3
1031 916 1080 952 ut

193 974 287 1026 jam
307 973 402 1014 aliis
418 974 771 1015 animadversum.
818 974 1080 1016 Occidenta-

197 1037 251 1078 lis
271 1037 409 1078 Cerne
439 1037 668 1091 AEtbiopiae
687 1037 863 1078 adversa
881 1051 965 1080 non
982 1043 1078 1090 est;

199 1100 278 1142 sed
305 1100 547 1153 Hesperiae.
603 1100 831 1142 Terminus
866 1102 959 1155 eJus
993 1107 1079 1143 sta-

198 1163 337 1206 tuitur
367 1163 654 1215 navigationis
699 1164 965 1217 Phoenicum,
1007 1165 1079 1218 qni

195 1238 282 1267 non
296 1226 557 1279 navigabant
575 1226 619 1266 in
639 1238 732 1267 eam
752 1240 778 1267 a
795 1226 926 1268 rubro
944 1228 1049 1268 mari
1066 1242 1078 1270 :

197 1290 270 1343 qui
290 1291 402 1330 enim
436 1290 481 1330 id
514 1295 632 1343 pote,
651 1291 836 1331 nondum
856 1297 1080 1344 comperta

196 1353 427 1394 Meridiani
442 1354 568 1393 maris
585 1353 882 1404 navigatione?
909 1354 984 1394 sed
999 1366 1079 1406 per

197 1416 344 1458 Gades
372 1416 596 1456 Oceanum
625 1416 746 1456 illum
782 1416 1078 1467 ingredieban-

154 1528 156 1530 Υ
182 1485 283 1531 atur,
302 1479 377 1532 qui
396 1480 525 1520 etiam
542 1479 585 1519 in
606 1491 682 1519 ora
700 1480 778 1520 illa
801 1480 937 1520 multa
955 1480 1076 1533 oppi-

197 1544 261 1585 da.
271 1543 577 1585 condiderunt.
606 1545 778 1586 Salmas.

252 1610 335 1657 Qua·
376 1611 460 1650 dim·
495 1612 670 1662 Augusti
708 1611 934 1663 principatu
960 1610 1078 1663 obiit]

195 1671 311 1713 Vide
347 1673 403 1713 D.
431 1673 742 1725 Hieronymum
783 1673 827 1713 in
864 1674 1077 1714 Chronico

196 1734 454 1785 Eusebiano,
473 1735 546 1788 qui
564 1734 698 1775 refert
715 1735 834 1776 illum
848 1736 903 1776 ad
921 1747 1078 1776 annum

196 1796 384 1849 Augusti
402 1803 622 1850 quartum.

255 1861 438 1902 violacea
453 1861 646 1913 purpura]
681 1863 753 1902 De
771 1861 899 1902 variis
918 1873 1078 1914 pnrpu-

194 1939 255 1968 rae
274 1928 502 1980 generibus
523 1934 622 1980 post
642 1929 834 1981 Caelium,
862 1927 1078 1981 Bayfium,

192 1992 315 2044 alios,
340 1999 543 2033 accurate
562 1993 795 2033 Salmasius
820 1993 865 2032 in
887 1993 1003 2033 notis
1021 1992 1074 2032 ad

191 2056 501 2097 Tertullianum
539 2056 593 2096 de
629 2057 785 2108 Pallio,
821 2060 868 2096 et
914 2057 1076 2097 Octav.

193 2119 417 2167 Ferrarius
434 2120 488 2160 de
514 2121 578 2160 Re
611 2119 842 2169 Vestiaria,
856 2120 1076 2172 praecipue

192 2181 268 2224 lib.
286 2193 342 2224 11.
359 2186 399 2222 7.
421 2182 494 2235 qui
514 2182 648 2222 videri
669 2187 889 2233 poterunt.
917 2182 1076 2222 Rosius.

249 2242 516 2295 Improbatur]
555 2244 627 2284 Sic
657 2244 740 2284 ΜΒ.
779 2244 972 2295 Vulgati,
1002 2244 1076 2283 im·

188 2306 441 2359 probabatur.
474 2307 603 2349 Quod
620 2307 744 2347 video
759 2319 944 2347 summos
963 2307 1075 2347 viros

191 2382 276 2411 nou
318 2370 591 2422 improbasse.
646 2370 751 2410 Mox
797 2370 902 2411 edit.
946 2370 1076 2411 Dale-

192 2433 360 2486 champ.
377 2446 454 2485 qua
483 2445 656 2485 purpura
687 2433 774 2484 quis
799 2445 874 2472 non
893 2433 998 2484 jam,
1015 2436 1076 2474 in-

192 2500 295 2551 quit,
311 2500 536 2539 triclinaria
557 2496 699 2548 facit?
741 2511 822 2539 nec
842 2500 969 2539 aliter
986 2500 1075 2538 lau-

193 2561 302 2601 dant
320 2561 399 2601 viri
419 2561 552 2612 docti,
570 2561 641 2613 qui
663 2561 716 2600 de
749 2573 940 2612 purpura
959 2566 1074 2601 trac-

193 2629 357 2665 tarunt.
427 2623 681 2663 Triclinaria
732 2624 962 2663 Salmasius
1015 2624 1076 2664 ait

193 2697 286 2726 esse
305 2685 579 2735 accubitalia,
610 2685 761 2737 quibus
789 2685 988 2726 accubita
1007 2686 1075 2726 vel

192 2749 298 2790 lecti
317 2749 575 2790 tricliniares
600 2753 865 2790 sternuntur.
895 2749 999 2791 Not.
1019 2749 1074 2790 ad

192 2813 507 2853 Tertullianum
528 2825 569 2864 p.
590 2815 687 2851 175.
716 2812 842 2851 Idem.

195 2902 199 2907 ,
248 2875 349 2921 Quis
359 2887 450 2926 non,
461 2874 602 2926 iuquit,
615 2874 838 2914 triclinaria
845 2873 973 2926 facit]
989 2875 1077 2916 Ad-

193 2938 261 2979 dit
277 2937 332 2978 de
349 2950 428 2978 suo
449 2938 615 2978 Plinius
633 2950 643 2977 :
681 2937 693 2959 ‘
712 2937 914 2989 Spinther
940 2938 1076 2979 aedilis

191 2999 277 3041 fuit
295 3000 353 3041 U.
369 3001 419 3040 C.
439 3012 550 3040 anno
581 3000 977 3053 septingentesimo,
1004 3002 1075 3044 Ci-

193 3074 350 3103 ceroue
370 3062 470 3102 Cos.
490 3062 688 3114 Dibapha
707 3068 810 3103 tunc
831 3062 1073 3115 dicebatur,

193 3138 289 3179 quae
310 3125 374 3166 bis
390 3126 527 3165 tincta
547 3131 676 3178 esset,
696 3128 827 3168 veluti
847 3128 1073 3181 magnifico

192 3188 437 3241 impendio;
466 3188 652 3240 qualiter
664 3200 775 3229 nuuc
789 3201 933 3230 omnes
950 3202 1074 3242 paene

193 3251 503 3293 commodiores
555 3262 756 3302 purpurae
817 3252 1074 3304 tinguntur!

193 3314 303 3355 Haec
337 3321 556 3366 postrema
589 3313 731 3353 Plinio
767 3313 821 3354 ab
840 3315 982 3367 aliquo
1000 3316 1075 3356 ad-

188 3374 313 3426 jecta
331 3387 523 3416 asserere
547 3374 766 3424 auderem,
799 3375 880 3414 nisi
908 3376 953 3415 in
988 3377 1073 3418 Ms.

194 3437 399 3478 Toletano
435 3437 660 3490 antiquiss.
698 3438 966 3490 reperissem.
1022 3439 1075 3480 In

195 3499 428 3545 Consulatu
446 3513 549 3542 vero
569 3501 633 3541 M.
647 3501 774 3541 Tullii
793 3501 916 3542 nimis
931 3507 1076 3543 rotun-

1916 274 2027 325 ‘715

1141 407 1220 447 dus
1239 402 1436 447 numerus
1455 409 1537 458 est,
1551 405 1624 459 qui
1638 409 1704 445 est
1722 404 1766 445 in
1785 403 1926 445 Fastis
1939 404 2021 445 Ca-

1143 471 1332 522 pitolinis
1360 475 1483 510 extra
1520 468 1854 509 controversiam
1891 480 2023 508 annus

1141 539 1234 575 690.
1257 539 1354 586 post
1369 536 1424 575 U.
1442 535 1492 575 C.
1521 535 1698 585 Collega
1728 535 1776 575 C.
1802 532 2022 573 Antonio:

1142 598 1195 638 P.
1215 608 1317 637 vero
1337 597 1559 637 Cornelius
1582 598 1786 637 Lentulus
1803 596 2026 648 Spinther,

1143 660 1363 702 Ciceronis
1396 660 1602 713 imprimis
1650 659 1879 708 studiosus,
1922 660 2022 701 Cos.

1143 729 1242 776 post
1273 723 1372 776 fuit,
1404 735 1515 764 anno
1544 727 1639 765 696.
1658 736 1753 764 cum
1772 724 1824 765 Q.
1846 723 2024 764 Caecilio

1141 788 1324 828 Metello
1362 787 1554 840 Nepote.
1605 787 1802 828 Schottus.
1873 787 2023 827 Tricli-

1141 851 1263 891 naria
1289 855 1388 891 sunt
1419 850 1690 902 accubitalia,
1718 850 1871 903 quibus
1899 862 2023 892 aecu-

1142 913 1233 954 bita
1250 914 1320 953 vel
1336 913 1438 954 lecti
1465 913 1722 954 tricliniares
1755 918 2021 954 sternuntur.

1143 976 1240 1016 Nec
1269 976 1326 1016 de
1345 988 1534 1028 purpura
1552 981 1717 1017 tantum
1738 977 1826 1027 illa,
1847 977 1923 1018 sed
1944 977 2023 1021 eti-

1143 1052 1211 1080 am
1230 1051 1334 1080 auro
1361 1040 1540 1087 clavata,
1558 1045 1608 1080 ut
1627 1045 1673 1081 et
1696 1041 1915 1092 mantelia,
1932 1041 2022 1094 qui-

1139 1103 1220 1144 bus
1255 1115 1401 1144 mensa
1425 1103 1717 1157 sternebatur,
1755 1110 1801 1145 et
1832 1117 2018 1158 mappae.

1141 1164 1378 1207 Aureorum
1401 1171 1447 1206 et
1465 1171 1707 1208 auramrum
1724 1168 2023 1208 manteliorum

1141 1229 1302 1271 mentio
1342 1230 1486 1270 multis
1522 1230 1627 1272 locis
1663 1231 1779 1282 apud
1816 1231 2021 1272 Historiae

1142 1293 1350 1346 Augustae
1381 1293 1635 1346 Scriptores.
1688 1294 1893 1346 Stragula
1919 1306 2021 1346 quo·

1140 1369 1226 1409 que
1250 1356 1400 1404 vestis,
1428 1368 1514 1408 qua
1539 1355 1804 1396 cubiculares
1822 1356 1928 1395 lecti
1956 1356 2020 1396 in-

1139 1419 1459 1470 sternebantur,
1475 1431 1578 1459 auro
1597 1424 1643 1459 et
1660 1430 1853 1470 purpura
1872 1418 2020 1470 depin-

1140 1484 1184 1536 gi
1202 1482 1384 1526 solebat.
1410 1482 1620 1536 Apuleius
1635 1483 1710 1525 lib.
1729 1494 1776 1523 x.
1826 1485 1838 1507 ‘
1858 1483 1946 1524 Sed
1974 1488 2022 1523 et

1138 1547 1332 1599 stragula
1348 1552 1470 1587 veste
1491 1559 1594 1587 auro
1630 1551 1677 1587 et
1706 1547 1868 1587 murice
1886 1546 2021 1598 Tyrio

1139 1610 1317 1663 depicta
1335 1610 1468 1662 probe
1487 1608 1793 1650 consternunt.’
1830 1610 1872 1650 N
1876 1622 1925 1650 ec
1943 1609 2023 1649 mi·

1140 1686 1219 1714 nus
1236 1673 1481 1714 tricliniaris
1500 1679 1545 1714 et
1565 1673 1833 1714 accubitalis.
1880 1672 2022 1724 Baby-

1140 1737 1378 1779 lonicorum
1431 1734 1754 1790 περιστρωμάτων
1800 1735 2021 1788 praecipue

1140 1814 1239 1842 usus
1255 1802 1296 1841 in
1310 1802 1552 1842 sternendis
1567 1802 1792 1852 accubitis,
1808 1813 1900 1854 quae
1915 1812 2020 1841 auro

1141 1870 1188 1905 et
1206 1877 1395 1918 purpura
1422 1865 1538 1917 picta
1556 1863 1706 1915 fuisse,
1724 1876 1850 1904 nemo
1868 1862 2022 1903 nescit.

1140 1927 1250 1968 Inde
1286 1932 1298 1950 ‘
1318 1928 1628 1979 Babylonicum
1655 1938 1829 1967 aureum
1857 1926 2020 1978 pluma-

1141 1988 1246 2030 tum'
1288 1989 1447 2029 Publio
1480 1989 1588 2041 Syro
1617 1988 1789 2028 dicitur.
1850 1986 2021 2038 Glossa‚

1140 2051 1439 2104 Babylonicum,
1458 2051 1555 2103 ψιλὴ
1585 2049 1810 2100 πολύμιτος.
1856 2050 2020 2090 Salma-

1138 2115 1224 2155 sius
1243 2115 1296 2155 ad
1315 2116 1493 2155 Tertull.
1513 2115 1711 2154 Pallium.
1739 2114 1938 2153 Kenchen.

1190 2188 1256 2219 lx.
1282 2176 1418 2218 Νέπως
1442 2175 1485 2216 δὲ
1504 2175 1734 2228 Κορνήλιος]
1762 2176 1873 2230 Vide
1899 2175 2018 2215 Plut.

1138 2239 1181 2279 in
1210 2239 1373 2290 libello,
1408 2238 1454 2279 El
1477 2237 1726 2291 πρεσβυτέρῳ
1753 2235 2019 2278 πολιτευτέον.

1140 2303 1487 2344 crudelissimum
1537 2308 1683 2342 autem
1732 2301 2020 2342 Hannibalem

1142 2370 1266 2407 vocat
1286 2365 1431 2406 Livius
1451 2366 1524 2406 lib.
1543 2376 1695 2406 xxvu.
1727 2364 1920 2404 Valerius
1941 2363 2017 2405 lib.

1139 2443 1184 2471 v.
1219 2434 1257 2471 1.
1292 2431 1335 2470 iu
1368 2429 1469 2471 fine.
1537 2430 1666 2470 Silius
1696 2429 1798 2470 Ital.
1825 2428 1898 2470 lib.
1931 2439 2018 2470 x11.

1139 2492 1317 2533 Orosius
1331 2492 1406 2532 lib.
1425 2504 1489 2533 xv.
1521 2496 1587 2532 18.
1642 2490 1846 2531 Aurelius
1865 2491 2020 2531 Victor

1138 2556 1193 2596 de
1203 2556 1316 2595 Viris
1330 2555 1602 2596 Illustribus:
1622 2556 1634 2577 ‘
1648 2555 1883 2594 Marcellus
1899 2556 2020 2607 quin-
2063 2545 2069 2550 ”

1137 2619 1258 2671 quies
1277 2619 1451 2669 Consul,
1478 2618 1640 2658 insidiis
1668 2618 1923 2658 Hannibalis
1944 2618 2018 2658 de-

1138 2686 1305 2733 eeptus,
1322 2671 1368 2721 et
1392 2680 1620 2733 magnifice
1647 2682 1853 2732 sepultus.
1909 2680 2021 2722 Ossa

1138 2744 1316 2784 Romam
1338 2743 1530 2794 remissa,
1551 2756 1577 2782 a
1596 2743 1871 2795 praedonibus
1890 2744 2021 2784 inter·

1137 2813 1266 2859 cepta
1298 2806 1546 2859 perierunt!
1602 2806 1708 2848 Quis
1741 2806 1823 2847 scit
1851 2819 1905 2847 an
1923 2807 2019 2848 haec

1138 2870 1192 2909 ad
1229 2870 1384 2909 librum
1422 2870 1729 2921 Exemplorum
1764 2881 1808 2911 v.
1855 2871 1930 2911 ubi
1973 2877 2020 2911 et

1137 2933 1393 3036 ,Ιςίἶῖηἰδαίἰε
1429 2934 1592 2974 mentio
1625 2932 1693 2985 fit,
1742 2933 2021 2986 pertineant?

1171 3009 1191 3035 c
1241 2999 1293 3037 tt.

1188 3056 1477 3111 Διαφθαρέντα]
1524 3058 1729 3111 Sequitur
1771 3059 1885 3111 apud
1917 3059 2019 3100 Plu-

1137 3123 1332 3161 tarchum
1351 3122 1395 3161 in
1430 3122 1635 3161 Lucullo:
1677 3121 1733 3160 Τὰ
1764 3121 1807 3160 δὲ
1838 3120 2019 3175 φάρμακα

1135 3186 1287 3232 δοθῆναι
1302 3183 1374 3235 μὲν
1391 3185 1441 3224 ὡς
1459 3184 1644 3233 ἀγαπῷτο
1661 3185 1814 3233 μᾶλλον
1830 3186 1851 3223 ὁ
1870 3190 2019 3226 Καλλι-

1136 3247 1275 3296 σθένης
1289 3249 1349 3288 ὑπ’
1370 3248 1503 3298 αὐτοῦ,
1518 3246 1703 3295 τοιαύτην
1716 3247 1822 3298 ἔχειν
1834 3251 2021 3291 δοκοῦντα

1135 3312 1209 3359 τὴν
1224 3310 1393 3361 δύναμιν.
1413 3311 1602 3358 ἐκστῆσαι
1629 3310 1671 3351 δὲ
1702 3310 1769 3351 καὶ
1798 3314 2021 3355 καταλῦσαι

1135 3374 1205 3414 τὸν
1239 3372 1441 3425 manabit,
1469 3373 1576 3425 ὥστ’,
1609 3371 1668 3413 ἔτι
1708 3373 1856 3425 ζῶντός
1884 3377 2019 3429 αὐτοῦ,

1134 3436 1209 3485 τὴν
1226 3436 1360 3477 οὐσίαν
1386 3438 1538 3476 διοικεῖν
1572 3435 1644 3477 τὸν
1666 3436 1847 3489 ἀδελφόν.
1906 3441 2016 3482 Quae

1137 3500 1348 3553 prioribus
1368 3500 1470 3541 addi
1495 3498 1708 3542 debuere:
1740 3513 1837 3542 nam
1857 3502 2018 3554 paritor
