2306 3900
270 265 386 323 488*

271 399 521 450 Athenaeus,
558 411 643 439 x11.
693 404 739 440 et
778 409 882 440 1111.
922 397 1154 451 pulcherri-

270 475 385 503 mum
403 461 534 503 fuisse
554 461 821 503 Alcibiadem
850 462 999 502 retulit
1018 467 1064 502 et
1082 473 1152 502 co·

273 537 387 565 mam
422 536 502 576 per
539 524 766 576 plurimam
805 525 947 565 aetatis
986 530 1152 577 partem

270 588 770 640 nutrivisse,calceosque
790 587 929 628 varios
947 593 1153 639 gestasse,

270 661 454 692 acwum
486 650 701 690 exercitus
736 650 867 690 etiam
903 649 992 690 dux
1027 655 1152 699 esset,

268 713 632 766 pulchritudinem
663 725 752 765 prae
781 707 827 753 se
852 711 967 753 ferre
1003 711 1151 753 'studu-

265 778 378 827 isse3
412 789 496 817 non
517 777 628 816 enim
661 789 767 829 puer
787 781 951 817 tantum
982 782 1027 816 et
1050 776 1150 815 ado-

267 840 432 880 lescens
470 840 644 892 pulcher
681 839 764 880 fuit
802 839 1049 879 Alcibiades
1082 838 1150 891 (ut

266 903 328 944 ait
346 902 626 956 Plutarchus)
645 902 688 942 in
708 903 821 943 omni
849 903 993 953 aetatis
1013 901 1149 954 gradu

267 966 498 1016 maximum
528 978 698 1019 semper
716 966 912 1008 decorem
942 965 1149 1016 praetulit.

266 1029 448 1082 Magius.
516 1026 852 1078 Formosissimus]
909 1026 1163 1080 Proverbio.

267 1092 414 1139 Graeci
433 1091 634 1132 dicebant
657 1088 906 1137 Ἀλκιβιάδου
934 1088 1076 1142 μορφὴ,
1093 1090 1148 1131 de

265 1153 406 1195 forma
418 1153 742 1207 speciosissima.
755 1154 1049 1195 Meminerant
1059 1154 1149 1206 plu-

265 1217 363 1258 rimi
382 1226 591 1257 veterum.
646 1218 706 1258 Et
731 1217 828 1259 hinc
854 1222 921 1257 est
947 1214 1147 1263 Ἀλκιβιά-

265 1281 357 1331 διος,
388 1277 587 1331 ὄνυχειλὲς
616 1279 764 1330 herba,
799 1292 883 1332 qua
912 1280 968 1320 ad
997 1281 1145 1319 formae

264 1347 535 1383 venustatem
556 1343 620 1382 uti
642 1342 807 1382 solebat
822 1340 1085 1392 Alcibiades,
1098 1348 1146 1382 ut

264 1417 290 1446 a
303 1405 564 1446 medicorum
578 1405 675 1445 filiis
691 1404 916 1445 creditum.
947 1404 1144 1462 Keuehen.

323 1470 561 1522 Consiliique
573 1469 727 1522 plenas]
748 1470 884 1521 Supra
899 1469 942 1509 in
958 1469 1143 1511 Pausan.

263 1533 276 1555 ‘
296 1532 516 1586 Imprimis
537 1533 721 1573 omnium
746 1533 973 1572 Persarum
995 1538 1040 1573 et
1057 1531 1144 1572 ma-

265 1609 323 1638 nu
341 1596 479 1649 fortis,
498 1601 543 1637 et
561 1596 729 1638 consilii
745 1595 923 1648 plenus!
951 1595 1115 1636 Sauara.

319 1662 539 1714 Imperator
571 1661 661 1710 fuit
696 1658 883 1711 summus]
931 1658 1044 1700 Κατὰ
1068 1659 1155 1709 τὴν

264 1725 472 1780 στρατείαν
489 1724 660 1778 ἄριστος.
694 1723 875 1764 Diodor.
1076 1756 1079 1760 Δ

316 1791 522 1842 Disertas]
540 1788 620 1830 ’Ἦν
637 1788 714 1842 γὰρ
737 1786 847 1839 λόγῳ
864 1788 1145 1842 δυνατώτατος,

263 1858 308 1894 et
327 1854 472 1895 statim
492 1852 710 1894 δεινότατος
726 1851 775 1900 ἣν
790 1851 921 1892 εἷπεΐν.
952 1853 1087 1894 Idem.

319 1919 378 1958 Et
395 1922 508 1958 tanta
524 1921 611 1958 erat
636 1916 912 1956 commendatio
930 1914 1031 1966 oris]
1059 1915 1140 1956 Co-

263 1981 348 2022 dex
363 1982 573 2031 Danielis,
594 1981 708 2026 Quod
725 1971 854 2030 tan'ta,
867 1979 934 2029 850.
975 1978 1141 2018 Venus-

262 2049 412 2098 tatem,
430 2044 680 2085 muliebrem
709 2042 931 2091 ducimus3
956 2041 1141 2094 dignita-

262 2112 350 2148 tem
369 2107 458 2147 sive
479 2104 890 2147 commendationem
919 2104 1023 2154 oris,
1042 2102 1140 2144 viri-

259 2170 359 2212 lem.
415 2170 468 2211 Id
493 2169 687 2220 Euripidi
706 2167 819 2220 apud
838 2166 1055 2207 Stobaeum
1072 2172 1140 2208 est

260 2231 359 2274 εἶδος
388 2232 490 2284 ἄξιον
515 2231 746 2286 τυραννίδος,
771 2231 906 2271 forma
933 2230 1139 2283 Principe

260 2297 403 2348 digna,
423 2309 548 2349 quam
575 2297 587 2318 ‘
608 2296 808 2336 decorem
826 2294 927 2334 oris'
947 2299 1075 2336 vocat
1092 2295 1138 2335 in

259 2359 364 2399 Tito
381 2358 516 2399 Tacit.
534 2358 652 2398 Hist.
671 2369 742 2398 111.
763 2360 801 2397 1.
832 2356 1031 2397 Keuclaen.

316 2421 472 2470 Diva,-
513 2433 627 2473 quum
668 2426 818 2472 tempus
842 2419 1036 2472 posceret]
1081 2420 1136 2460 E-

257 2482 785 2534 mendatioLambiniana,
812 2482 923 2522 Idem
942 2495 1028 2522 cum
1043 2486 1138 2523 tem-

254 2558 332 2597 pus
354 2550 545 2598 posceret.
601 2543 688 2585 Alii
718 2543 834 2595 libri,
865 2545 1020 2585 Deinde
1051 2556 1138 2585 cum

257 2613 420 2662 tempus.
459 2609 621 2650 Iterum
639 2607 725 2657 alii,
741 2607 867 2649 Dives
883 2622 971 2649 eum
989 2612 1139 2661 tempus

252 2676 439 2724 posceret.
466 2671 845 2724 Distinguendum:
877 2673 1004 2726 Dives
1016 2685 1034 2720 ,-
1051 2685 1138 2713 cum

256 2740 409 2788 tempas
420 2739 606 2788 posceret.
648 2736 794 2778 'Quasi
813 2736 1046 2789 caeteroqui
1074 2735 1137 2776 in-

257 2804 329 2838 ter
365 2811 411 2839 se
447 2803 689 2851 pugnarent
721 2799 883 2840 divitiae
915 2811 966 2840 ac
999 2799 1137 2852 labor,

257 2861 366 2902 dicit
375 2866 556 2915 utraque
571 2862 614 2902 in
631 2861 856 2902 Alcibiade
871 2862 1136 2903 convenisse.

258 2926 373 2966 Nam
388 2936 537 2966 revera
555 2937 658 2977 opes
674 2924 896 2978 desidiam,
909 2925 1069 2977 luxum,
1085 2937 1135 2966 ac

254 2988 415 3029 laboris
445 2986 588 3040 fugam
622 2987 807 3040 pariunt.
876 2989 986 3030 Cato
1019 2988 1135 3040 apud

255 3050 430 3091 Sallust.
467 3049 643 3090 Catilin.
687 3048 699 3070 ‘
731 3048 968 3101 Opulentia
1003 3050 1133 3103 negli-

257 3113 447 3165 gentiam
478 3111 719 3153 tolerabat!
755 3112 897 3154 Tacit.
927 3111 1040 3156 Anu.
1068 3125 1129 3155 vr.

256 3179 324 3217 27.
369 3174 570 3216 Gebhard.
643 3174 743 3215 Non
790 3173 981 3216 absimile
1026 3174 1132 3216 illud

258 3236 458 3289 Diodori,
477 3237 518 3277 ἐν
534 3237 566 3277 δ’
594 3234 767 3291 εὐγενείᾳ
785 3236 849 3278 καὶ
865 3235 1024 3289 πλούτῳ
1037 3240 1133 3290 πρῶ-

255 3315 324 3341 τος
354 3299 576 3348 Ἀθηναίων.
603 3301 757 3342 Schott.
811 3299 939 3343 Hanc
967 3313 1132 3342 morum

257 3368 304 3405 et
333 3363 492 3415 ingenii
523 3363 859 3417 inaequalitatem
891 3377 947 3406 ex
978 3364 1132 3419 Satyro

255 3424 392 3469 refert
409 3424 643 3467 Athenaeus
662 3427 736 3468 lib.
755 3438 838 3469 xri.

310 3487 559 3560 Laboriosus]
601 3488 655 3532 In
684 3489 935 3536 Timotheo:
979 3489 994 3515 ‘
1030 3489 1134 3535 Fuit

644 281 825 321 No'rAE
867 278 1202 320 VARIORUM
1243 278 1315 319 IN·
1352 281 1402 319 G.
1442 279 1711 320 NEPo'rls

1216 398 1329 439 enim
1364 398 1561 450 disertus,
1603 398 1801 450 impiger,
1842 396 2094 451 laboriosus,

1215 461 1278 501 rei
1295 460 1489 501 militaris
1510 459 1703 513 peritus!
1733 461 1899 502 Sauara.

1271 526 1360 566 Non
1378 526 1503 566 minus
1526 524 1569 564 in
1594 527 1676 565 vita
1694 537 1807 576 quam
1824 526 1947 578 victu]
1973 525 2095 567 Prae-

1214 588 1328 628 clare
1359 589 1450 629 liaec
1483 589 1583 628 mihi
1605 593 1651 628 ut
1671 590 1813 640 spuria
1843 594 1889 630 et
1919 589 2094 629 aliunde

1212 650 1428 690 inculcata
1471 651 1524 691 ab
1577 651 1866 704 Ultrajectino
1913 652 2091 692 Editore

1213 713 1364 754 omissa
1380 713 1591 763 videntur.
1619 714 1853 754 Diodorus:
1875 714 1948 762 τὴν
1961 714 2094 766 ψυχὴν

1211 776 1388 828 λαμπρὸς
1417 776 1481 817 καὶ
1508 776 1852 828 μεγαλεπήβολος.
1891 778 2089 821 Gebhard.

1212 838 1365 879 Scitote.

1264 900 1474 954 Affabilis]
1518 903 1626 944 Quae
1662 903 1798 944 virtus
1828 905 2014 948 maxim
2035 905 2089 946 in

1211 964 1433 1018 Principe,
1466 969 1514 1005 ut
1542 965 1603 1005 ait
1627 965 1793 1006 Plinius
1819 965 1864 1006 in
1893 967 2096 1020 Panequ

1212 1026 1315 1066 rico.
1371 1026 1487 1067 Hinc
1507 1027 1621 1067 inter
1640 1027 1833 1079 epitheta
1851 1028 1950 1069 boni
1965 1028 2093 1073 Prin-

1211 1089 1319 1141 cipis
1339 1101 1364 1130 a
1381 1089 1560 1129 Polluce
1580 1089 1837 1141 Imperatori
1857 1090 2089 1133 Commodo

1210 1153 1484 1205 praescripta,
1514 1151 1812 1205 εὐπροσήγορος,
1829 1151 2091 1206 εὐέντενκτος,

1206 1218 1411 1271 μειλίχιος,
1425 1218 1630 1272 προσηνής.
1657 1221 1859 1261 ΚειιοΙιεη.

1266 1282 1516 1332 Temporibus
1559 1282 1808 1323 callidissime
1854 1282 2087 1335 inserviens]

1209 1344 1336 1384 Unde
1373 1343 1491 1384 illum
1525 1345 1830 1385 Chamaeleonti
1865 1351 2088 1397 comparat

1207 1396 1488 1457 Plutarchus;
1515 1420 1640 1460 quem
1659 1407 1702 1447 in
1731 1408 1809 1448 hoc
1838 1408 1968 1448 etiam
2000 1409 2089 1449 vin-

1207 1470 1353 1523 cebat,
1365 1471 1478 1524 quod
1493 1471 1762 1513 Chamaeleon
1772 1485 1817 1513 se
1836 1474 1979 1514 colore
1991 1485 2089 1514 can·

1207 1534 1307 1574 dido
1325 1535 1522 1574 simulare
1540 1546 1623 1574 nou
1641 1540 1800 1586 potest.
1847 1535 2086 1589 Inserviens]

1205 1595 1276 1650 lta
1287 1591 1463 1650 vulgati,
1477 1598 1601 1638 male.
1641 1597 1890 1648 Legendum
1901 1599 2085 1640 serviens.

1203 1658 1328 1707 Infra
1344 1659 1618 1704 Hamilcare:
1646 1661 1659 1682 ‘
1682 1659 1787 1699 Paci
1813 1659 2084 1701 serviendum
2122 1695 2125 1698 ,

1195 1723 1404 1778 putavit.'
1443 1721 1636 1763 Lucanus
1670 1722 1723 1762 ad
1754 1722 1900 1763 Pison.
1930 1724 1942 1745 ⁶
1962 1724 2084 1764 Tem-

1204 1786 1380 1839 poribus
1414 1785 1575 1826 servire
1607 1785 1751 1836 decet,
1782 1785 1856 1838 qui
1888 1790 2085 1837 tempora

1204 1850 1333 1890 certis
1369 1844 1641 1890 Ponderibus
1677 1842 1902 1901 pensavit?
1945 1849 2084 1893 Cicer.

1203 1911 1376 1954 Attico:
1391 1915 1403 1936 ‘
1416 1913 1589 1954 Servire
1604 1913 1782 1964 tempori
1796 1924 1890 1963 cum
1905 1925 2084 1954 necesse

1203 1976 1291 2018 sit.'
1326 1976 1454 2017 Gebh.
1508 1975 1595 2016 Sed
1613 1975 1847 2015 inserviendi
1874 1987 1978 2015 voce
1997 1975 2078 2016 hac

1201 2039 1293 2092 ipsa
1313 2039 1403 2080 vita
1422 2038 1584 2080 Noster
1604 2050 1655 2078 ea
1675 2039 1843 2077 ratione
1862 2050 1960 2078 usus
1979 2044 2061 2078 est.

1256 2099 1366 2143 Idem
1383 2101 1499 2142 simut
1526 2113 1572 2140 ac
1599 2112 1641 2140 se
1667 2100 1889 2153 remiserat]
1933 2100 1975 2141 A
2004 2113 2081 2142 ne·

1202 2166 1330 2218 gotiis
1361 2165 1406 2205 in
1435 2165 1591 2215 ocium,
1607 2177 1632 2204 a
1651 2164 1798 2206 labore
1821 2165 1864 2204 in
1891 2166 2081 2218 volupta-

1202 2234 1267 2269 tes
1287 2241 1332 2269 se
1352 2220 1658 2282 transdiderat.
1713 2227 1830 2268 Hinc
1865 2228 1878 2250 ‘
1899 2227 2081 2269 remissi·

1201 2291 1317 2332 ones'
1334 2291 1485 2332 Tacito
1503 2291 1547 2330 in
1563 2291 1667 2331 Vita
1693 2289 1911 2342 Agricolae
1930 2301 2024 2342 cap.
2038 2295 2079 2332 9.

1198 2356 1210 2378 ‘
1229 2356 1438 2408 Tempora
1467 2365 1663 2394 curarum
1707 2353 2079 2407 remissionumque

1198 2418 1335 2459 divisa
1351 2418 1377 2468 ;'
1416 2429 1512 2472 quae
1532 2415 1646 2457 Anu.
1666 2415 1740 2457 lib.
1761 2427 1813 2456 11.
1832 2419 1898 2458 ³3.
1936 2418 1948 2439 ⁴
1971 2417 2078 2459 deli-

1197 2481 1385 2522 nimenta
1438 2491 1635 2520 curarum
1680 2491 1730 2519 ac
1773 2479 2094 2531 periculorum?-

1197 2549 1336 2585 vocat.
1376 2542 1530 2584 Senec.
1563 2541 1743 2583 Hercul.
1773 2542 1874 2583 Fur.
1899 2554 1962 2583 vs.
1982 2545 2078 2584 476.

1197 2605 1210 2628 ‘
1226 2606 1335 2647 Post
1349 2605 1483 2647 multa
1498 2605 1630 2645 virtus
1645 2616 1772 2656 opera
1787 2605 1922 2645 laxari
1937 2606 2079 2648 solet-³

1197 2668 1354 2711 Similis
1389 2667 1603 2709 Alcibiadi
1636 2667 1870 2720 Mecaenas‚
1899 2666 1956 2709 de
1990 2681 2075 2722 quo

1196 2731 1453 2772 Paterculus
1483 2729 1559 2771 lib.
1590 2742 1644 2771 ιι.
1666 2733 1732 2772 88.
1785 2730 1946 2771 ‘Simul
1973 2743 2076 2772 vero

1195 2795 1358 2849 aliquid
1394 2807 1448 2835 ex
1482 2796 1656 2847 negotio
1707 2794 1869 2836 remitti
1913 2802 2076 2847 posset,

1195 2859 1284 2900 otio
1302 2871 1352 2900 ac
1371 2859 1547 2900 mollitie
1566 2860 1678 2900 ultra
1690 2857 1891 2900 feminam
1910 2857 2076 2901 fluens!

1196 2922 1283 2964 Ubi
1310 2924 1424 2963 enim
1455 2923 1646 2963 remissio
1677 2927 1744 2962 est
1773 2922 2075 2974 intempestiva

1196 2998 1246 3028 ac
1264 2987 1409 3037 nimia,
1429 2987 1530 3026 vitio
1543 2997 1594 3026 ac
1615 2985 1825 3037 vituperio
1844 2997 1927 3025 non
1941 2993 2074 3028 caret.

1197 3049 1344 3101 Nepos
1363 3049 1416 3089 de
1443 3048 1689 3101 Iphicrate:
1719 3048 1731 3070 ‘
1749 3047 1836 3088 Sed
1864 3048 1908 3088 in
1927 3048 2076 3090 labore

1194 3111 1392 3152 remissus
1437 3111 1560 3151 nimis
1606 3122 1840 3164 parumque
1876 3111 2075 3163 patiens?

1194 3175 1246 3217 P.
1266 3175 1420 3228 Syrus:
1470 3175 1484 3198 ‘
1503 3174 1663 3215 Arcum
1687 3174 1873 3215 intensio
1895 3174 2072 3229 frangit,

1194 3239 1376 3279 animum
1413 3236 1632 3279 remissio!
1688 3238 1832 3278 Caesar
1866 3237 1920 3278 de
1956 3238 2072 3280 Bell.

1193 3302 1306 3344 Gall.
1342 3301 1416 3342 lib.
1446 3312 1500 3341 11.
1535 3304 1602 3342 15.
1655 3299 1667 3322 ‘
1688 3299 1815 3342 Quod
1842 3300 1906 3340 bis
1942 3300 2070 3343 rebus

1192 3364 1519 3417 relanguescere
1550 3361 1725 3414 animos,
1752 3373 1981 3415 eorumque
2003 3374 2071 3404 re·

1189 3426 1306 3470 mitti
1317 3426 1520 3467 virtutem
1531 3424 1854 3467 existimarent!
1869 3424 2072 3469 Gebhard.

1249 3489 1413 3533 Tantam
1421 3489 1545 3531 inesse
1552 3487 1924 3544 dimimilitudinem]
1934 3488 2070 3550 Mem.
