2306 3900
305 134 414 202 ’736
847 147 1171 192 aecensus
1213 150 1566 198 Em'rtortum

368 281 419 324 et
460 275 539 324 J0.
582 275 738 326 Andr.
777 275 927 334 Bosii,
950 284 1000 326 et
1031 276 1236 342 selectis
1270 277 1428 339 Andr.
1461 281 1673 341 Schotti,
1698 281 1852 332 Dion.
1886 282 2126 344 Lambini,

370 354 508 404 Gilb.
533 355 769 420 Longolii,
811 355 1014 406 Hieron.
1050 355 1217 422 Magfi,
1262 358 1343 409 Jo.
1365 351 1636 420 Savaronis,
1671 361 1974 428 aliorumque
2009 364 2131 413 doc-

369 442 550 493 torum,
577 451 772 485 necnon
812 435 1056 501 excerptis
1093 437 1152 486 P.
1171 437 1427 489 Danielis.
1461 441 1687 491 Accessit
1718 441 2132 507 locupletissimus

370 514 586 576 omnium
626 516 977 567 vocabulorum
1011 516 1174 576 index,
1211 513 1374 569 studio
1415 528 1467 570 et
1506 537 1655 587 opera
1675 523 1758 573 Jo.
1799 521 1955 573 Andr.
1980 522 2135 583 Bosii,

370 601 574 643 curante
590 596 871 661 Augustino
894 610 988 646 van
1008 597 1256 658 staveren,
1272 599 1357 664 qui
1378 610 1428 650 et
1451 617 1562 651 suas
1578 609 1719 652 notas
1736 601 1948 654 addidit.
1972 603 2136 669 Lug-d.

371 674 481 724 Bat.
506 691 593 740 ap.
623 676 756 726 Sam.
799 666 1604 746 Luchtmans.-—-Locupl⁴etissima·
1633 683 1733 733 hue
1768 700 1925 750 usque
1963 684 2134 735 editio.

370 754 504 805 Basis
542 763 619 806 est
640 757 889 821 exemplar
911 757 1192 807 Bosianum.
1229 759 1459 810 Ceterum
1483 762 1728 812 Staverius
1748 780 1866 814 usus
1889 772 1967 814 est
1991 766 2136 815 Mstis

368 841 422 883 et
441 833 559 885 edd.
577 835 877 886 melioribus.
902 837 980 886 De
1003 836 1112 901 ejus
1136 839 1523 889 correctionibus
1547 840 1672 891 inter
1692 859 1806 892 eum
1837 854 1888 894 et
1924 846 2138 895 Heusin-

323 979 325 982 ἱ
372 931 540 980 gerum
565 916 900 966 controversia.
920 925 1037 966 nata
1059 925 1153 967 est.

318 994 448 1054 1736
473 996 708 1055 Berolini,
740 1004 818 1047 12.
855 1013 970 1047 cum
995 997 1177 1048 indice.

313 1084 442 1134 1737
469 1077 899 1147 Regiornonti512.
934 1093 1050 1128 cum
1071 1079 1205 1128 notis
1227 1079 1437 1130 Cellarii.

308 1185 377 1202 -.-
398 1157 596 1223 Lipsiae,
627 1165 705 1209 12.
724 1174 838 1209 cum
860 1159 1008 1215 notis,
1029 1166 1129 1208 etc.
1154 1159 1365 1209 cellarii.

311 1265 379 1274 —
399 1238 633 1299 Berolini,
662 1246 739 1289 12.
758 1255 881 1288 cura
906 1239 1124 1288 Muzelii.

311 1346 380 1355 ·-—
403 1319 998 1379 Onoldi,12.cumnotis
1022 1322 1191 1370 Germ.
1217 1317 1408 1406 OEderi.

318 1406 446 1457 1742
471 1401 811 1460 Venetiis,12·

321 1487 450 1536 1744
472 1481 680 1539 Isenaci,
704 1486 755 1530 4.
782 1478 1096 1544 Spicilegium
1122 1480 1389 1529 emendatt.
1411 1489 1465 1531 et
1486 1481 1882 1533 observationum
1904 1486 1968 1534 ad
1994 1487 2143 1538 Corn.

380 1560 589 1625 Nepotis
607 1561 731 1611 vitas
748 1575 924 1611 xvnl.
951 1561 1202 1625 priores.-—
1221 1561 1353 1610 Huic
1369 1563 1635 1628 Spicilegio
1654 1566 1884 1629 opposuit
1898 1568 2145 1618 Staverius

382 1642 750 1695 Animadversa.
791 1643 840 1691 in
877 1643 1042 1707 obss,
1081 1642 1284 1692 miscell.
1327 1643 1533 1708 Dorvill.
1569 1644 1921 1708 posterioribus
1947 1636 2027 1698 T.
2063 1662 2144 1699 vl.

383 1738 501 1787 pag.
527 1728 642 1773 513.
665 1739 775 1788 sqq.

302 1795 384 1838 ⁸—-
406 1801 635 1861 Londini,
682 1810 760 1853 12.
797 1802 1007 1852 Cornelii
1028 1802 1239 1868 Nepotis
1279 1801 1619 1852 excellentium
1643 1805 1996 1870 Imperatorum
2018 1807 2148 1858 vitae.

384 1882 547 1932 Lond.
572 1883 705 1949 typis
729 1885 810 1933 Jo.
837 1883 1089 1950 Brindley.

327 1970 456 2039 1745
482 1963 643 2023 Halae,
671 1971 750 2014 12.
778 1964 881 2012 sine
902 1963 1049 2013 notis.
1923 2000 1927 2004 -

241 2079 244 2085 ·
318 2071 386 2082 —-
405 2044 779 2103 Amstelodami,
801 2043 878 2094 16.
902 2044 1055 2094 Corn.
1066 2043 1275 2117 Nepotis
1294 2042 1408 2092 vitae
1425 2043 1763 2093 excellentium
1782 2045 2152 2110 Imperatorum.

383 2125 552 2174 Editio
573 2142 701 2174 nova
721 2123 1176 2188 emendatior—ap.
1201 2125 1250 2174 J.
1277 2123 1616 2172 Wetstenium.

323 2232 390 2241 —-
412 2205 625 2265 ParisiiS,
656 2213 734 2255 12.
753 2221 816 2255 ex
837 2204 1174 2270 recognitione
1193 2204 1367 2268 Stepb.
1390 2203 1545 2254 Andr.
1564 2203 1811 2269 Philippe.
1826 2204 1988 2256 Lutet.
2002 2206 2155 2257 Paris.

392 2286 635 2335 sumtibus
660 2285 818 2335 Mich.
842 2284 1015 2348 Steph.
1043 2282 1227 2333 David.

329 2392 395 2402 —
419 2353 792 2423 Afnstelodami,
819 2380 934 2412 cum
958 2360 1361 2427 interpretatione
1385 2359 1584 2411 Gallica
1606 2368 1656 2410 et
1679 2361 1812 2410 obss.
1843 2361 1953 2413 hist.
1992 2379 2156 2433 geogr.

390 2454 444 2496 et
465 2446 573 2495 crit.
1967 2496 1969 2499 .

320 2556 392 2568 —
415 2525 702 2590 Goettingae,
729 2531 777 2574 8.
804 2523 1128 2573 Euchiridion
1167 2522 1269 2571 sive
1308 2521 1571 2587 prudentia
1591 2522 1779 2586 privata
1822 2529 1874 2572 et
1911 2522 2065 2574 civilis
2094 2525 2157 2575 T.

388 2610 566 2672 Pomp.
590 2605 746 2655 Attici
782 2620 812 2653 a
849 2604 1000 2654 Corn.
1023 2604 1220 2668 Nepote
1253 2601 1522 2667 descripta,
1565 2602 1809 2652 recensuit
1847 2603 1927 2653 J0.
1975 2604 2158 2654 Matth.

393 2690 606 2739 Gesner.
2070 2707 2071 2710 ¹

332 2769 461 2827 1746
485 2766 721 2826 Berolini‚
763 2771 811 2815 8.
833 2765 994 2817 Corn.
1032 2763 1242 2830 Nepotis
1267 2763 1381 2813 vitae
1410 2762 1752 2812 excellentium
1788 2763 2159 2829 Imperatorum.

392 2848 602 2898 Accedit
623 2847 784 2897 versio
808 2846 942 2896 Gall.
966 2852 1165 2895 curante
1188 2846 1268 2895 J⁰.
1295 2845 1428 2895 Petr.
1454 2843 1670 2893 Millero.

332 2927 747 2988 17471senaciet
778 2926 978 2991 Lipsiae,
1015 2933 1062 2976 8.
1101 2924 1313 2975 Cornelii
1344 2924 1557 2988 Nepotis
1599 2922 1784 2982 devita
1819 2922 2162 2991 excellentium

393 3010 751 3074 Imperatorum
793 3007 916 3056 liber
949 3023 1061 3055 cum
1104 3006 1398 3054 amissorum
1442 3018 1645 3068 operum
1703 3003 2030 3067 -Fragmentis,
2064 3003 2162 3052 sola

398 3088 644 3139 vetustiss·
666 3087 1014 3151 exemplarium
1042 3085 1140 3135 fide
1163 3085 1446 3144 recensituS,
1483 3083 1835 3148 perpetuisque
1867 3083 2165 3133 emendatio·

392 3169 540 3218 nibus
582 3166 766 3217 criticis
790 3165 1076 3216 emendatus
1116 3181 1145 3213 a
1189 3166 1270 3215 J0.
1321 3164 1476 3214 Mich.
1519 3163 1844 3228 Heusingero.
1901 3162 2162 3212 Accedunt

396 3242 715 3312 chronologia
737 3246 953 3297 omnium
978 3246 1351 3312 Imperatorum,
1391 3243 1710 3309 omniumque
1734 3242 2078 3293 vocabulorum
2102 3256 2161 3290 ac

397 3343 555 3376 rerum
603 3327 748 3377 iudex
792 3325 1044 3386 Bosianm,
1092 3326 1246 3375 multo
1270 3341 1415 3390 quam
1456 3332 1601 3375 antea
1638 3323 1827 3388 plenior
1863 3329 1915 3372 et
1951 3321 2161 3372 auctior.
