2306 3900
0 322 10 428 -r-‚vm
0 276 7 307 nv
0 212 7 264 «--

677 305 784 345 vn.
847 302 1264 354 Ancmmnmu,
1301 302 1436 362 car.
1474 289 1530 341 2.
1906 286 2020 338 489—

194 424 355 478 br'amb,
384 429 536 466 tuntum
559 429 654 464 esse.
707 423 948 474 Utrumque
980 423 1074 460 vera

193 489 294 530 bum
313 488 524 541 expungit
554 487 740 539 Magius,
755 496 895 539 neque
924 496 1075 525 neces-v

194 553 362 593 sarium.
405 553 559 593 Senon.
628 551 698 590 De
745 561 796 589 eo
847 547 1071 589 Valerius:

192 617 207 639 ‘
227 616 359 669 Cujus
377 616 547 666 nescio‚’
576 615 731 667 inquit,
756 616 768 636 ‘
785 619 928 653 utrum
948 612 1073 663 bona,

193 690 249 719 an
266 679 373 721 vitia
385 679 537 731 patriae
556 676 852 729 pernitiosiora
869 674 1070 715 suerunt:

193 741 280 782 illis
311 741 425 782 euim
462 740 576 781 cives
627 750 725 779 suos
776 730 964 789 decepit,
1006 737 1078 776 his·

197 802 376 844 afflixit!
405 803 604 844 Gebhard.

243 866 364 907 Car.
389 869 429 907 2.
474 867 672 906 Educatus
690 863 806 904 estin
820 865 929 903 domo
957 862 1072 902 Peri·

194 928 285 981 elis]
313 930 398 970 Ms.
419 929 570 969 Pericli
579 941 596 976 ‚·
624 933 674 968 ut
693 931 821 979 supra
840 926 979 965 Neocli
994 936 1070 977 pro

196 993 366 1043 Navelis,
385 998 429 1033 et
446 992 582 1032 Procli
610 1002 689 1044 pro
710 989 866 1030 Proelia
892 989 937 1028 in
957 987 1070 1041 Age-

197 1056 314 1097 silao.
341 1056 464 1096 Idem.

248 1118 470 1169 Privignus
485 1117 588 1158 enim
605 1115 705 1167 eius]
748 1115 885 1155 Immo
916 1113 1072 1153 sororis

195 1181 380 1223 Periclis
394 1181 521 1227 filius,
543 1181 631 1221 sive
649 1176 892 1229 ἆδελφιδοὺς,
912 1184 959 1216 ut
986 1181 1070 1216 tra-

193 1245 259 1285 dit
278 1243 494 1285 Diodorus
524 1244 691 1284 Siculus
711 1243 787 1283 lib.
807 1251 897 1280 111.
940 1240 1072 1279 Ἀλκι-

193 1306 331 1358 βιόδης
349 1306 628 1358 ὁᾶδελφιδοὺς,
656 1303 818 1359 ὀρφανὸς
841 1304 909 1356 ὢν,
931 1301 1072 1355 τρεψό-

192 1364 306 1421 ciens
337 1371 427 1423 παρ’
456 1370 573 1421 αὐτῷ,
599 1371 692 1410 ταῖς
717 1369 770 1409 ὢν
786 1368 871 1408 καθ’
903 1365 1080 1414 ἠλικίαν.

193 1434 470 1485 Sic-Suidas,
500 1440 545 1474 et
577 1433 757 1483 Gellius,
783 1431 858 1471 lib.
895 1440 972 1470 xv.
1008 1432 1072 1470 17.

193 1497 207 1543 ‘,
228 1498 338 1539 cm
347 1498 458 1551 apud
472 1497 724 1538 avunculum
734 1496 950 1537 Periclem
965 1506 1074 1548 puer

195 1561 358 1602 artibus
377 1573 428 1602 ac
456 1560 693 1613 disciplinis
720 1557 965 1600 liberalibus
980 1570 1074 1598 eru·

193 1623 387 1666 ditetur-⁹
413 1624 591 1665 Lambini.
645 1622 904 1664 Plutarchus
929 1623 972 1662 in
1001 1621 1073 1662 Al-

194 1686 373 1728 cibiadis
390 1687 496 1739 vita,
515 1687 556 1727 ei
589 1686 804 1727 Periclem
831 1691 1072 1727 curatorem

190 1747 323 1790 fnisse
339 1749 457 1791 dicit.
500 1749 572 1790 Sic
590 1755 635 1790 et
654 1749 866 1790 Isocrates
883 1748 927 1788 iu
942 1749 1071 1800 Jugo.

193 1812 302 1854 Qun
318 1823 420 1852 sane
439 1811 667 1865 probabilis
698 1824 826 1853 causa
852 1811 984 1853 fnisse
1011 1812 1073 1852 vi-

194 1875 338 1927 detur,
367 1881 418 1918 ut
447 1876 562 1928 apud
589 1888 684 1916 eum
703 1875 951 1917 Alcibiades
970 1875 1073 1917 edu-

192 1943 377 1981 caretur.
405 1920 503 1982 buo
516 1938 582 1989 fit,
599 1943 647 1979 ut
665 1938 797 1980 Probi
822 1945 1073 1980 contextum

190 2003 347 2044 mendo
379 2014 464 2044 non
498 2014 651 2043 vacare
681 2002 886 2055 suspicer.
951 2001 1077 2042 Peri-⁴

191 2066 281 2108 cles
298 2070 441 2107 autem
459 2066 495 2106 si
513 2077 597 2105 non
626 2064 882 2117 Alcibiadis,
901 2065 992 2117 ejus
1011 2070 1074 2105 ta-

191 2142 291 2171 men
322 2130 468 2171 uxoris
498 2129 676 2170 vitricus
706 2128 838 2169 fuisse
874 2129 1071 2169 videtur:

193 2193 363 2247 quando
389 2193 560 2246 quidem
583 2191 817 2244 Hipponici
842 2191 974 2232 filiam
1003 2193 1074 2245 (ut

192 2256 360 2305 Probus
371 2261 418 2297 et
430 2255 687 2298 Plutarchus
700 2253 936 2306 testantur)
948 2265 1073 2307 quam

191 2321 464 2374 Hyparetam
491 2319 683 2361 nominat
703 2317 977 2369 Plutarchus,
998 2316 1074 2358 Al-

191 2383 380 2425 cibiades
396 2395 570 2423 uxorem
590 2381 752 2423 habuit.
806 2381 950 2433 Hujus
968 2392 1072 2422 vero

191 2445 426 2499 Hipponici
453 2445 681 2497 conjugem
699 2444 742 2484 in
760 2455 934 2484 uxorem
954 2448 1072 2496 post-

192 2521 244 2550 ea
263 2509 386 2550 duxit
398 2509 605 2558 Pericles,
623 2513 672 2547 ut
690 2506 801 2547 idem
825 2507 867 2547 in
899 2507 1072 2548 Pericle

192 2577 389 2615 testatur.
408 2572 573 2613 Scimus
590 2577 748 2622 tamen,
759 2583 814 2612 ex
831 2571 909 2612 hac
921 2571 1071 2624 Hypa-

193 2642 331 2677 retam
345 2635 508 2675 Pericli
519 2634 693 2685 editam,
708 2647 732 2674 a
742 2635 975 2676 Plutarcho
987 2646 1070 2675 non

192 2701 292 2750 dici,
302 2700 482 2741 Calliam
495 2710 596 2739 vero
610 2699 940 2752 maxime,quem
955 2699 1070 2739 idem

193 2761 448 2803 Plutarchus
491 2774 516 2801 a
566 2762 793 2813 nonnullis,
831 2760 1069 2802 Alcibiadis

193 2835 387 2866 socerum
403 2823 564 2863 dictum
573 2821 700 2863 fuisse
714 2824 878 2864 retulit.
891 2824 1069 2874 Magius.

246 2888 440 2939 Eri-adim
465 2898 491 2926 a
526 2885 706 2937 Socrate]
748 2886 873 2928 Licet
900 2887 982 2927 hoc
1014 2899 1068 2927 ex

190 2950 379 2992 Platone
411 2954 458 2990 et
487 2948 773 3000 Xenophonte
797 2960 1070 3001 cognoscere,

191 3023 429 3066 quanquam
461 3012 661 3052 Socrates
695 3011 739 3051 in
784 3010 999 3064 Apologia
1043 3024 1069 3052 a

191 3076 375 3116 Platone
392 3075 570 3126 scripta,
598 3078 727 3126 negat
745 3084 791 3114 se
817 3074 1069 3126 cujusquam

190 3138 438 3191 magistrum
470 3136 618 3179 fuisse.
686 3137 774 3179 Sed
817 3138 898 3179 hoc
939 3138 1068 3181 facile

191 3200 297 3242 solvi
312 3204 470 3253 potest.
496 3198 678 3241 lambio.

245 3264 429 3306 Socerum
446 3263 581 3304 habuit
598 3262 880 3316 Hipponicum]
904 3264 1068 3306 Isocra-

193 3333 259 3370 tes
275 3326 363 3380 περὶ
384 3327 459 3367 τοῦ
487 3324 665 3378 ζεύγους,
695 3327 740 3366 in
765 3338 849 3379 qua
867 3327 990 3370 Orat.
1008 3328 1067 3370 lo-

193 3393 338 3447 quitur
352 3389 590 3432 Alcibiadis
609 3388 744 3430 tilius:
771 3388 873 3439 μετὰ
885 3388 927 3430 δὲ
943 3391 1070 3432 ταῦτα

191 3450 708 3508 τὴνμπτίρατὴνῆμσόραν
734 3451 1069 3507 &nmmo-‘rum

192 3518 273 3572 γὰρ
284 3514 513 3576 κάᾄῐαύτην
527 3516 724 3576 §someron
746 3516 865 3563 αὑτὸν
877 3518 1029 3566 λαβεῖν·
1045 3518 1069 3563 ὁ

1133 420 1212 472 ’γὰρ
1228 419 1356 472 πατὴρ
1395 419 1512 467 αὐτῆς
1532 417 1747 458 Ἰπόνυεος
1763 415 1923 468 πλούτῳ
1944 415 2021 467 μὲν

1133 483 1183 532 ἣν
1197 487 1347 536 πρῶτος
1363 486 1443 524 τῶν
1475 482 1690 535 Ἑλλήνων,
1723 480 1830 533 ’γένει
1853 479 1895 522 δὲ
1913 481 2019 522 οὔδε·

1134 546 1198 588 νὸς
1211 546 1369 599 ὕστερος
1381 549 1460 586 τῶν
1476 547 1659 587 πολιτῶν.
1688 546 1812 588 Idem.

1146 643 1151 649 ,
1191 610 1376 650 omnium
1398 611 1550 650 Groecae
1568 610 1713 661 linguae
1724 610 1940 662 eloquentia
1955 609 2019 663 ‹li-

1134 673 1344 724 tissimum]
1390 673 1645 713 Lambinus:
1696 675 1880 714 Omnium
1903 675 2016 714 Grae-

1133 749 1264 776 corum
1288 736 1579 779 divitissimum.
1635 735 1717 776 Cui
1749 744 1890 777 tamen
1923 738 2019 778 nul-

1132 800 1221 839 lum
1249 811 1274 839 e
1302 798 1549 838 doctoribus
1583 799 1848 839 auscultasse
1877 800 2014 841 adhuc

1133 864 1272 903 video.
1345 863 1522 914 Vulgati
1569 862 1667 903 libri
1709 861 2017 916 praeferebaut,

1135 927 1287 966 Groecoe
1304 925 1449 976 linguae
1467 926 1680 978 eloquentia
1702 927 2018 968 disertissimum.

1131 988 1292 1029 Verum
1307 989 1524 1040 Excerpta
1538 988 1589 1029 P.
1603 989 1813 1041 Danielis,
1827 995 1872 1031 et
1887 1002 2021 1031 mem·¹

1131 1052 1276 1092 branae
1290 1052 1473 1092 Schotti.
1507 1054 1689 1094 Omnium
1703 1054 1858 1094 Graecoe
1868 1054 2018 1106 lingua

1131 1116 1348 1167 eloquentia
1382 1116 1695 1157 disertissimum.
1751 1118 1860 1160 Quae
1885 1116 2021 1159 lectio

1132 1190 1227 1218 cum
1248 1179 1304 1218 sit
1323 1178 1514 1219 stabilita·
1545 1179 1762 1219 veteribus
1782 1179 1916 1230 libris,
1941 1191 2021 1221 cur

1132 1244 1389 1296 conjecturis
1416 1244 1534 1283 nihili
1566 1244 1799 1284 lectoribus
1828 1245 2020 1297 impona-

1133 1313 1204 1347 tur
1223 1309 1239 1347 ?
1267 1308 1481 1358 Intelligit
1502 1319 1600 1347 vero
1619 1307 1913 1360 Hipponicum
1934 1309 2022 1349 elo·

1134 1373 1312 1424 quentia
1327 1372 1430 1412 istas
1449 1373 1686 1412 luculentas
1713 1384 1816 1424 opes
1837 1373 2022 1425 acquisi-

1134 1434 1258 1474 visse.
1289 1434 1484 1474 Gebhard.
1532 1433 1769 1476 Confirmat
1786 1435 2019 1476 lectionem

1134 1502 1353 1549 receptam
1401 1495 1614 1538 Giofanus
1665 1498 1719 1538 ad
1769 1498 2020 1539 Lucretium

1134 1560 1254 1601 dicto
1278 1561 1501 1610 Refutatus.
1561 1562 1745 1602 Omnium
1774 1563 1926 1602 Graecae
1945 1563 2022 1604 lin-

1131 1625 1242 1677 guae]
1294 1624 1550 1665 Plutarchus
1593 1624 1885 1677 Hipponicum
1932 1626 2021 1667 non

1136 1687 1488 1727 disertissimum:
1537 1687 1613 1728 sed
1644 1700 1793 1740 magna
1837 1688 2020 1730 Athenis

1135 1750 1191 1790 ob
1206 1749 1374 1790 divitias
1390 1750 1715 1792 etnobilitatem
1732 1753 1901 1804 generis
1920 1765 2020 1794 auc·

1135 1812 1310 1854 toritate
1327 1813 1608 1866 potentiaque
1622 1814 1852 1867 praeditum
1867 1815 2016 1858 fuisse.

1137 1876 1312 1927 Magius.

1189 1939 1329 1990 Neque
1347 1940 1467 1991 plara
1494 1940 1593 1980 bona
1619 1941 1835 1993 reminisci]
1864 1942 2020 1995 Neque

1136 1999 1260 2052 plura
1278 2001 1390 2040 bona
1418 2002 1678 2054 excogitare.
1733 2003 1893 2044 Sensus
1926 2012 2019 2045 est:

1136 2062 1182 2103 Si
1218 2061 1468 2104 Alcibiades
1498 2065 1580 2105 sibi
1605 2066 1699 2117 ipse
1723 2065 1937 2106 fortunam
1957 2066 2019 2107 fa-

1135 2125 1303 2166 bricare
1323 2132 1452 2179 atque
1480 2139 1738 2180 componere
1765 2131 1913 2181 vellet,
1932 2142 2018 2171 non

1134 2196 1281 2241 posset
1313 2190 1518 2231 memoria
1550 2204 1599 2231 ac
1636 2194 1790 2234 mentis
1822 2193 2018 2235 discursu

1134 2254 1257 2305 plura
1274 2253 1386 2294 bona
1413 2255 1679 2306 excogitare.
1732 2257 1855 2297 Bona
1883 2258 2020 2298 veluti

1134 2327 1218 2356 uno
1269 2315 1385 2356 fasce
1438 2318 1765 2368 comprehendit
1818 2320 2037 2360 Valerius'

1133 2379 1255 2419 Max.
1286 2379 1359 2419 lib.
1378 2391 1442 2419 vl.
1462 2383 1502 2419 9.
1520 2388 1611 2420 ext.
1631 2384 1671 2421 4.
1724 2381 2014 2423 Nobilitatem

1133 2442 1347 2494 eximiam,
1387 2442 1653 2484 abundantes
1699 2443 1888 2492 divitias,
1930 2443 2018 2486 for-

1132 2518 1245 2547 mam
1278 2506 1691 2558 praestantissimam,
1726 2506 1918 2547 favorem
1956 2508 2016 2548 ci-

1131 2569 1247 2609 vium
1288 2563 1562 2620 propensum,
1605 2581 1768 2609 summa
1817 2569 2022 2622 imperia,-

1132 2632 1373 2684 praecipuas
1393 2631 1604 2684 potentiae
1623 2631 1751 2681 vires,
1777 2629 2021 2685 flagrantis.

1131 2694 1533 2746 simumingenium.
1565 2694 1764 2735 Gebhard.
2021 2734 2026 2739 ,

1185 2759 1302 2798 More
1355 2756 1602 2807 Groecorum]
1657 2760 1816 2806 Amore,
1851 2756 2015 2798 Gifanii
2057 2804 2059 2806 ,

1132 2821 1296 2871 Codex,
1335 2820 1406 2873 qui
1438 2831 1546 2859 amor
1575 2819 1762 2859 amicitioe
1791 2819 1855 2860 M.
1873 2820 2016 2860 Tullio

1130 2885 1174 2924 in
1191 2884 1364 2924 Tuscul.
1382 2894 1447 2922 ιν.
1476 2882 1633 2931 dictus,
1650 2887 1700 2922 ut
1716 2881 1906 2934 explicat
1926 2881 2015 2924 An-

1130 2952 1220 2987 ton.
1259 2946 1421 2987 Muret.
1454 2946 1556 2986 Var.
1588 2946 1711 2986 Lect.
1741 2944 1816 2985 lib.
1855 2956 1933 2986 xv.
1970 2948 2014 2988 4.

1131 3010 1281 3051 Schott.
1354 3009 1612 3061 Ambiguum
1643 3020 1763 3049 sane
1808 3008 1887 3048 hoc
1929 3014 2021 3060 est..

1128 3073 1223 3114 Viri
1243 3072 1356 3114 enim
1374 3073 1420 3113 iu
1438 3085 1530 3124 rep.
1557 3072 1663 3113 clari
1697 3078 1786 3113 aut-
1804 3073 2014 3124 sapientia

1131 3138 1414 3191 doctrinaque
1450 3136 1630 3186 nobiles,
1668 3136 2018 3176 adolescentulos>

1133 3202 1243 3243 bono
1261 3202 1430 3255 ingenio
1463 3201 1667 3254 praeditos
1692 3200 1910 3250 amabant,
1928 3213 2012 3254 quo

1130 3277 1156 3304 a
1175 3261 1369 3317 turpibus
1404 3263 1556 3304 studiis
1587 3262 1704 3313 vitae,
1734 3274 1829 3302 cum
1859 3274 2014 3315 perpe·

1131 3333 1206 3369 tuo
1274 3327 1359 3368 illis
1411 3326 1624 3375 adessent,
1678 3325 2010 3368 abducerentur.

1130 3392 1267 3432 Erant
1276 3390 1405 3431 etiam
1421 3388 1564 3430 Graeci
1577 3386 1842 3441 παιδερωπί.
1863 3390 2013 3432 Quare

1129 3460 1176 3497 et
1207 3455 1410 3495 Socrates
1437 3458 1484 3493 et
1519 3451 1779 3494 Alcibiades
1795 3461 1882 3492 non
1901 3450 2012 3493 bene

1129 3517 1187 3562 ob
1212 3515 1259 3562 id
1278 3515 1551 3570 audiverunt.
1594 3515 1776 3561 Notum*
1798 3520 1882 3570 est,
1906 3514 2011 3570 quid
