2306 3900
278 286 386 341 582

278 417 577 460 casaubonum
610 416 665 458 ad
708 416 870 460 Athen.
908 429 973 461 vr.
1000 421 1068 460 10.
1120 424 1165 460 et

274 482 455 523 Salmas.
502 482 748 535 Prolegom.
794 482 838 523 in
883 482 1075 523 Solinum
1120 494 1162 523 v.

281 546 417 586 Boecl.

332 610 501 650 CAP.5.
532 608 770 664 Concinnus]
798 610 928 663 Cujus
944 608 1088 650 brevis
1100 621 1165 650 re-

276 673 449 724 sponsio
497 674 719 725 aptissime
757 680 1030 726 congrueret.
1096 674 1163 713 M.

273 735 450 781 Tullius
470 735 526 776 de
561 737 760 777 Finibus:
791 735 964 778 ‘Aristo
996 737 1166 778 concin-

273 811 356 839 nus
377 806 422 839 et
443 800 647 853 elegans?
677 800 877 842 Gebhard.

330 862 489 904 Habuit
542 864 842 905 obtrectatorem
885 864 1162 916 Meneclidem]

276 924 368 966 Alii
416 925 599 967 Codices
646 932 852 979 corrupte
901 928 1162 968 Menedidem·

278 990 407 1033 Quod
438 1002 493 1031 ex
526 990 832 1043 conjunctione
850 990 1071 1031 literarum
1104 991 1165 1031 in-

275 1054 540 1095 troductum.
607 1053 737 1106 Apud
777 1053 1058 1094 Plutarchum
1095 1058 1165 1094 est

274 1116 535 1165 Μενεκλείδης
552 1117 595 1157 in
615 1122 824 1168 praecept.
844 1116 1057 1169 politicis:
1088 1129 1163 1156 un·

273 1182 331 1221 de
348 1180 578 1234 legendum
594 1181 845 1221 Meneclides.
902 1180 1024 1220 Idem
1042 1192 1164 1221 error

271 1245 317 1286 in
337 1245 481 1285 multis
501 1244 595 1284 aliis
624 1256 678 1284 ex
710 1244 867 1296 injuria
893 1243 1163 1284 librariorum

270 1308 463 1360 irrepsit.
491 1308 690 1348 Kenchen.
749 1307 879 1348 Hunc
900 1308 1161 1348 Plutarchus

272 1377 577 1412 commemorat
595 1372 639 1410 in
653 1371 881 1423 Pelopida,
899 1383 1084 1425 eumque
1099 1371 1164 1412 di·

273 1435 337 1475 cit
355 1433 488 1475 fuisse
507 1433 728 1475 δεινότατον
737 1432 811 1485 μὲν
823 1433 973 1488 λέγειν,
989 1435 1162 1476 ἀκόλασ-

271 1511 341 1537 τον
357 1495 401 1537 δὲ
425 1496 490 1537 καὶ
508 1496 680 1546 κακοήθη
696 1496 766 1538 τὸν
795 1497 950 1551 τρόπον·
981 1500 1096 1553 quod
1116 1505 1162 1541 et

273 1560 444 1601 Probus
458 1561 565 1601 dicit
582 1560 697 1601 infra
712 1574 798 1602 non
811 1563 952 1615 longe.
978 1563 1160 1604 Lambin.

330 1625 512 1665 Indidem
533 1625 694 1677 Thebis]
720 1626 794 1666 Sic
815 1626 968 1667 Cicero
984 1638 1062 1679 pro
1081 1628 1163 1667 Ro-

273 1688 362 1730 scio
382 1683 613 1730 Amerino:
644 1690 657 1711 ‘
676 1689 937 1730 Indidemne
957 1688 1164 1730 Ameria?

273 1762 327 1791 an
347 1751 476 1791 hosce
494 1764 550 1792 ex
569 1751 677 1792 urbe
707 1751 880 1793 sicarios
898 1752 927 1792 ?'
982 1753 1165 1794 Indidem

277 1814 439 1867 Thebis]
475 1816 487 1839 ‘
506 1814 709 1856 Euclides
725 1815 991 1868 Socraticus,
1012 1817 1083 1868 qui
1102 1816 1164 1856 in-

272 1877 420 1920 didem
438 1879 628 1931 Megaris
645 1879 769 1932 erat‚’
788 1879 988 1934 Agellius
1005 1880 1081 1922 lib.
1097 1891 1161 1922 V1.

275 1950 342 1989 lo.
369 1948 574 2002 Keuohen.

326 2010 611 2053 Adversarium
634 2012 679 2052 in
696 2011 1010 2053 administranda
1027 2011 1163 2065 repub·

275 2074 375 2127 lica]
405 2075 670 2116 Adversarius
699 2075 894 2117 hocloco
923 2076 1164 2130 ἀντίτεχνος,

271 2138 342 2179 vel
361 2138 704 2188 ἀντιτασσόμενος.
759 2139 1019 2180 Plutarchus
1039 2140 1082 2179 in
1102 2139 1163 2181 A·

270 2199 443 2242 ristide.
499 2200 793 2242 Ἀντιπολιτεία
816 2208 885 2243 est
916 2203 1031 2255 apud
1062 2204 1162 2244 Plu-

273 2265 411 2305 tarch.
443 2265 486 2304 in
519 2266 627 2306 Caes.
682 2265 1088 2317 Ἀντιπολιτευόμενος
1117 2268 1162 2308 iu

272 2325 420 2367 Amat.
437 2332 600 2368 narrat.
629 2328 812 2370 Boecler.

327 2391 397 2431 Illi
410 2392 524 2442 genti
541 2393 629 2443 plus
642 2393 743 2433 inest
758 2393 922 2446 virium]
957 2393 1029 2435 Ob
1049 2407 1162 2436 cras-

277 2466 387 2507 sum,
421 2460 469 2496 ut
489 2456 654 2508 volunt,
672 2455 832 2498 aerem.
887 2458 1015 2500 Quod
1035 2466 1161 2500 notus

271 2505 451 2562 &oratii
485 2531 635 2560 versus
671 2519 835 2561 docet:
866 2521 1098 2563 ‘Boeotnm
1118 2522 1161 2562 in

272 2594 418 2623 crasso
429 2582 602 2635 jurares
621 2582 721 2624 aere
740 2583 915 2625 natum!
970 2585 1029 2626 Et
1055 2585 1161 2626 illud

271 2647 400 2688 Tullii
424 2647 468 2687 in
487 2648 516 2688 l.
536 2647 590 2687 de
618 2649 757 2689 Fato:
787 2647 1002 2690 ‘Athenis
1033 2655 1162 2692 tenue

275 2711 450 2762 coelum,
469 2723 525 2751 ex
559 2722 644 2764 quo
673 2711 806 2752 etiam
837 2713 1054 2754 acutiores
1086 2726 1162 2767 pu-

273 2780 425 2817 tantur
445 2773 610 2816 Attici:
645 2787 835 2816 crassum
866 2776 1051 2827 Thebis3
1080 2777 1163 2818 ita·

275 2850 359 2891 que
394 2838 574 2890 pingues
610 2838 803 2879 Thebani
845 2845 892 2880 et
936 2841 1162 2882 valentes!

271 2901 563 2941 Tertullianus
593 2902 646 2941 de
676 2903 844 2944 anima:
874 2905 1066 2945 ‘Thebis
1093 2906 1164 2947 he-

271 2964 397 3005 betes
426 2970 472 3004 et
508 2965 657 3006 brutos
694 2966 814 3006 nasci
847 2968 1029 3009 relatum
1067 2969 1164 3010 est.'

273 3028 491 3069 Pindarus
525 3030 639 3081 apud
670 3030 814 3071 Sti-ab.
847 3030 922 3070 lib.
942 3044 1023 3072 vu.
1043 3044 1086 3084 p.
1107 3045 1163 3072 m.

273 3095 369 3132 321.
407 3092 509 3132 olim
544 3104 681 3144 porcos
717 3092 817 3132 inde
855 3093 995 3134 dictos
1027 3100 1161 3135 notat.

273 3155 483 3196 Attamen
529 3155 863 3208 Epaminondas,
910 3157 1163 3210 Pelopidas,

272 3219 495 3270 Ismenias,
544 3219 700 3271 Cebes,
741 3219 973 3272 Pindarus,
1019 3233 1163 3262 omnes

273 3281 482 3331 Thebani,
497 3283 601 3322 satis
620 3282 830 3335 ingeniosi
851 3281 1037 3324 fuerunt.
1074 3284 1163 3324 Un-

274 3343 330 3384 de
361 3344 513 3396 liquet,
543 3353 708 3396 praeter
739 3346 893 3386 coelum
926 3351 971 3386 et
1006 3348 1161 3399 patriae

273 3407 477 3457 indolem,
497 3409 672 3459 siugulis
693 3415 890 3449 naturam
910 3409 1048 3450 adhuc
1065 3421 1163 3462 pro·

275 3471 416 3523 prium
437 3470 606 3522 aliquod
638 3483 849 3524 suumque
882 3473 1097 3523 ingenium
1117 3479 1163 3513 et

276 3533 456 3575 affectus
477 3534 602 3574 dare:
636 3533 695 3573 ita
728 3539 774 3574 ut
803 3534 887 3585 siut
908 3546 1062 3576 crassae
1086 3536 1161 3575 ali-

653 302 836 348 NOTAE
878 301 1213 343 vAmoRUM
1248 302 1320 344 ΙΝ
1362 306 1415 346 0.
1456 306 1719 348 NEPOTIS

1229 433 1322 474 quae
1342 420 1387 462 in
1407 423 1525 464 tenui
1543 423 1653 465 coelo
1681 426 1865 477 mentes,
1883 406 1938 465 'et
1955 425 2107 467 tenues

1226 484 1270 524 in
1290 497 1451 538 opaco:
1480 488 1593 541 quod
1609 487 1737 528 docte
1751 487 1987 540 exquirunt
2001 487 2109 528 Bar-

1227 549 1360 590 claius
1391 550 1512 592 Icon.
1539 552 1666 591 anim.
1698 562 1736 592 c.
1758 554 1823 590 10.
1853 550 2032 590 Salmas.
2052 550 2108 590 de

1228 624 1326 653 ann.
1347 613 1543 655 climact.
1562 626 1606 666 p.
1626 617 1722 655 722.
1779 612 1864 653 Sed
1890 617 1936 663 et
1954 611 2108 653 educa·

1228 677 1290 718 tio
1308 679 1483 718 multum
1500 680 1570 720 hic
1587 685 1748 732 potest.
1780 680 1892 722 Loco.

1283 741 1397 787 Quod
1414 742 1483 782 hos
1499 756 1523 782 a
1541 742 1637 782 bello
1650 742 1804 794 avocas]
1845 742 1993 783 Editio
2023 741 2110 784 Pa-

1226 802 1414 858 risiensis
1429 810 1475 845 et
1487 806 1791 858 scripti,evocas
1800 819 1814 847 .·
1838 818 1926 846 non
1938 818 2111 859 sequor.

1227 866 1380 907 Schott.
1681 896 1683 900 ,

1284 931 1373 970 Otii
1389 931 1544 971 nomine
1555 930 1783 972 servitutem
1799 930 2000 984 concilias]
2026 933 2111 974 Pa·

1228 991 1289 1032 cis
1302 991 1410 1033 falso
1425 993 1595 1033 nomine
1611 994 1728 1034 cives
1742 999 1836 1036 tuos
1851 994 1992 1035 alieno
2002 995 2110 1048 jugo

1227 1068 1279 1096 ac
1312 1056 1594 1098 dominationi
1634 1057 1827 1111 subjicis.
1885 1059 2038 1099 Cicero
2066 1059 2111 1099 in

1225 1117 1330 1161 Ant.
1358 1120 1494 1160 ‘Cum
1526 1121 1591 1161 his
1627 1120 1744 1162 tacta
1776 1133 1878 1173 pax,
1911 1133 1996 1166 non
2027 1121 2112 1162 erit

1227 1194 1329 1235 pax,
1368 1183 1446 1223 sed
1484 1184 1631 1237 pactio
1668 1183 1918 1226 servitutis!
1989 1184 2112 1226 Infra

1224 1247 1523 1288 Timoleonte:
1552 1248 1564 1271 ‘
1585 1248 1778 1288 Maximo
1808 1249 1920 1289 bello
1940 1253 2111 1290 tantum

1225 1311 1359 1351 otium
1373 1311 1455 1352 toti
1472 1311 1623 1353 insulae
1638 1312 1915 1354 conciliavit:
1945 1312 2112 1354 Hamil·

1226 1386 1350 1415 care:
1394 1375 1530 1416 ‘Tota
1574 1374 1725 1416 Africa
1772 1381 1939 1416 tantum
1974 1374 2111 1417 otium

1224 1436 1447 1480 reddidit!
1504 1440 1664 1480 Caesar.
1682 1439 1808 1480 Civil.
1827 1439 1901 1481 lib.
1918 1449 1951 1480 1.
1969 1444 2009 1480 5.
2034 1441 2047 1462 ‘
2063 1439 2112 1480 Si

1225 1515 1308 1555 qua
1327 1503 1544 1544 hominum
1564 1503 1771 1556 aequitate
1799 1515 1866 1543 res
1895 1502 1950 1543 ad
1974 1502 2113 1551 otium

1225 1566 1382 1608 deduci
1418 1566 1596 1619 posset.'
1656 1567 1782 1608 Civil.
1830 1566 1906 1607 lib.
1947 1577 1999 1608 n.
2042 1570 2112 1609 86.

1225 1630 1359 1670 ‘Erat
1391 1630 1437 1670 iu
1466 1629 1628 1682 oppido
1655 1628 1888 1670 multitudo
1923 1629 2112 1670 insolens

1226 1692 1348 1743 belli,
1366 1692 1656 1733 diuturnitate
1671 1692 1778 1732 otii.’
1817 1692 1916 1733 Val.
1929 1691 2112 1733 Maxim.

1227 1756 1300 1797 lib.
1314 1767 1399 1796 vu.
1418 1759 1458 1798 7.
1486 1757 1498 1778 ‘
1519 1755 1755 1808 Postquam
1772 1754 1928 1796 deinde
1943 1755 2112 1809 Diony-

1226 1820 1333 1861 sium
1370 1818 1544 1859 inimica
1577 1818 1884 1872 Syracusarum
1921 1817 2115 1860 libertati

1227 1882 1530 1936 capitibusque
1565 1882 1797 1923 insontium
1833 1880 1994 1922 infesta
2028 1880 2116 1924 for-

1227 1954 1332 1988 tuna
1344 1947 1510 1989 caelesti
1528 1946 1725 1988 custodia
1736 1946 1983 1997 liberatum,
1992 1941 2114 1988 velut

1225 2010 1384 2052 fulmen
1404 2009 1577 2064 aliquod
1609 2010 1699 2052 otio
1730 2022 1780 2050 ac
1810 2009 2114 2063 tranquillitati

1225 2073 1405 2129 injecit.’
1434 2074 1578 2116 Tacit.
1597 2072 1712 2115 Ann.
1729 2073 1802 2114 lib.
1823 2083 1900 2114 xv.
1919 2076 1962 2114 6.
1990 2073 2004 2097 ‘
2023 2072 2113 2114 Cur

1225 2140 1398 2182 deserta
1417 2151 1497 2193 per
1516 2139 1669 2192 otium,
1697 2151 1794 2193 quse
1820 2139 1938 2180 bello
1967 2138 2115 2180 defen-

1224 2203 1382 2244 derant
1396 2203 1426 2243 ?'
1481 2202 1643 2246 sustin.
1673 2202 1750 2243 lib.
1779 2214 1840 2243 vl.
1860 2205 1902 2243 9.
1959 2202 2115 2244 ‘Inter

1225 2266 1316 2306 otia
1344 2266 1596 2307 Graecorum
1628 2264 1847 2305 sordidum
1881 2268 1928 2305 et
1961 2264 2114 2306 obscu-

1225 2340 1317 2368 rum
1349 2333 1451 2368 ante
1483 2327 1773 2368 Macedonum
1803 2339 1956 2367 nomen
1974 2339 2113 2368 emer-

1225 2393 1308 2434 sit!
1362 2392 1516 2434 Cicero
1529 2392 1695 2431 Bruto:
1725 2390 1738 2414 ‘
1755 2390 2018 2444 Eloquentia
2036 2403 2111 2443 pa·

1225 2458 1287 2498 cis
1303 2462 1370 2498 est
1384 2469 1544 2507 comes,
1559 2455 1721 2508 otiique
1736 2452 1883 2495 socia?
1909 2453 2110 2495 Gebhard.

1279 2522 1389 2562 Nam
1421 2521 1583 2573 paritur
1613 2530 1698 2571 pax
1732 2517 1850 2570 beuo]
1898 2517 2112 2558 Corinthii

1225 2584 1341 2637 apud
1365 2582 1558 2637 Thucyd.
1585 2582 1661 2622 lib.
1690 2593 1724 2622 1.
1752 2580 1821 2621 Ἐκ
1848 2578 2025 2631 πολέμου
2040 2579 2114 2630 μὲν

1223 2646 1302 2700 γὰρ
1325 2645 1454 2700 εἰρήνη
1480 2647 1638 2697 μᾶλλον
1662 2646 1906 2697 βεβαιοῦται,
1929 2644 1997 2696 ἀφ’
2021 2643 2114 2693 ἡσυ-

1225 2709 1316 2763 χίας
1334 2709 1376 2751 δὲ
1392 2710 1448 2761 μὴ
1464 2711 1700 2762 πολεμῆσαι,
1716 2709 1803 2760 οὐχ
1818 2707 1956 2759 ὁμοίως
1967 2707 2117 2751 ἀκίνδυ-

1226 2790 1307 2818 νον.
1336 2776 1514 2816 Boecler.
1552 2773 1813 2815 Aristoteles
1830 2773 1964 2814 Polit.
1981 2773 2012 2813 1.
2027 2783 2112 2813 vn.

1229 2844 1296 2882 14.
1325 2839 1505 2889 Πόλεμον
1516 2836 1589 2888 μὲν
1606 2836 1755 2890 εἰρήνης
1771 2834 1902 2889 χάριν.
1958 2835 2112 2876 Cicero

1227 2904 1281 2944 de
1311 2902 1507 2945 Officiis:
1537 2906 1548 2926 ‘
1566 2901 1734 2941 Bellum
1754 2900 1816 2939 ita
1838 2897 2116 2949 suscipiatur,

1227 2972 1276 3006 ut
1307 2965 1414 3005 nihil
1453 2963 1570 3004 aliud
1600 2962 1681 3003 nisi
1713 2974 1799 3014 pax
1833 2961 2021 3014 quaesita
2051 2959 2111 3000 vi·

1228 3027 1429 3071 deaturl‘
1447 3027 1648 3067 Gebhard.

1284 3093 1417 3138 Quare
1435 3093 1470 3132 si
1488 3090 1699 3141 Principes
1720 3088 1890 3129 Graeciae
1921 3101 2000 3129 esse
2026 3090 2112 3130 vul-

1225 3155 1294 3205 tis,
1324 3154 1469 3195 castris
1488 3157 1545 3194 est
1579 3152 1686 3192 vobis
1714 3153 1912 3203 utendum,
1940 3164 2017 3192 non
2042 3164 2112 3204 pa-

1225 3218 1378 3269 laestra]
1410 3218 1507 3258 Non
1527 3215 1712 3256 alienum
1742 3229 1767 3254 a
1794 3214 2020 3266 disciplina
2037 3214 2113 3254 mi-

1224 3283 1357 3334 litari,
1396 3280 1509 3334 quod
1548 3279 1662 3333 apud
1697 3279 1896 3318 Tacitum
1930 3277 2111 3330 Sejanus

1226 3345 1447 3399 produxit,
1473 3350 1522 3385 ut
1548 3344 1743 3384 nimirum
1766 3342 1922 3382 vallum
1949 3346 2111 3382 statue-

1226 3416 1346 3451 retur
1365 3408 1512 3462 procul
1534 3406 1650 3447 urbis
1670 3404 1900 3445 illecebris.
1946 3405 2004 3445 Et
2015 3405 2109 3445 haec

1226 3472 1351 3524 ratio,
1380 3483 1457 3512 cur
1487 3469 1725 3521 antiquitus
1753 3466 1909 3506 milites
1943 3467 1998 3507 ad
2024 3479 2119 3508 ma·>

1225 3535 1425 3576 trimonia
1458 3545 1541 3574 non
1569 3532 1742 3573 fuerunt
1762 3530 1947 3579 admissi,
1966 3543 2111 3586 quem·
