2306 3900
587 291 788 334 xxrn.
850 289 1299 346 HANNIBALEM,
1338 292 1477 337 cAP.
1512 279 1612 336 12..

180 418 320 458 totam·
354 414 532 458 classem
576 413 797 468 sperabat.
869 415 1060 457 Caeteras

178 492 282 523 vero
309 480 485 523 nolebat
501 478 674 531 adoriri,
700 480 803 533 quia
818 479 1060 533 superiores

178 550 323 598 erant,
352 550 399 587 et
428 557 483 586 ne
513 545 679 586 illarum
708 556 830 586 mora
845 545 1059 586 Eumenes

176 609 366 662 spatium
400 608 637 663 effugiendi
667 609 862 651 nancisci
896 613 1060 663 posset.

230 738 342 780 Gn».
358 741 424 780 11.
468 739 570 779 cm
602 740 765 780 caduceo
794 737 940 790 mittit]
975 738 1060 779 Ta·

171 800 397 843 bellas-inm
413 813 510 843 cum
521 802 731 856 caduceo,
741 802 787 843 id
804 808 885 856 est,
897 801 1057 855 κήρυκα.

173 866 289 908 Nam
352 867 562 907 caduceum
619 868 845 920 appellant
901 868 1060 919 Latini,

173 929 288 983 quod
306 932 506 983 κηρυκεῖον
533 931 705 982 Graeci3
737 936 987 984 converso‘p
1012 931 1059 972 in

170 994 215 1034 d.
270 993 373 1034 Nisi
399 995 532 1035 etiam
552 995 707 1036 Latine
737 994 824 1036 dici
856 1000 904 1037 et
929 994 1059 1036 scribi

171 1056 308 1099 debet
322 1070 537 1100 ameum.
573 1057 703 1102 Quod
722 1058 864 1100 doctis
884 1058 1060 1113 quibus·

171 1121 274 1163 dam
302 1122 492 1164 videtur.
534 1121 678 1163 Lamb.
730 1122 858 1163 Unde
877 1122 1059 1163 caducei

169 1186 292 1239 origo
305 1185 448 1227 disces
466 1198 522 1227 ex
537 1186 681 1226 Plinio
695 1196 824 1227 xxix.
838 1189 878 1227 3.
905 1186 1058 1227 Servio

170 1248 228 1289 ad
244 1249 416 1290 AEneid.
434 1261 500 1291 ιν.
517 1254 563 1291 et
581 1261 684 1290 vm.
714 1249 897 1290 Grotius.

221 1312 290 1355 Aa
302 1314 550 1355 &ridendum
571 1312 688 1365 eum]
700 1314 882 1355 Licebat
897 1314 1059 1367 dicere,

166 1376 221 1417 ad
243 1388 287 1418 se
309 1377 568 1418 invadendam.
623 1378 697 1418 Sic
732 1390 864 1430 supra
891 1379 1058 1419 nonita

167 1439 297 1492 longe
342 1440 488 1482 dixit:
541 1440 555 1462 ‘
590 1440 799 1493 Gortynii
846 1442 1056 1494 templum

164 1514 324 1556 magna
354 1515 460 1545 cura
494 1504 761 1556 custodiunt,
792 1516 879 1546 non
909 1509 1001 1545 tam
1030 1518 1056 1545 a

166 1567 354 1620 caeteris,
368 1579 498 1621 quam
511 1568 566 1609 ab
580 1567 828 1608 Hannibale
841 1581 854 1619 ;
880 1579 936 1609 ne
949 1567 1055 1621 quid

163 1630 238 1672 ille
255 1630 536 1672 inscientibus
563 1630 648 1672 illis
668 1631 876 1673 tolleret?
931 1633 1056 1673 Lice·

163 1692 242 1735 bat
256 1693 370 1734 enim
388 1693 453 1735 ita
469 1694 618 1748 loqui:
648 1696 715 1736 Ne
732 1695 827 1748 quid
852 1695 918 1737 ille
933 1708 974 1737 se
991 1697 1054 1737 in·

162 1757 382 1799 scientibus
393 1759 564 1799 tolleret.
594 1759 748 1800 Lamb.

217 1823 378 1875 Puppes
391 1822 639 1874 averterunt]
666 1822 766 1864 Hoc
782 1828 864 1876 est,
879 1822 1055 1877 πρύμναν

164 1884 413 1938 eumaeum-o.
467 1886 587 1926 Male
617 1886 847 1928 Lambinus
874 1889 1053 1930 adverte·

162 1954 279 1993 ποιᾶς
312 1951 436 2006 quasi
453 1963 594 2004 prorae
613 1951 757 2004 potius
786 1951 873 1993 sint
904 1952 1054 1994 adver-

162 2014 309 2056 teudae
354 2014 640 2067 fugientibus,
686 2025 814 2068 quam
865 2027 1053 2068 puppes.

166 2078 403 2120 Gronovius.
472 2078 679 2120 Meminit
704 2075 948 2119 Schefferus
983 2078 1053 2120 De

161 2142 326 2185 Militia
344 2142 518 2194 Navali,
537 2153 608 2184 ur.
621 2145 662 2184 4.

215 2206 288 2249 Sic
302 2206 509 2248 Hannibal
525 2205 705 2258 consilio]
724 2205 1047 2260 Στρατηγῇμωτι.

161 2270 243 2312 Est
261 2270 375 2312 enim
394 2283 480 2312 vox
497 2270 651 2312 media.
682 2270 801 2312 Hinc
820 2274 833 2295 ‘
846 2272 1051 2313 callidum

161 2333 419 2388 consilium,’
446 2339 496 2375 ut
513 2333 636 2376 dolus
655 2334 791 2376 bonus
823 2347 875 2377 ac
899 2337 1054 2389 malus,

160 2397 351 2453 artum,
372 2398 673 2452 pharmacum,
703 2398 923 2440 valetudo.
977 2399 1052 2441 Sic

160 2462 327 2505 Graecis
345 2461 528 2516 φρόνησις
541 2467 589 2504 et
606 2459 750 2511 βουλή.
775 2461 930 2504 Schott.

214 2527 329 2568 Car.
349 2530 416 2568 12.
441 2526 493 2568 L.
515 2526 750 2573 Quinctium
763 2524 1052 2580 flamininum]

160 2589 251 2631 Alii
277 2590 536 2632 Flaminium.
606 2589 733 2630 Idem
766 2599 897 2642 supra
931 2594 1053 2630 nota·

159 2658 268 2695 tum.
303 2654 425 2706 Lege
438 2653 573 2694 Titum
593 2652 838 2705 Qtductium,
858 2664 945 2694 non
963 2653 1050 2694 Lu·

158 2718 281 2759 cium.
347 2716 422 2758 Ita
454 2716 623 2768 Livius,
658 2715 828 2758 Plinius
864 2716 920 2757 de
954 2715 1049 2758 Vir.

159 2780 326 2822 Illustr.
393 2779 654 2821 Plutarchus
705 2791 787 2833 pro
849 2779 1051 2834 Quinctio,

163 2844 358 2890 Quintum
391 2843 507 2884 habet
519 2857 535 2892 ,-
582 2855 831 2896 praenomen
870 2843 1050 2896 scilicet,

159 2919 243 2960 pro
259 2907 445 2950 noniine.
484 2906 612 2950 Quod
631 2906 902 2948 librariorum
920 2907 1052 2960 culpa

159 2969 325 3013 factum
344 2970 547 3011 arbitror.
576 2970 696 3022 Mag.

215 3034 488 3086 Consularem]
505 3034 698 3087 Vulgati,
716 3034 935 3075 Consulem.
960 3033 1050 3075 Sed

158 3094 298 3138 editio
317 3097 530 3149 Parisina,
547 3097 816 3138 Consularem.
873 3096 956 3138 Cui
975 3096 1047 3138 ad·

161 3159 338 3201 sentior.
365 3159 568 3200 Keuchen.
626 3161 788 3202 Consiss
819 3159 903 3202 fuit
931 3160 1048 3202 bello

159 3222 427 3275 Philippico,
462 3222 578 3276 quod
618 3221 703 3263 fuit
748 3223 862 3268 bello
898 3222 1051 3265 Antio-

161 3286 299 3328 cheno
316 3286 529 3339 superius.
555 3286 739 3328 Lambin.

229 3349 283 3390 In
320 3349 383 3389 his
419 3347 707 3401 Flamininum]
750 3348 965 3390 Luciumue
992 3362 1049 3392 an

168 3410 335 3455 mum?
388 3413 537 3454 Titum
561 3412 726 3467 opinor,
755 3412 883 3467 idve
902 3418 1050 3455 aucto-

164 3485 258 3516 rem
285 3475 454 3518 Livium
486 3482 678 3519 secutus.
731 3477 804 3519 Sic
823 3476 939 3518 enim
975 3478 1049 3519 ille

166 3537 281 3580 Anu.
301 3548 465 3584 xxxrx.
489 3541 502 3566 ‘
516 3538 587 3583 Ad
602 3540 804 3583 Prusiam
822 3551 969 3594 regem
989 3541 1050 3582 le·

1901 283 2012 341 665

1124 420 1248 468 gatus
1281 417 1330 458 Τ.
1348 417 1547 460 Quintius
1579 414 1843 460 Flamininus
1876 418 2013 471 venit,

1123 493 1250 534 quem
1268 488 1515 534 suspectum
1544 482 1763 534 Romanis,
1795 487 1842 523 et
1861 494 2010 536 recep·

1124 548 1193 585 tus
1213 550 1313 597 post
1327 544 1474 597 fugam
1487 543 1693 586 Antiochi
1710 545 1946 599 Hannibal,
1960 552 2008 590 et

1122 606 1283 648 bellum
1314 607 1519 650 adversus
1562 610 1798 651 Eumenem
1842 614 2010 652 motum

1120 669 1340 712 faciebat.'
1365 671 1494 714 Idem.
1945 710 1948 714 .

1176 733 1262 774 His
1279 734 1451 776 Prusias
1465 747 1609 787 negare
1621 749 1739 778 ausus
1749 750 1826 778 mm
1842 737 1920 790 est]
1938 738 2010 779 Ne

1121 796 1178 839 ob
1196 797 1424 851 perfugam
1442 797 1670 840 defensum
1700 801 1744 840 in
1779 801 2008 842 discrimen

1121 873 1335 902 armorum
1353 862 1639 903 Romanorum
1654 864 1841 904 veniret·
1867 865 2009 905 Varro

1119 923 1205 978 περὶ
1224 925 1420 976 ἐξαγωγῆς
1438 925 1554 978 apud
1567 925 1608 966 N
1613 926 1784 968 onium:
1812 926 1824 949 ‘
1838 927 2010 970 Quaerit

1120 989 1279 1031 ibidem
1299 990 1354 1030 ab
1377 988 1606 1044 Annibale,
1635 1002 1713 1031 cur
1740 990 1902 1032 biberit
1919 1003 2011 1032 me·

1121 1055 1424 1098 dicamentum.
1480 1057 1596 1099 Quia
1614 1056 1836 1110 Romanis,
1853 1058 2009 1111 iuquit,

1122 1119 1358 1162 Prusiades
1388 1133 1457 1162 me
1482 1121 1654 1163 tradere
1671 1121 1872 1166 volebat.'
1905 1121 2011 1164 Geb-

1119 1185 1236 1227 hard.
1252 1187 1444 1227 Bernecc.

1177 1251 1490 1297 Quod-adversus
1496 1249 1569 1306 ,jus
1585 1250 1750 1303 hospitii
1764 1250 1881 1303 esset]
1908 1249 2009 1291 Hoc

1120 1321 1217 1356 erat
1248 1313 1496 1366 ἀφοσιώσεως
1527 1312 1658 1367 χάριν,
1691 1313 1738 1354 id
1770 1319 1854 1365 est,
1899 1313 2010 1355 dicis

1119 1389 1264 1429 causa,
1285 1378 1360 1430 jus
1379 1377 1555 1430 hospitii
1573 1389 1762 1418 servare.
1824 1378 1939 1418 Nam
1970 1377 2011 1418 si

1118 1442 1295 1482 Prusias
1311 1453 1466 1482 revera
1483 1441 1589 1482 nihil
1605 1440 1660 1482 ad
1667 1452 1811 1481 versus
1824 1440 1900 1492 jus
1912 1440 2011 1481 hos-

1118 1504 1220 1558 pitii
1236 1502 1381 1546 facere
1399 1504 1550 1557 vellet,
1567 1503 1859 1544 Hannibalem
1876 1503 2011 1543 omni-

1118 1570 1198 1612 bus
1216 1569 1356 1610 modis
1388 1568 1503 1610 tueri
1530 1572 1578 1610 et
1602 1566 1842 1608 defendere
1873 1566 2011 1608 debe-

1118 1632 1208 1675 bat.
1237 1632 1336 1675 Nisi
1349 1631 1467 1673 forte
1482 1631 1576 1685 quis
1592 1630 1727 1683 dieat,
1740 1630 1941 1671 Prusiam
1953 1641 2009 1671 eo

1116 1698 1222 1739 nihil
1241 1704 1394 1739 contra
1411 1696 1488 1750 jus
1514 1695 1694 1748 hospitii
1726 1695 2008 1747 commisisse,

1117 1760 1234 1815 quod
1264 1759 1572 1814 Hannibalem,
1598 1763 1807 1813 quantum
1833 1759 1879 1799 in
1910 1758 2009 1812 ipso

1115 1823 1268 1876 fuerit,
1299 1823 1573 1866 defenderit:
1613 1824 1903 1864 Romanorum
1932 1835 2008 1864 au⁴

1115 1894 1206 1931 tem
1224 1900 1322 1930 eum
1347 1888 1679 1942 exposcentium
1698 1888 1853 1941 opibus
1872 1887 2009 1929 obsis·

1115 1956 1212 1994 tere
1248 1964 1335 1993 non
1377 1952 1586 2004 potuisse.
1655 1951 1743 1992 Sed
1781 1964 1869 1993 non
1906 1963 2008 1993 con·

1116 2020 1276 2070 gruunt
1293 2016 1410 2056 inter
1428 2027 1476 2056 se
1495 2015 1664 2056 Probus
1680 2019 1727 2056 et
1741 2015 1904 2056 Livius.
1932 2015 2009 2056 Sic

1113 2082 1230 2123 enim
1265 2080 1414 2122 Livius
1446 2090 1614 2122 xxxrx.
1646 2083 1717 2122 61.
1775 2080 1789 2104 ‘
1811 2079 1899 2132 Ibi,
1930 2091 2008 2121 seu

1114 2145 1218 2200 quia
1235 2157 1262 2186 a
1280 2144 1523 2186 Flaminino
1541 2144 1657 2185 inter
1675 2148 1837 2185 coetera
1860 2143 2007 2196 objec-

1114 2213 1208 2250 tum
1226 2206 1397 2251 Prusiae
1424 2212 1537 2259 erat,
1566 2205 1783 2248 hominem
1802 2206 2007 2260 omnium,

1114 2272 1190 2326 qui
1220 2270 1436 2323 viverent,
1470 2268 1798 2311 infestissimum
1833 2269 1887 2310 P.
1918 2270 2006 2312 Ro-

1113 2346 1258 2388 mano,
1302 2333 1420 2388 apud
1464 2345 1562 2374 eum
1596 2345 1692 2375 esse
1739 2332 1813 2387 qui
1847 2333 2004 2387 patriai

1113 2411 1204 2441 suae
1223 2398 1426 2452 primum,
1443 2397 1618 2451 deinde,
1631 2395 1783 2439 fractis
1802 2397 1897 2450 ejus
1910 2397 2005 2452 'opi-

1112 2461 1211 2516 bus,
1237 2461 1456 2504 Antiocho
1475 2462 1585 2515 regi,
1613 2466 1767 2503 auctor
1796 2461 1904 2503 belli
1928 2462 2005 2503 ad-

1113 2538 1264 2569 versus
1311 2527 1369 2568 P.
1417 2527 1659 2568 Romanum
1702 2524 1887 2576 fuisset3
1924 2536 2002 2567 seu

1111 2589 1214 2644 quia
1238 2590 1335 2643 ipse
1367 2588 1564 2641 Prusias,
1597 2593 1648 2629 ut
1674 2587 2003 2640 gratificaretur

1112 2652 1320 2706 praesenti
1337 2651 1579 2693 Flaminino
1594 2650 1904 2705 Romanisque,
1918 2663 2002 2704 per

1113 2729 1162 2758 se
1190 2715 1373 2758 necandi
1391 2720 1468 2757 aut
1489 2714 1689 2757 tradendi
1720 2715 1813 2768 ejus
1843 2715 1890 2756 in
1921 2726 2002 2768 po-

1112 2785 1320 2822 testatem
1355 2778 1579 2821 cousilium
1613 2778 1761 2831 cepit3
1799 2790 1826 2820 a
1860 2778 2000 2831 primo

1112 2843 1327 2897 colloquio
1363 2841 1605 2893 Flaminini,
1637 2841 1798 2882 milites
1835 2846 2006 2884 extem·

1111 2907 1185 2960 plo
1234 2906 1288 2947 ad
1338 2903 1510 2946 domum
1554 2903 1814 2946 Hannibalis
1860 2910 2002 2947 custo·
2042 2907 2056 2921 ’Χ

1111 2969 1315 3010 diendam
1341 2968 1460 3009 missi
1489 2971 1607 3009 sunt.
1658 2967 1840 3020 Semper
1865 2968 1999 3010 talem

1110 3032 1280 3075 exitum
1297 3031 1402 3073 vitae
1428 3043 1518 3072 suae
1547 3031 1767 3072 Hannibal
1799 3043 2000 3085 prospex-

1110 3101 1207 3138 erat
1235 3096 1393 3148 animo,
1425 3099 1473 3136 et
1496 3096 1784 3136 Romanorum
1803 3095 1999 3146 inexple-

1110 3160 1198 3201 bile
1213 3160 1359 3202 odium
1378 3160 1423 3201 in
1442 3170 1488 3199 se
1519 3169 1715 3206 cernens,
1744 3162 1791 3197 et
1809 3156 1912 3197 fidei
1930 3168 1997 3198 re·

1111 3236 1212 3277 gum
1226 3223 1331 3264 nihil
1347 3234 1449 3263 sane
1464 3219 1660 3263 confisus.
1700 3219 1872 3260 Prusiae
1890 3231 1995 3262 vero

1108 3287 1333 3328 levitatem
1354 3285 1483 3326 etiam
1509 3287 1720 3335 expertus
1745 3287 1866 3324 erat:
1898 3283 1999 3324 Fla·

1109 3349 1256 3391 minini
1276 3359 1446 3403 qnoque
1462 3346 1714 3399 adventum,
1744 3348 1864 3389 velut
1880 3346 1996 3390 fata-

1110 3414 1194 3454 lem
1215 3412 1312 3465 sibi,
1326 3409 1580 3453 borruerat.'
1607 3409 1791 3452 Lambini.

1169 3476 1226 3518 Ut
1266 3475 1311 3516 in
1345 3473 1524 3515 omnibus
1561 3472 1764 3527 portibus]
1820 3474 1993 3517 Livius:

1110 3538 1125 3562 ⁴
1143 3536 1212 3579 Ad
1243 3537 1386 3580 omnia
1416 3536 1604 3591 undique
1634 3536 1806 3592 infesta,
1843 3543 1892 3581 ut
1910 3539 1995 3579 iter
