2306 3900
760 268 978 308 RERUM
1022 268 1099 309 ΕΤ
1144 268 1431 308 VERBORU
1446 269 1509 308 M.

232 390 388 445 stingui
407 391 540 444 coepit.
567 392 646 431 vid.
675 390 819 432 Merul.
849 393 889 431 in
907 393 1075 446 Hispan.

243 446 363 493 Joan.
390 445 687 489 Gerundensem
715 445 886 497 Paralip.
906 447 1075 498 Hispan.

187 528 192 532 «
245 500 274 539 l.
305 504 345 541 1.
389 506 432 540 et
468 499 642 541 Cluverii
675 499 929 541 introductio.
967 501 1075 541 Geo-

198 592 201 594 .
247 555 384 606 graph.
402 553 471 593 lib.
501 558 662 605 2.‚cap.
693 557 734 593 3.
777 554 845 605 qui
882 555 1075 594 veteribus

212 644 219 650 ,
246 613 436 647 annotata
454 606 679 660 collegere).
715 606 919 659 Hispaniae
939 615 1075 661 gentes

246 662 296 700 ab
313 660 538 701 Hannibale
558 662 731 700 subactae
759 661 867 708 xxiii,
887 665 911 701 3

193 713 379 754 Histiaeus
399 713 638 762 Milesiusi,
658 718 682 755 3

193 766 367 808 Historia
394 774 436 808 et
453 768 546 815 vita,
577 782 674 821 opp.
702 768 780 814 xvi,
802 773 824 809 1
872 766 970 821 (Illa
1000 776 1074 816 est,

245 821 407 875 scriptio
444 822 604 875 publico
641 823 746 863 actui
787 835 912 862 rerum
950 822 1077 875 aptior

245 877 415 930 ideoque
460 876 710 926 instructior;
756 877 857 924 haec,
894 876 1076 929 privatim

246 931 383 970 morib.
398 931 530 978 servit,
549 931 719 983 ideoque
737 930 960 982 simplicior.
981 931 1076 970 Plu-

247 986 403 1025 tarchus
421 984 634 1024 Alexandri
654 984 846 1037 principio
865 999 875 1023 ε
895 985 986 1024 οὔτε
999 999 1028 1036 7

198 1078 200 1080 .
246 1038 418 1092 ἱστσρίας
443 1037 657 1091 γράφομεν,
676 1038 784 1079 ἀλλὰ
800 1036 921 1084 βίους.
940 1038 1048 1078 Boec
1067 1065 1078 1076 .

245 1093 350 1134 adde
361 1093 449 1145 ejus
462 1093 621 1135 Librum
641 1093 885 1145 Comment.)
916 1092 1078 1132 historia

246 1153 432 1188 contexta
449 1152 667 1198 temporum
699 1146 817 1200 (opp.
849 1146 992 1198 sparsis
1009 1159 1078 1199 per

246 1200 374 1253 Epist.
389 1199 694 1252 narrationibus)
722 1213 810 1248 xxv,
832 1204 884 1241 16
924 1200 1078 1239 histori-

247 1268 310 1294 am
324 1291 327 1295 ,
339 1261 558 1307 temporum
590 1255 836 1306 quorundam
860 1254 1079 1306 relinquere

195 1348 198 1349 ⁷
248 1309 338 1362 ii,9
382 1309 552 1348 historiae
584 1309 747 1350 Catonis
775 1308 878 1353 xxiv,
905 1311 928 1348 3
957 1308 1078 1347 histo-

246 1362 335 1403 ricis
372 1362 495 1415 magis
527 1375 644 1414 quam
682 1362 800 1414 vulgo
837 1367 952 1400 notus
999 1363 1079 1408 xvi,

250 1420 272 1457 1
315 1417 392 1471 (sic
427 1416 515 1455 libri
543 1416 720 1468 vulgati3
767 1416 835 1454 sed
855 1427 927 1454 nos
953 1416 1080 1455 edidi·

249 1483 336 1514 mus
366 1469 651 1521 &histor-icis).
698 1469 858 1508 historia
876 1469 968 1508 olim
1000 1482 1080 1508 non

250 1524 326 1565 nisi
361 1525 412 1564 ab
455 1522 728 1564 honestissimo
764 1535 923 1575 quoque
965 1523 1079 1563 scribi

250 1578 379 1625 solita,
398 1577 462 1618 Fr.
478 1583 507 1619 6

194 1628 414 1672 Historicus
459 1633 513 1679 ix,
541 1637 581 1672 5.
627 1646 666 1679 x,
703 1635 728 1671 3
775 1630 980 1670 historicus
1011 1631 1080 1683 qui

191 1716 198 1720 .
249 1687 350 1727 vitas
363 1686 510 1733 scribit,
527 1699 606 1739 qua
621 1690 751 1725 utatur
765 1685 965 1731 methodo,
982 1697 1080 1736 quo-

247 1754 328 1794 que
345 1740 564 1793 scriptionis
582 1740 760 1779 instituto
778 1752 842 1786 xv,
858 1742 879 1779 1
910 1739 1079 1791 (confer,

250 1793 391 1847 Praef.)
418 1807 505 1847 ejus
522 1807 615 1834 cura
633 1794 673 1833 in
692 1793 919 1832 instruendo
935 1792 1080 1832 lectore
1135 1831 1137 1834 .

249 1849 520 1901 servandeque
551 1847 773 1900 scriptionis
794 1847 910 1885 modo
954 1847 1034 1894 xvi,
1055 1851 1076 1886 1

248 1902 292 1942 in
307 1902 495 1943 brevitate
521 1902 603 1949 xiii,
615 1906 643 1944 4
669 1902 711 1940 in
729 1900 901 1941 eruendo
917 1900 1080 1945 obscura

220 1963 223 1966 ’
251 1962 293 1996 et
308 1956 558 2010 explanando
586 1956 666 2002 xiv,
693 1959 716 1996 1
760 1955 802 1993 in
837 1955 1079 2001 observando

250 2010 516 2052 memorabilia
545 2023 610 2057 xv,
630 2014 682 2053 10
728 2009 825 2048 nihil
844 2007 1079 2055 omittendo,

250 2066 359 2118 quod
388 2065 438 2104 ad
457 2077 621 2116 scopum
648 2063 817 2116 pertinet
843 2076 908 2109 xv,
925 2066 948 2102 1
995 2062 1082 2115 ejus

250 2119 382 2160 cautio
427 2119 470 2158 in
514 2117 673 2158 delectu
718 2117 821 2157 circa
865 2117 1082 2157 dissensum

251 2173 480 2225 scriptorum
507 2172 562 2219 vi,
583 2176 621 2213 1.
659 2171 728 2218 vii,
747 2175 793 2212 2.
824 2171 879 2217 ix,
898 2174 939 2210 5.
979 2170 1022 2218 ii,
1041 2175 1082 2212 9.

253 2230 306 2268 10
351 2226 548 2280 (adeam
579 2224 904 2271 mentemLivius
930 2223 1023 2272 xxii,
1042 2229 1082 2265 7.

250 2285 263 2303 ‘
274 2278 467 2327 Fabium,'
480 2279 638 2332 inquit,‘
646 2278 835 2331 aequalem
845 2279 1083 2330 temporibus

251 2333 416 2387 hujusce
456 2333 566 2382 belli,
592 2332 849 2385 potissimum
885 2331 1080 2372 auctorem

250 2388 397 2435 habui,'
427 2386 525 2450 dcc.)
580 2385 753 2426 historici
788 2392 865 2426 tres
903 2387 1082 2438 gravissi·

250 2442 319 2490 mi,
330 2441 601 2494 Thucydides,
608 2440 903 2492 Theopompus,
913 2439 1082 2481 Timaeus

251 2495 323 2548 vii,
343 2500 393 2536 11
442 2495 712 2534 historicorum
749 2494 946 2533 dissensus
973 2495 1082 2541 xxiii,

252 2553 303 2590 13
333 2549 374 2588 in
397 2547 552 2600 judicio
567 2549 618 2586 de
644 2546 819 2599 personis
844 2547 916 2594 vii,
935 2551 984 2588 11
1031 2548 1082 2587 de

253 2602 449 2643 historicis
468 2602 564 2641 liber
576 2600 748 2654 Nepotis
774 2614 813 2649 x,
833 2603 859 2641 3

198 2656 393 2697 Homerus
407 2654 556 2708 (Po'e‘ta
573 2654 658 2694 sine
675 2654 856 2707 exemplo
871 2653 1081 2707 maximus)

251 2711 372 2758 xiv,2
400 2709 563 2749 Homeri
581 2721 711 2749 versus
738 2722 777 2756 x,
793 2713 820 2750 6
846 2707 1080 2760 rhapsodiae,

252 2765 350 2806 ibid.
374 2763 434 2819 (v.
451 2761 626 2817 Rhaps.)
656 2763 816 2815 quando
849 2761 1000 2811 vixerit,
1018 2761 1080 2803 Fr.

199 2871 333 2913 Homo
351 2872 508 2912 maximi
525 2872 697 2924 corporis
715 2871 793 2919 xiv,
806 2873 832 2911 3
859 2871 978 2910 homo
995 2869 1080 2911 Ro-

250 2939 405 2974 manus,
423 2926 486 2966 Fr.
502 2930 527 2966 3
559 2927 677 2966 homo
696 2937 860 2977 magnus
877 2923 956 2978 (vir
971 2937 1080 2978 mag·

250 2979 347 3033 nus)
365 2981 418 3027 iv,
433 2984 454 3020 1
477 2980 653 3019 homines
670 2979 803 3032 magni
819 2979 926 3026 xviii,
944 2982 966 3019 1
996 2979 1080 3033 (Sic

277 3046 405 3086 noque
422 3034 556 3074 Livius
582 3047 672 3081 xxx,
700 3037 771 3074 lo.
813 3039 855 3073 et
871 3032 1010 3078 Cicero
1028 3034 1079 3072 ad

245 3047 374 3127 attic.
391 3090 433 3128 2.
459 3086 537 3140 Ep.
571 3091 598 3128 2
641 3092 832 3140 ‘magnus
862 3087 980 3126 homo
1008 3086 1080 3133 es,'

250 3140 499 3234 {22³3AE
525 3140 712 3234 &m
730 3141 786 3188 ³¹'
803 3144 872 3234 ⁶.ss
913 3139 1082 3235 &223¹

254 3249 316 3289 nis
333 3249 436 3293 vice,
456 3206 634 3294 uthviii,
650 3250 692 3288 2.
713 3206 814 3299 25²„
885 3207 910 3247 p

198 3304 380 3344 Honeste
399 3302 487 3341 loco
501 3299 608 3354 (scil.
623 3299 750 3353 onus)
768 3299 874 3347 xviii,
889 3303 911 3340 1
939 3299 1082 3349 hones-

254 3363 338 3397 turn
356 3368 479 3408 genus
506 3367 570 3401 κν,
587 3358 614 3395 2
642 3355 808 3393 honesta
819 3353 990 3405 dignitas
1007 3353 1081 3405 (de

252 3409 491 3462 pulchritud.
527 3407 650 3460 virili)
678 3406 784 3454 xviii,
805 3409 853 3447 11
920 3405 986 3459 (ut
1014 3419 1083 3458 ap.

253 3463 343 3503 Tor.
359 3461 377 3486 ‘'
386 3464 552 3503 honesta
568 3462 705 3509 forma,
723 3459 870 3501 facies:
898 3473 935 3499 v.
964 3459 1081 3499 Thes.

253 3516 493 3571 Buchneri).
525 3529 604 3558 non
635 3516 772 3557 eadem
803 3514 981 3555 omnibus
1008 3515 1080 3561 ho-

1886 259 2026 312 lxxv

1194 402 1304 433 nesta
1335 394 1421 448 (ap.
1446 407 1581 434 omnes
1610 393 1768 441 decora,
1789 393 2025 449 πρέποντα),

1197 449 1314 487 Praef.

1140 502 1279 542 Honor
1314 501 1422 553 regni
1457 502 1548 554 (pro
1584 501 1670 554 ipso
1703 503 1847 555 regno)
1875 501 1970 550 xvii,
2002 507 2022 544 1

1194 556 1360 594 honores
1390 555 1478 602 rari,
1511 563 1662 601 tenues,
1693 555 1864 607 gloriosi,
1897 557 2027 604 effusi,

1196 608 1362 647 obsoleti
1390 610 1417 654 i,
1437 612 1465 648 6
1510 609 1732 660 frequentes
1760 609 1838 656 xix,
1860 614 1880 651 1
1930 610 2027 650 Mil-

1195 662 1291 701 tiadi
1326 661 1412 701 talis
1446 662 1570 700 honos
1590 662 1755 702 tributus
1773 670 1833 702 est
1853 663 1926 716 (de
1946 665 2026 704 vic-

1195 714 1306 754 toriae
1325 716 1506 767 praemio)
1535 715 1562 761 i,
1582 719 1608 755 6
1655 716 1780 754 honos
1808 718 2027 770 praecipuus

1194 769 1350 808 habitus
1368 769 1403 808 ei
1426 776 1488 809 est
1517 768 1590 823 (de
1608 770 1806 821 praecipua
1837 771 2028 823 dignitate

1196 823 1353 869 collata,
1392 829 1436 862 ut
1471 837 1518 862 ex
1554 835 1664 875 seqq.
1699 824 1884 877 apparet)
1913 826 1966 872 ix,
2002 830 2025 866 1

1196 875 1282 929 (Sic
1308 876 1527 929 Terentius,
1544 889 1767 929 quanquam
1796 891 1866 929 per
1883 891 2028 927 sarcas-

1196 943 1316 977 mum,
1335 929 1516 970 Eunuch.
1545 943 1583 977 v,
1604 935 1644 976 ⁷,
1664 935 1717 972 22
1761 932 1850 978 ‘hic
1871 945 1938 984 pro
1958 933 2026 971 illo

1141 1021 1143 1025 Α
1196 997 1354 1028 munere
1388 984 1459 1023 tibi
1489 985 1613 1023 honos
1643 991 1703 1024 est
1730 986 1910 1033 habitusss
1930 987 2025 1026 add.

1195 1038 1351 1078 Buchn.
1369 1038 1486 1078 Thes.
1503 1052 1539 1077 v.
1556 1038 1729 1090 Honor).
1769 1052 1848 1078 non
1864 1046 1925 1080 est
1942 1054 2027 1092 gra·

1197 1105 1244 1131 ve
1263 1092 1439 1145 quemvis
1454 1093 1639 1132 honorem
1661 1093 1801 1132 habere
1819 1094 1899 1146 regi
1927 1094 1980 1141 ix,
2002 1100 2025 1135 8

1196 1146 1286 1185 huic
1324 1159 1458 1185 omnes
1490 1147 1672 1192 honores,
1710 1160 1810 1199 quos
1846 1155 2026 1199 possunt.

1195 1198 1354 1251 publice
1372 1201 1519 1238 habent
1546 1213 1635 1247 xxv,
1654 1204 1679 1241 3
1727 1201 1908 1248 honores,
1927 1215 2029 1254 quo-

1197 1254 1315 1293 modo
1336 1254 1510 1305 petendi,
1529 1253 1728 1306 capiendi,
1749 1256 1910 1307 gerendi
1935 1270 2027 1303 xxv,

1185 1311 1223 1354 ,6
1265 1307 1475 1347 honoribus
1512 1321 1670 1360 operam
1695 1309 1788 1348 dare
1820 1307 2028 1361 (accedere

1197 1362 1248 1400 ad
1266 1363 1360 1400 hon.
1379 1367 1420 1401 et
1438 1375 1559 1414 remp.
1577 1375 1779 1414 capessere
1798 1362 1894 1416 διο.)
1922 1363 2026 1411 xxiv,

1143 1467 1369 1508 Honoratus
1385 1474 1426 1508 et
1446 1475 1586 1522 potens
1614 1469 1682 1518 xii,
1703 1474 1728 1510 3

1142 1521 1418 1563 Honorificus:
1448 1525 1556 1576 quod
1576 1524 1699 1563 multo
1717 1537 1833 1576 quam
1863 1538 1927 1577 ap.
1942 1525 2027 1564 Ro-

1197 1589 1333 1616 manos
1361 1577 1680 1618 honorificentius
1712 1591 1777 1631 ap.
1810 1578 1950 1619 Graios
1968 1588 2029 1618 est

1198 1630 1328 1684 (quod
1361 1630 1546 1683 majorem
1577 1633 1763 1671 honorem
1792 1645 1857 1685 ap.
1888 1632 2028 1674 Graios

1140 1725 1143 1727 ,
1199 1685 1365 1732 confert,
1385 1699 1503 1737 quam
1521 1684 1618 1738 &c.)
1645 1686 1751 1732 xviii,
1774 1690 1795 1726 1

1143 1736 1302 1778 Hortari
1333 1740 1384 1778 ad
1417 1752 1551 1790 pacem
1583 1740 1874 1792 amicitiamque
1901 1741 1980 1788 xiv,
2001 1745 2028 1781 8

1196 1792 1339 1831 hortari
1359 1791 1499 1832 milites
1517 1793 1777 1846 (allocutione
1803 1794 1938 1846 praelio
1965 1795 2028 1833 fir·

1195 1846 1322 1899 mare)
1350 1846 1420 1894 i,6
1448 1846 1484 1886 le
1513 1846 1568 1885 ati
1582 1848 1835 1887 hortabantur
1849 1848 2027 1902 accipere

1196 1900 1264 1952 (ut
1298 1900 1493 1952 acciperet
1557 1900 1635 1948 xix,
1672 1906 1695 1942 1
1745 1901 1951 1955 (Similiter
1986 1911 2028 1941 et

1196 1953 1283 1994 aliis
1314 1955 1498 1994 hortandi
1516 1954 1656 1994 Verbis
1673 1955 1887 1996 infinitivus
1904 1956 2028 2008 subji-

1197 2009 1308 2048 citur.
1361 2008 1540 2049 Justinus
1582 2009 1686 2055 xxix,
1722 2012 1765 2055 4,
1796 2014 1821 2050 5
1869 2010 2029 2050 ‘multis

1199 2062 1395 2114 promissis
1425 2061 1592 2114 impellit
1608 2062 1768 2103 AEtolos
1795 2062 1937 2102 bellum
1957 2066 2028 2103 ad-

1197 2129 1329 2156 versus
1344 2115 1477 2168 Philip
1508 2129 1572 2155 um
1591 2117 1813 2168 suscipere.²
1827 2115 1985 2171 Vorst.)

1144 2170 1315 2210 Hortatu
1333 2170 1437 2210 illius
1467 2129 1636 2210 Romam
1664 2171 1897 2224 demigravit
1921 2172 2026 2220 xxiv,

1144 2277 1377 2318 Hortensius
1401 2277 1454 2324 Q.
1478 2278 1659 2330 princeps
1687 2278 1939 2333 eloquentiae,
1958 2280 2028 2322 Ci-

1199 2331 1354 2373 ceronis
1372 2333 1533 2372 aemulus
1560 2346 1653 2384 xxv,
1675 2337 1700 2374 5
1952 2371 1956 2375 .

1144 2385 1261 2425 Horti
1275 2384 1452 2426 Cimonis
1479 2388 1559 2433 v‚·1
1931 2410 1934 2413 ·

1145 2439 1303 2493 Hospes
1321 2453 1368 2479 ex
1387 2439 1559 2479 Arcadia
1585 2440 1654 2486 vii,
1686 2444 1738 2480 10
1784 2441 1956 2494 hospites
1975 2444 2025 2482 ad

1198 2506 1288 2532 eum
1320 2493 1614 2533 defendendum
1648 2501 1917 2534 convenerunt
1944 2495 2026 2543 xiii,

1197 2550 1224 2587 4
1270 2546 1466 2599 hospitem
1485 2547 1583 2585 tanti
1601 2546 1708 2594 fecit,
1730 2553 1774 2585 ut
1800 2547 1934 2588 mallet
1950 2548 2025 2589 &c-

1140 2618 1141 2621 ¹
1201 2600 1287 2646 xiii,
1307 2603 1332 2641 3

1145 2652 1400 2707 Hospitium:
1447 2652 1622 2706 hospitio
1654 2652 1819 2707 alicujus
1857 2655 1915 2695 uti
1941 2669 1979 2705 ν,
1999 2659 2024 2696 3

1198 2707 1371 2760 hospitio
1407 2706 1574 2759 alicujus
1604 2709 1793 2748 contineri
1820 2708 1875 2756 vi,
1896 2713 1918 2750 l
1966 2710 2026 2763 (v.

1197 2760 1437 2814 Contineri).
1450 2762 1663 2814 hospitium
1678 2762 1774 2802 mihi
1788 2769 1848 2802 est
1858 2776 1947 2803 cum
1959 2764 2027 2803 illo

1197 2816 1271 2870 (de
1283 2815 1374 2868 jure
1391 2814 1574 2870 hospitii)
1601 2815 1644 2864 ii,
1663 2819 1688 2857 8
1717 2829 1835 2870 quam
1853 2817 2028 2870 hospitii,

1196 2870 1390 2909 sanctiora
1400 2868 1493 2922 jura
1509 2870 1645 2923 patriae
1662 2870 1775 2909 duxit
1792 2881 1889 2910 esses
1899 2872 1981 2918 xiii,
2001 2877 2025 2914 4

1197 2923 1296 2964 illud
1315 2923 1522 2970 recusavit,
1534 2925 1641 2977 quod
1655 2923 1837 2964 adversus
1850 2923 1918 2977 jus
1937 2926 2027 2965 hos-

1195 2977 1284 3031 pitii
1293 2983 1396 3018 esset
1410 2977 1515 3024 xxiii,
1526 2982 1577 3018 12
1596 2977 1848 3032 (Antiquitus
1855 2979 1975 3027 enim,
1985 2987 2028 3020 ut

1196 3032 1276 3072 fere
1288 3031 1416 3095 inquit
1433 3031 1662 3072 Buchnerus
1673 3031 1860 3095 Thesaur.
1871 3046 1908 3071 v.
1924 3033 2026 3094 Hos·

1196 3085 2027 3199 transmisisses*„22212222235

1199 3202 1352 3232 tesserae
1381 3197 1544 3232 mutuo:
1582 3192 1804 3244 cujusmodi
1828 3198 2025 3242 tesseram,

1198 3246 1231 3284 si
1260 3246 1347 3299 quis
1376 3245 1564 3285 afferebat
1587 3245 1789 3298 deinceps,
1806 3244 1945 3300 (quam
1973 3249 2025 3288 ob

1200 3311 1357 3339 causam
1375 3297 1669 3350 diligentissime
1699 3301 2028 3354 asservabantur)

1199 3351 1359 3404 agnosci
1394 3358 1560 3403 poterat,
1595 3358 1638 3392 et
1668 3359 1853 3406 tanquam
1883 3355 2025 3401 hospes

1198 3412 1331 3500 2²:2⁰5.
1351 3405 1515 3499 1¹:3³⁰&
1534 3407 2023 3501 ἔΐίἱίἒὲἒὲἷὲῗωῖῗέῗ·

1202 3473 1296 3554 ibaq·
1368 3473 1525 3566 Deiiluc
1566 3513 1767 3569 hospitalis
1813 3493 2021 3554 reverentia
