2306 3900
320 282 396 337 cii

379 427 514 460 runtur
531 432 543 468 ;
589 425 803 458 ceterorum
822 418 926 460 facta
946 431 1026 458 non
1045 424 1125 459 tam
1143 431 1208 458 ce-

380 474 596 513 lebratione
628 472 887 526 loquentium,
906 485 1024 525 quam
1055 471 1209 528 scriptis

378 527 661 577 Historicotum
691 526 909 580 pervigent.
935 525 1096 578 Boecl.)
1115 534 1210 565 nota

381 581 502 621 virtus
523 580 636 642 (cum
655 579 772 621 laude
804 579 967 634 insignis
1000 580 1144 635 pariter
1162 593 1209 620 ac

383 633 612 688 perspecta)
639 647 678 683 v,
697 637 722 674 3
746 683 750 686 .

301 693 310 699 ⁵
325 687 506 732 Notitia:
568 695 727 742 propter
771 687 953 733 notitiam
996 686 1209 729 intromissi

375 742 586 796 (tauquam
604 741 712 794 noti)
738 755 778 788 1,
791 746 818 783 9
859 740 1001 791 notitia
1019 741 1207 784 clarorum

378 795 547 839 virorum
584 795 780 849 (cognitio
812 796 864 838 de
899 797 1013 838 rebus
1053 794 1209 850 eorum)

378 863 469 897 xxv,
489 852 543 892 18

325 904 443 945 Nova
459 916 519 944 res
537 901 737 956 (insolita)
763 903 842 950 xiv,
860 906 888 945 6
924 913 1028 941 nova
1047 914 1106 943 ars
1133 900 1162 949 i,
1181 907 1205 942 5

376 957 598 1010 (eleganter
610 956 754 1000 dicitur
771 954 1058 1009 significatione
1070 956 1207 996 inven-

379 1012 409 1050 ti
438 1017 518 1053 tam
537 1010 702 1058 solertis,
721 1023 838 1063 quam
870 1009 1090 1052 necessarii.
1124 1007 1207 1050 Bo·

377 1063 476 1118 ecl.)
525 1064 617 1105 Sic:
664 1077 811 1105 novum
855 1063 1060 1105 consilium
1098 1063 1206 1111 xviii,

379 1122 405 1159 8
451 1118 545 1160 novi
576 1116 754 1159 delectus
786 1118 861 1172 (de
893 1117 1049 1159 militib.
1072 1129 1205 1158 recens
1256 1154 1264 1166 ,

379 1171 515 1225 lectis)
541 1172 649 1219 xxiii,
664 1176 692 1213 6

325 1226 444 1266 Nova
463 1227 600 1266 afferre
618 1225 658 1265 in
677 1239 716 1266 re
734 1225 889 1264 militari
917 1223 972 1271 xi,
993 1229 1015 1265 1

324 1280 493 1321 Novitas
508 1285 666 1321 ornatus
683 1277 937 1334 (insolentia)
964 1278 1042 1326 xiv,
1058 1281 1083 1319 3

323 1334 363 1375 N
367 1333 549 1377 ovissimo
566 1340 740 1386 tempore
757 1331 971 1387 (extremo)
998 1331 1110 1382 xviii,
1127 1336 1149 1376 1

323 1387 415 1427 Nox
436 1389 560 1441 prima
578 1388 733 1441 (vigilia
749 1387 893 1440 prima)
921 1386 1028 1432 xviii,
1042 1389 1071 1426 9

322 1442 484 1485 Nubere
526 1440 645 1482 alicui
673 1441 939 1495 (fmminarum
981 1438 1064 1492 est)
1103 1452 1142 1486 v,
1181 1444 1202 1481 1

377 1502 503 1548 nupta
531 1502 592 1536 est
619 1496 712 1535 huic
738 1508 829 1543 xxv,
847 1500 871 1535 5
918 1500 1087 1546 nuptum
1113 1495 1205 1535 dare

378 1550 495 1589 filiam
516 1547 634 1590 alicui
662 1549 717 1597 iv,
733 1553 774 1590 2.
803 1562 843 1596 x,
864 1551 902 1589 1.
929 1552 957 1590 4

323 1603 488 1655 Nuptiae
505 1603 600 1656 (pro
616 1601 880 1653 matrimonio)
907 1614 998 1648 xxv,
1018 1603 1071 1643 12

323 1655 485 1699 Nubilis
520 1655 629 1711 virgo
656 1670 722 1704 xv,
736 1660 762 1696 3
798 1653 1063 1708 (παράφρασις
1098 1655 1206 1694 vocis

378 1711 494 1752 estin
509 1709 578 1753 illo
598 1709 754 1763 Virgilii
772 1710 870 1750 AEn.
887 1713 911 1750 7
942 1715 954 1732 ‘
970 1708 1060 1749 Jam
1081 1715 1205 1749 matu-

377 1778 420 1806 ra
437 1765 534 1814 viro,
547 1765 633 1817 jam
649 1763 776 1817 plenis
794 1762 939 1804 nubilis
953 1761 1101 1816 annis')

324 1819 487 1860 Nudare
513 1819 657 1873 vagina
687 1818 808 1859 telum
825 1816 1101 1872 (distringere)
1127 1816 1205 1867 xiv,

324 1925 505 1979 Nugatox
519 1941 532 1965 2
576 1937 640 1967 11ae
676 1931 719 1966 tu
752 1925 916 1967 nimium
951 1930 1118 1977 nugator
1146 1938 1206 1973 eS,

377 1994 469 2023 cum
488 1979 659 2022 maluisti
671 1980 763 2028 διο..
781 1978 844 2021 Er.
857 1984 882 2021 3
901 1977 1080 2033 (elegans
1091 1980 1204 2021 form.

379 2033 558 2089 objurg.)

324 2089 469 2130 Nullus
486 2103 498 2128 ε

377 2143 460 2186 scio
497 2154 549 2184 an
588 2142 687 2183 nulli
728 2155 794 2190 xx,
814 2146 836 2185 1

377 2196 446 2239 alii
463 2204 597 2238 tamen
611 2202 624 2220 ¹
641 2195 747 2249 ulli’)

323 2250 486 2292 Numen
504 2250 680 2292 Deorum
707 2247 802 2297 xvii,
831 2252 872 2291 2.
919 2261 983 2294 xx,
1001 2251 1028 2288 4
1073 2246 1207 2302 (notat

376 2305 443 2346 bic
474 2304 708 2356 auspicium,
733 2315 880 2348 curam,
906 2300 1100 2354 πρόνοιαν.
1155 2302 1205 2340 In

378 2358 505 2451 priore
525 2358 614 2399 loco
631 2370 701 2410 pro
718 2356 815 2409 ipsis
832 2355 922 2397 Diis
945 2361 1076 2408 potest
1101 2355 1206 2407 capi.

377 2412 487 2453 Boec
504 2437 515 2452 .

323 2411 765 2516 Numerus)decemplex
793 2460 823 2511 i,
841 2467 866 2504 5
895 2461 936 2500 in
954 2461 1031 2502 hoc
1042 2474 1202 2501 numero

376 2519 452 2560 fuit
468 2518 601 2572 (alias,
619 2517 661 2556 in
686 2517 756 2564 eis,
775 2516 876 2556 inter
891 2514 982 2568 eos)
1009 2515 1038 2563 i,
1057 2519 1082 2556 3
1128 2528 1202 2554 nu·

376 2585 483 2614 mero
497 2572 699 2624 copiarum
712 2570 832 2611 fretus
849 2567 1145 2622 (multitudine)
1174 2569 1201 2616 i,

375 2632 402 2669 5
455 2639 637 2670 numerus
656 2625 824 2664 militum
859 2622 1073 2676 (conditio,
1092 2623 1202 2662 locus

376 2681 472 2732 Sec.)
496 2680 575 2727 iiv,
596 2683 618 2722 1
666 2679 731 2718 Sic
751 2693 761 2717 :
791 2690 950 2718 numero
968 2677 1102 2716 militis
1120 2683 1203 2717 erat

377 2735 444 2789 (ἐν
456 2733 562 2787 μέρει
575 2732 836 2787 στρατιώτου)
856 2745 920 2780 xv,
933 2735 957 2772 7
987 2731 1029 2771 in
1041 2744 1201 2771 numero

377 2789 590 2830 amicorum
626 2801 712 2828 esse
752 2785 832 2834 xiv,
864 2789 891 2827 9
954 2786 1005 2826 de
1039 2797 1200 2825 numero

378 2844 680 2895 proscriptorum
716 2841 883 2882 eximere
914 2838 1085 2892 aliquem
1111 2852 1201 2886 xxv,

378 2901 430 2940 10
467 2897 533 2939 Sic
550 2912 562 2937 ι
589 2896 632 2937 in
653 2907 856 2938 numerum
875 2892 1122 2946 proscriptor.
1141 2906 1201 2932 re-

376 2951 476 2993 ferre
492 2950 663 3004 aliquem
682 2962 771 2995 xxv,
786 2951 838 2991 12
866 2959 1026 2989 numero
1047 2946 1202 2988 sacrile-

379 3018 515 3058 gorum
528 3003 661 3044 haberi
680 3003 774 3052 xvii,
786 3008 812 3044 4
840 3001 1061 3053 sapientum
1079 2999 1162 3048 viii,
1176 3005 1202 3042 4

324 3058 541 3101 Numerare
571 3056 690 3100 alicui
720 3056 929 3120 pecuniam
961 3068 1027 3102 xv,
1047 3057 1072 3097 3
1110 3054 1199 3096 Ita:

377 3119 582 3155 numerata
597 3124 766 3166 pecunia
793 3110 877 3157 xiii,
897 3112 918 3150 1

323 3165 511 3207 Numidae
539 3167 681 3206 frustra
715 3164 951 3207 insidiantur
985 3160 1202 3203 Hannibali

376 3220 484 3267 xxiii.
500 3225 528 3264 6

322 3273 497 3315 Nuntius
512 3274 619 3316 venit
636 3274 728 3316 milii
755 3271 886 3319 xviim
914 3269 1094 3312 nuntium
1112 3269 1200 3310 mit-

379 3333 459 3368 tere
477 3328 595 3370 alicui
611 3330 663 3369 de
690 3328 759 3375 vii,
772 3331 799 3368 4
838 3325 967 3367 nuntii
983 3323 1108 3367 crebri
1124 3324 1200 3364 hoc

375 3381 544 3421 afferunt
570 3383 598 3428 i,
618 3387 644 3423 3
698 3383 774 3423 hoe
810 3380 876 3420 ille
912 3379 1050 3420 nuntio
1085 3377 1202 3417 rediit

375 3433 471 3474 Ath.
486 3436 714 3488 (postquam
728 3437 802 3475 hoc
812 3431 1085 3487 comperisset)
1097 3432 1164 3479 xii,
1174 3435 1198 3472 3

324 3488 520 3531 Nuntiare
554 3489 670 3530 alicui
699 3488 844 3541 aliquid
881 3487 1007 3528 verbis
1042 3485 1198 3528 alterius

376 3541 418 3590 ii,
435 3547 462 3585 4

558 2089 652 2131 huic
682 2087 751 2128 uni
781 2085 962 2140 contigit,
995 2086 1103 2140 quod
1135 2099 1206 2126 ne-

897 2141 986 2195 (Sic
1012 2154 1080 2194 qu.
1113 2141 1206 2181 edd.

1145 286 1209 336 {N
1222 294 1349 335 DEX

1271 418 1476 472 Nusquam
1496 418 1679 458 auxilium
1701 418 1774 457 nisi
1803 431 1827 457 ι
1845 418 2150 461 lacedemoniu-

1325 471 1549 535 petiverunt
1580 472 1627 525 (a
1657 472 1829 518 nemine,
1860 473 1970 512 nullo
1997 487 2020 512 e
2039 473 2150 525 loco)

1324 537 1356 572 r,
1367 529 1393 571 4
1421 539 1612 582 nusquam
1632 539 1718 566 eam
1736 539 1761 568 a
1779 538 1819 566 se
1838 526 2062 567 dimittebat
2077 526 2151 580 (ad

1324 578 1455 621 locum
1473 579 1646 633 nullum)
1675 593 1766 627 xxv,
1785 583 1811 620 4

1270 631 1384 675 Nutu
1403 633 1490 686 ejus
1506 641 1691 687 geruntur
1709 633 1841 676 omnia
1858 632 1908 687 (i.
1924 646 1961 674 e.
1979 632 2151 680 arbitrio,

1314 687 1494 744 placito)
1522 688 1576 737 vi,
1594 693 1620 732 2

1271 739 1444 794 Nysaeus
1473 755 1514 790 x,
1534 747 1556 786 l

1685 901 1738 943 0.

1269 1009 1458 1050 Obducta
1476 1015 1591 1051 nocte
1618 1010 1728 1059 xxiii,
1747 1016 1770 1052 5
1822 1009 2064 1064 (obscuram,
2081 1023 2151 1050 ne·

1323 1063 1515 1112 bulosam,
1533 1076 1614 1104 non
1633 1077 1807 1105 serenam
1821 1062 1994 1118 explicat
2010 1062 2150 1104 Lsmb.

1322 1119 1655 1171 quemadmodum
1714 1118 1879 1159 Horatio
1923 1117 2056 1172 Epod.
2099 1121 2150 1158 13

1322 1177 1334 1194 ⁶
1350 1172 1456 1211 frons
1471 1172 1657 1212 obducta¹
1675 1173 1833 1213 dicitur.
1868 1183 2002 1212 verum
2049 1171 2151 1211 otius

1324 1231 1336 1248 ⁸
1353 1225 1513 1267 obduci'
1532 1225 1597 1266 hic
1615 1239 1694 1267 nox
1709 1227 1868 1273 dicitur,
1885 1224 1986 1266 utin
2045 1238 2153 1277 eorg.

1321 1278 1432 1332 Virg.
1466 1284 1478 1303 ‘
1493 1281 1683 1320 obtendi!
1729 1281 1840 1322 Curt.
1877 1279 1961 1330 viii,
1994 1282 2064 1328 13,
2096 1283 2149 1320 25

1320 1338 1334 1357 ‘
1351 1335 1524 1374 obducta
1540 1347 1618 1373 nox
1635 1333 1773 1384 coelo')

1268 1386 1442 1428 Obedite
1459 1388 1537 1440 legi
1565 1401 1628 1435 xv,
1647 1392 1674 1429 8
1693 1425 1698 1429 ,
1718 1387 1854 1428 obedit
1871 1400 1937 1428 rex
1962 1385 2039 1426 illis
2057 1385 2152 1441 (lio-

1322 1453 1405 1481 rum
1433 1441 1597 1484 consilio
1626 1442 1871 1495 potissimum
1901 1439 2043 1493 utitur)
2070 1441 2150 1486 xiv,

1267 1547 1453 1602 Objicere
1470 1562 1512 1589 se
1529 1550 1635 1591 hosti
1658 1549 1732 1604 (de
1750 1561 1813 1596 eo,
1834 1547 1902 1602 qui
1920 1560 1964 1588 se
1982 1547 2150 1602 opponit
2172 1546 2183 1550 “

1321 1603 1450 1655 hosti)
1476 1603 1586 1651 xxiii,
1604 1610 1628 1645 5

1268 1653 1443 1708 Objectu
1461 1655 1528 1695 illo
1547 1656 1751 1710 repentino
1770 1656 1854 1695 viso
1872 1654 1924 1748 (ἦ,
1939 1668 1978 1696 e.
1993 1653 2151 1708 objecta

1320 1710 1452 1772 specie
1488 1708 1636 1765 oculis)
1673 1710 1781 1758 xxiii,
1799 1714 1823 1751 5
1866 1709 1888 1770 ζ
1922 1709 2013 1751 acit.
2045 1709 2150 1748 Hist.

1321 1763 1380 1812 iri,
1397 1768 1440 1812 9,
1458 1767 1483 1805 3
1546 1769 1558 1787 ⁶
1571 1778 1662 1804 cum
1679 1764 1802 1806 latera
1817 1763 1978 1817 objectu
1995 1763 2150 1817 paludis

1321 1817 1578 1872 tegerentur')

1268 1870 1390 1913 Obire
1429 1873 1536 1915 diem
1582 1870 1724 1926 (mori)
1766 1885 1807 1918 x,
1844 1873 1897 1911 10
1968 1869 2118 1924 integre
2137 1886 2146 1909 :

1321 1926 1428 1966 obire
1462 1924 1568 1966 diem
1601 1938 1823 1979 supremum
1851 1925 1880 1974 i,
1913 1927 1955 1966 7.
1990 1923 2059 1972 vii,
2097 1928 2148 1965 10

1319 1980 1477 2033 (Habes
1496 1981 1697 2034 utriusque
1714 1978 1882 2021 nominis
1907 1976 2083 2031 ἔλλειψιν
2106 1978 2149 2021 in

1319 2033 1389 2077 illo
1424 2034 1451 2076 J
1455 2033 1629 2075 uvenalis
1664 2040 1738 2075 sat.
1768 2034 1824 2080 vi,
1858 2037 1913 2074 56
1958 2038 1971 2057 ·
1984 2045 2148 2086 magnus

1321 2089 1418 2129 civis
1436 2089 1521 2128 obit
1534 2094 1576 2128 et
1599 2087 1828 2127 formidatus
1846 2085 2024 2129 Othoni:
2078 2084 2147 2125 In·

1322 2144 1476 2183 terdum
1510 2149 1642 2183 tamen
1677 2147 1690 2165 ‘
1703 2141 1811 2182 obire
1844 2140 1964 2182 diem’
2000 2146 2062 2183 est
2095 2141 2147 2180 ad

1319 2197 1424 2238 diem
1440 2203 1588 2238 certum
1616 2195 1748 2249 aliqua
1775 2195 1827 2235 de
1855 2207 1974 2237 causa
1997 2194 2149 2237 adesse.

1321 2250 1536 2300 Quomodo
1552 2250 1691 2292 Cicero
1710 2251 1762 2292 de
1777 2248 1939 2292 Amici«.
1968 2253 1982 2272 ‘
1998 2261 2088 2293 cum
2106 2248 2148 2287 in

1321 2305 1455 2345 hortos
1472 2305 1530 2348 D.
1549 2304 1662 2344 Bruti
1689 2304 1860 2356 auguris,
1881 2307 2148 2344 commenten-

1319 2358 1363 2398 di
1392 2370 1526 2404 causa,
1544 2364 1590 2396 ut
1622 2357 1781 2403 assolet,
1816 2355 2068 2402 venissemus,
2102 2361 2145 2394 tu

1318 2422 1401 2450 non
1415 2410 1581 2458 affuisti,
1598 2410 1667 2462 qui
1681 2408 1978 2462 diligentissime
1994 2422 2146 2461 semper

1316 2463 1426 2505 illum
1444 2463 1549 2506 diem
1568 2469 1610 2503 et
1622 2463 1720 2504 illud
1734 2476 1874 2503 munus
1886 2461 2024 2504 solitus
2040 2476 2145 2502 esses

1317 2517 1476 2571 obire’).
1520 2516 1735 2570 legationes
1770 2512 1878 2557 obire
1910 2514 2145 2579 (suscipere,

1318 2573 1491 2624 legatum
1504 2570 1640 2623 agere)
1660 2585 1699 2617 x,
1720 2573 1741 2610 1
1772 2570 1911 2624 (moxt
1931 2570 2145 2633 legationes

1315 2626 1600 2671 administrare,
1622 2625 1791 2672 διοικεῖν,
1810 2624 1879 2666 sed
1909 2624 1962 2666 de
1979 2636 2066 2678 ipsa
2083 2637 2142 2665 re-

1316 2693 1401 2720 rum
1419 2678 1673 2732 tractatione)

1263 2734 1453 2776 Oblivisci
1471 2732 1698 2785 injuriarum
1717 2730 1890 2771 omnium
1918 2730 2024 2780 xviii,
2043 2735 2073 2773 6*

1263 2788 1485 2830 oblivionis
1503 2788 1566 2827 lex
1583 2783 1843 2840 (ἅμἠστίω)
1870 2785 1953 2833 viii,
1971 2788 1996 2827 3

1262 2842 1402 2884 obniti
1418 2857 1429 2883 ι
1457 2842 1602 2882 obnixo
1620 2854 1724 2894 genu
1740 2846 1850 2881 scuto
1869 2839 1919 2891 (i.
1943 2852 1979 2878 e.
1997 2838 2140 2881 obnixo

1316 2897 1359 2938 in
1376 2901 1545 2945 scutum,
1560 2895 1764 2937 obfirmato
1783 2906 1888 2948 genu
1904 2894 1956 2935 ad
1972 2899 2141 2937 scutum.

1317 2949 1478 3003 Lamb.)
1505 2950 1572 2998 xii,
1589 2953 1611 2992 1

1263 3004 1422 3046 Obortis
1439 3003 1609 3044 tenebris
1637 3003 1743 3050 xviii,
1762 3006 1790 3044 9

1262 3059 1438 3099 Obruere
1457 3057 1607 3111 gladios
1623 3058 1744 3111 (terra
1758 3053 1923 3108 operire,
1941 3053 2141 3107 infodere)

1316 3113 1398 3160 ἐν,
1418 3116 1467 3154 11
1497 3110 1609 3165 (Sicz
1638 3116 1650 3135 ⁶
1667 3112 1867 3151 thesauros
1881 3109 2056 3150 obruere’
2073 3122 2096 3148 a
2126 3134 2138 3146 .

1317 3166 1444 3208 Cicer.
1461 3165 1503 3204 in
1521 3165 1611 3206 cat.
1627 3164 1743 3217 maj.)
1762 3162 1872 3203 obrui
1887 3162 1997 3210 vino,
2013 3175 2091 3216 epu
2109 3162 2140 3200 is

1315 3235 1356 3268 x,
1373 3223 1400 3263 4
1427 3218 1532 3261 vitiis
1558 3218 1729 3273 (obtegi,
1743 3215 1960 3269 obscurari)
1985 3217 2039 3268 ἰν,
2059 3221 2081 3257 1

1261 3273 1486 3315 Obscurus:
1528 3273 1749 3314 obscuriora
1778 3279 1890 3325 gesta
1918 3271 1993 3326 (de
2011 3269 2138 3310 minus

1314 3328 1439 3382 notis)
1466 3326 1545 3375 xiV,
1562 3331 1585 3369 1

1261 3382 1438 3435 obsequi
1455 3382 1592 3423 studiis
1608 3382 1688 3422 suis
1715 3394 1804 3427 xxv,
1822 3383 1850 3420 2

1259 3436 1502 3490 Obsequium
1516 3435 1718 3490 (civilitas,
1735 3434 1911 3479 comitas,
1930 3430 2136 3488 indulgeu-

1315 3491 1368 3530 tia
1416 3504 1440 3530 x
1471 3494 1500 3530 6
2048 3515 2052 3518 -

1260 3490 1518 3584 Obseivar'rtia
1533 3543 1606 3596 (de
1625 3555 1686 3589 ea,
1697 3554 1772 3593 qua
1788 3541 1875 3594 quis
1892 3540 1993 3581 alios
2010 3543 2136 3595 peros-
