2326 3944
654 270 668 290 ‘-
716 270 793 314 11.
850 269 1362 320 wnnms'rocnnu,
1402 268 1542 308 cAr.
1571 254 1629 309 6.
1974 255 2082 310 441

257 392 429 447 mm.
447 389 766 434 Plutarchus-in
779 389 988 430 Themist.
1008 388 1139 441 Poly-

258 469 342 501 ευ.
361 469 395 498 ι.
425 458 554 499 strat.
574 454 792 496 Diodorus
810 465 862 494 n.
882 460 980 507 post
997 466 1141 494 narra·

259 522 422 564 tionem
439 519 496 561 de
515 525 641 573 portu
661 518 824 567 Piraeo,
843 518 1038 558 Frontin.
1057 518 1084 557 l.
1107 529 1138 556 ι.

260 589 300 627 1.
343 586 472 626 Plato
493 583 744 635 in-Gorgia:
787 583 799 605 ‘
830 578 962 622 Scitis
989 581 1140 634 utique

259 649 355 688 hare
390 647 572 696 navalia,
601 651 647 686 et
681 645 835 685 moenia
865 645 1142 694 Athenarum,

259 716 495 764 portusque
508 709 842 761 dispositionem,
858 708 1015 760 partim
1031 707 1142 747 The-

260 774 480 823 mistoclis,
509 772 668 824 partim
695 772 893 822 Periclis,
910 785 993 812 nou
1023 771 1142 824 opifi-

262 849 361 878 cum
396 837 575 876 consilio
610 848 703 876 esse
741 835 1015 876 constructa!
1071 836 1143 876 De

263 901 438 942 Conone
454 907 604 940 auctor
617 899 848 940 Athenaeus
859 900 931 939 lib.
950 912 982 940 1.
997 912 1094 952 cap.-
1105 904 1142 940 1.

263 964 349 1004 Sed
376 963 445 1004 hic
463 976 547 1003 non
576 962 660 1004 fuit
687 962 865 1015 primus,
892 963 966 1015 qui
985 963 1144 1004 Piraeei

263 1039 406 1068 muros
442 1027 633 1067 construi
667 1027 849 1076 curavit,
885 1026 959 1066 sed
995 1027 1145 1078 solum,

263 1103 403 1132 cuma
423 1090 644 1143 Lysandro
673 1095 817 1130 essent
847 1089 996 1140 diruti,
1026 1090 1142 1131 refici

263 1154 509 1203 mandavit3
538 1160 584 1193 ut
604 1152 715 1193 infra
741 1154 783 1192 in
803 1155 978 1194 Conone
997 1154 1145 1195 docuit

262 1217 448 1258 Probus.
494 1217 533 1255 A
555 1217 891 1257 Lacedaemoniis
920 1216 1031 1257 enim
1060 1218 1147 1269 pri·

263 1292 350 1334 mo,
367 1288 521 1333 postea
539 1291 641 1319 vero
661 1292 686 1320 a
711 1280 832 1333 Sylla
858 1280 1144 1322 Romanorum

264 1344 533 1396 Imperatore
566 1343 608 1382 hi
645 1343 756 1382 muri
795 1347 894 1382 sont
922 1342 1070 1393 diruti,
1097 1349 1147 1384 ut

265 1412 484 1450 testantur
497 1406 693 1448 Justiuus
713 1405 786 1445 lib.
807 1417 850 1445 ν.
898 1405 1078 1446 Orosius
1093 1418 1142 1447 Π.

266 1473 332 1509 1⁵.
361 1469 576 1509 Archelao
608 1469 736 1518 Regis
753 1468 1022 1508 Mithridatis
1037 1481 1147 1521 prae-

264 1532 382 1574 fecto
426 1539 736 1586 propugnante,
780 1532 1147 1584 oppugnationem

266 1597 498 1649 descripsit
515 1596 822 1648 Quadrigarius
841 1597 999 1636 Annali
1013 1597 1147 1637 unde-

266 1661 485 1714 vigesimo,
501 1667 550 1700 ut
578 1660 691 1712 apud
713 1660 900 1700 Gellium
918 1660 991 1700 lib.
1011 1670 1086 1702 xv.
1107 1665 1146 1702 l.

264 1724 415 1776 legere
445 1728 526 1764 est.
595 1723 868 1774 Jungebatur
895 1728 1046 1775 portus
1074 1723 1148 1764 Pi-

268 1799 406 1827 raeeus
426 1787 522 1826 urbi
539 1786 669 1826 muris
693 1785 857 1826 duobus
876 1786 996 1839 quasi
1017 1787 1149 1827 cruri-

269 1850 364 1902 bus,
381 1855 431 1891 ut
453 1849 625 1898 Strabo,
651 1849 864 1900 Justinus,
892 1855 939 1890 et
968 1850 1149 1891 Orosius

271 1912 559 1954 tradiderunt.
589 1912 733 1952 Livius
754 1912 830 1953 lib.
851 1924 884 1954 1.
902 1913 1070 1955 Decad.
1084 1925 1148 1955 xv.

270 1975 505 2016 ‘Brachia'
526 1975 711 2016 vocavit.
742 1976 891 2030 anue
905 1975 988 2016 fuit
1001 1982 1150 2028 portus

271 2039 511 2091 amplitudo
553 2051 605 2079 ac
651 2038 853 2091 dignitas,
891 2044 941 2080 ut
988 2039 1151 2081 Aristo-

270 2102 430 2154 phanes
437 2101 573 2156 (quod
584 2101 843 2142 Plutarchus
854 2101 1011 2154 refert)
1022 2106 1034 2128 ‘
1043 2105 1153 2145 The·

269 2164 539 2214 mistoclem,’
569 2165 744 2216 dixerit,
784 2166 797 2188 ‘
817 2177 904 2206 non
936 2167 1151 2210 Piraeeum

269 2229 393 2282 Urbi,
410 2229 487 2270 sed
498 2229 659 2270 Urbem
678 2229 848 2269 Piraeeo
862 2229 1094 2282 addidisse,
1107 2237 1154 2273 et

272 2292 328 2333 ad
371 2305 491 2333 mare
536 2297 699 2333 terram
739 2293 942 2345 aptasse!
1006 2295 1152 2337 Hodie

271 2361 412 2397 nautae
426 2360 599 2409 portum
618 2357 805 2396 Leonem
821 2363 992 2399 vocant.
1024 2360 1139 2411 Mag.

325 2419 466 2461 laced.
490 2433 591 2461 caus.
609 2421 663 2460 id.
682 2419 810 2471 nacti]
855 2421 924 2461 De
943 2421 1024 2462 hoc
1043 2435 1151 2475 prae-

273 2487 397 2524 textu
429 2484 536 2524 nihil
563 2484 735 2524 memini
753 2484 855 2524 alibi
880 2485 1050 2537 legere:
1080 2487 1153 2527 alii

271 2558 416 2588 omues
425 2547 628 2589 invidiam
642 2548 1064 2591 Lacedaemoniorum
1077 2552 1153 2592 ob-

271 2610 468 2652 tendunt.
513 2612 744 2664 Polyaenus
780 2613 854 2655 lib.
884 2626 916 2655 1.
960 2615 1155 2664 Ἀθηναῖοι

273 2672 327 2714 τὺ
354 2673 474 2725 τείχη
495 2677 569 2715 τοῦ
598 2675 740 2718 ἄστεος
766 2678 941 2731 ἤγειραν.
977 2678 1154 2722 Λάκωνες

275 2737 471 2788 ἐφθόνουν.
500 2740 528 2780 J
534 2741 659 2782 ustin.
679 2742 752 2783 lib.
772 2754 823 2783 n.
840 2747 909 2784 15.
952 2744 1149 2787 Gebhard.

329 2802 463 2843 Extra
502 2804 821 2856 Peloponnesum]
871 2807 961 2846 Pro
992 2809 1153 2861 Pelopo-

273 2877 416 2906 nssaau.
465 2866 573 2909 Quae
602 2867 819 2919 scriptura
835 2881 950 2922 saepe
969 2870 1012 2910 in
1035 2872 1156 2914 libris

276 2930 475 2970 occurrit.
543 2930 650 2970 Erat
684 2931 779 2971 haec
806 2933 938 2973 totius
967 2934 1153 2977 Graeciae

276 3002 352 3031 arx
373 2996 423 3031 et
440 2994 819 3046 propugnaculum,
836 2995 877 3034 in
905 3008 988 3049 qua
1012 2999 1157 3039 omnia

276 3054 408 3107 magis
426 3066 550 3108 quam
563 3055 666 3096 alibi
685 3056 868 3099 illustria
881 3070 933 3100 ac
948 3063 1155 3111 potentia.

288 3145 296 3151 -
331 3118 398 3158 Ns
428 3123 556 3158 essent
591 3121 675 3160 loca
708 3121 875 3173 muita,
904 3135 989 3175 quae
1030 3125 1158 3166 hostes

274 3182 533 3234 possiderent]
598 3182 819 3225 Justiuus:
867 3187 880 3209 ‘
919 3186 988 3228 Ne
1021 3190 1156 3230 muni-

277 3251 425 3287 menta
440 3246 632 3287 hostibus
648 3253 694 3287 et
721 3252 997 3301 receptacula
1022 3252 1156 3295 futuri

280 3308 382 3350 beni
400 3308 651 3350 exstruant!
689 3310 886 3352 Gebhard.

332 3372 589 3414 manaem:
602 3373 842 3427 oedfficantes
856 3376 1077 3430 prohibere]
1094 3379 1158 3420 Ut

280 3447 377 3476 mox
398 3436 608 3490 sequitur,
625 3449 705 3489 per
721 3438 900 3490 legatos.
939 3441 1158 3483 ¹Diodorus

283 3498 356 3541 lib.
388 3510 454 3541 11.
505 3501 556 3540 01
598 3499 782 3554 πρέσβεις
819 3502 1042 3555 προσιόντες
1076 3507 1160 3547 τοῖς

1199 386 1440 436 οὶκοδομοῦσι
1455 384 1724 439 προσέταττον
1740 382 1980 437 ἄφίστασθαι
2004 389 2086 428 τῶν

1201 449 1325 503 ἔργων
1335 450 1411 498 τὴν
1417 449 1630 501 ταχίστην.
1655 450 1696 489 H
1699 461 1779 490 ane
1788 449 2085 491 vnarrationem

1202 527 1372 568 quoque
1390 515 1522 555 habet
1553 515 1720 555 Auctor
1745 514 2008 557 scholiorum
2039 516 2085 556 in

1202 578 1500 630 Aristophanis
1514 579 1695 630 equites.
1728 578 1927 618 Gebhard.
1972 579 2087 620 Vide

1200 643 1397 695 Thucyd.
1430 642 1507 682 lib.
1526 654 1558 682 1.
1577 643 1736 683 Justin.
1757 654 1788 682 1.
1821 648 1867 682 et
1886 644 2084 685 Frontin.

1204 719 1236 747 1.
1266 708 1390 757 Mag.

1220 802 1224 805 Α
1259 769 1350 808 Hac
1368 770 1482 818 long-e
1498 768 1578 807 alio
1593 767 1812 819 spectabat]
1853 767 2019 808 Schotti
2039 769 2088 808 li·

1206 831 1299 882 ber,
1329 831 1420 871 Ηοο
1450 831 1561 881 louge
1589 831 1717 870 aniano
1747 830 1994 881 spectabant.-
2023 843 2089 872 re·

1206 894 1307 947 fingi
1328 900 1488 947 posset,
1513 894 1621 934 aliud
1647 895 1760 944 louge
1785 894 1914 933 animo
1939 899 2088 945 specta-

1207 960 1322 1000 bant.-
1351 959 1434 999 etsi
1464 957 1625 1008 verbis,
1653 957 1810 1010 iuquit,
1839 956 1964 997 aliud.
1981 956 2092 998 fere·

1209 1023 1328 1073 bant,
1369 1022 1508 1061 animo
1549 1026 1691 1061 tamen
1736 1020 1790 1060 ad
1834 1031 1922 1059 rem
1960 1020 2090 1072 longe

1209 1086 1335 1126 aliam
1355 1085 1644 1126 collimabant.
1695 1083 1895 1123 Gebhard.

1265 1151 1404 1189 Muros
1421 1147 1588 1199 instrui]
1605 1148 1677 1188 Sic
1692 1158 1837 1186 omnes
1853 1146 1960 1187 editi
1978 1158 2091 1199 praef-

1209 1212 1381 1254 ferunt:
1412 1219 1457 1253 et
1474 1213 1537 1252 ‘tta
1554 1212 1744 1265 loquitur
1762 1210 1934 1251 Curtius
1947 1210 2023 1250 lib.
2043 1222 2091 1252 v.

1209 1284 1251 1319 5.
1275 1282 1289 1302 ‘
1306 1291 1448 1318 murus
1470 1278 1708 1317 instructus
1730 1275 1939 1315 laterculo
1957 1274 2093 1315 cocti-

1208 1339 1266 1381 li!
1302 1341 1427 1380 Idem.

1264 1405 1347 1444 His
1373 1402 1628 1455 praesentibus
1654 1401 1870 1453 desierunt]
1902 1400 2092 1441 Consilio

1207 1467 1521 1508 Themistoclis.
1551 1467 1664 1506 Nam
1675 1464 1755 1504 uisi
1765 1463 2094 1503 intermisissent

1209 1533 1506 1579 munitionem,
1525 1544 1551 1570 a
1571 1528 1906 1571 Lacedaemoniis
1925 1540 2007 1580 ope
2025 1541 2092 1569 re-

1209 1597 1423 1648 liquorum
1450 1593 1862 1646 Peloponnesiorum
1889 1596 2094 1643 poterant

1210 1658 1412 1711 impediri
1446 1658 1485 1698 vi
1526 1661 1704 1697 armata.
1754 1655 1885 1695 Diod.
1925 1654 1996 1694 lib.
2026 1666 2094 1696 xl.

1210 1722 1494 1771 συνεβούλευεν
1530 1720 1639 1772 ἔχειν
1681 1719 1864 1772 ἡσυχίαν·
1918 1719 1985 1759 ἐὰν
2015 1720 2094 1773 γὰρ

1210 1788 1442 1841 βιάζωνται,
1470 1786 1606 1840 ῥᾳδίως
1645 1783 1737 1826 τοὺς
1775 1783 2096 1834 Λακεδαιμονίους

1209 1853 1310 1904 μετὰ
1334 1855 1414 1893 τῶν
1431 1848 1755 1898 Πελοποννησίων
1777 1847 2095 1901 στρατεύσαντας

1210 1902 1402 1958 κωλύσειν
1440 1914 1579 1956 αὐτοὺς
1599 1945 1601 1948 <
1618 1912 1808 1964 τειχίζειν
1851 1912 1928 1960 τὴν
1964 1911 2095 1953 πόλιν.

1215 1982 1414 2022 Gebhard.
1469 1979 1583 2020 Vide
1618 1977 1910 2030 Thucydidem
1952 1977 2026 2018 lib.
2059 1988 2092 2017 1.

1213 2044 1344 2097 Apud
1360 2043 1637 2085 Plutarchum
1652 2042 1696 2081 in
1709 2041 2011 2092 Themistocle,
2024 2052 2096 2080 ne-

1216 2121 1299 2163 que
1344 2110 1399 2150 de
1436 2108 1610 2160 Legatis
1651 2105 1832 2146 retentis
1863 2117 2004 2158 neque
2042 2105 2096 2146 de

1215 2185 1344 2225 opere
1397 2171 1644 2212 intermisso
1700 2169 1831 2209 uuum
1898 2168 2095 2208 verbum.

1215 2235 1397 2276 Lambin.

1273 2297 1491 2351 Proecepit]
1551 2295 1765 2337 Diodorus
1815 2293 2096 2346 παρήγγειλεν.

1218 2364 1330 2404 Caes.
1346 2361 1402 2402 de
1422 2362 1475 2402 B.
1487 2361 1534 2401 C.
1553 2371 1625 2400 ιιι.
1640 2363 1707 2400 62.
1725 2359 1738 2381 ‘
1755 2357 1872 2400 Quid
1884 2371 1910 2398 a
1927 2371 2097 2411 quoque

1216 2426 1311 2467 fieri
1330 2425 1452 2477 velit,
1469 2422 1710 2477 praecepit.'
1745 2422 1920 2463 Curtius
1938 2423 2012 2463 lib.
2029 2434 2098 2464 lx.

1219 2494 1285 2531 11.
1325 2490 1455 2531 Gebh.

1277 2555 1334 2595 Ut
1363 2554 1524 2594 interim
1555 2564 1684 2593 omnes
1710 2551 1816 2592 servi
1843 2554 1960 2603 atque
1986 2549 2099 2590 liberi

1216 2630 1310 2672 opas
1313 2617 1516 2668 facerent]
1542 2617 1614 2656 Sic
1628 2614 1915 2667 'rhiicydides
1940 2613 2101 2653 Diodo-

1215 2694 1285 2722 rus
1295 2682 1467 2733 extulit,
1480 2678 1667 2731 πανδημεὶ
1681 2677 1870 2730 τειχίζειν
1878 2677 1953 2725 τὴν
1962 2678 2095 2719 πόλιν.

1218 2747 1343 2787 Idem.

1278 2811 1423 2848 Omnes
1448 2807 1551 2847 servi
1576 2801 1689 2857 atque
1725 2803 1839 2844 liberi
1870 2815 1964 2855 opus
1990 2802 2101 2853 face·

1218 2873 1326 2924 rent]
1364 2874 1474 2925 Opus
1492 2873 1547 2912 de
1565 2871 1865 2913 aedificatione.
1906 2872 1967 2911 Ut
1984 2869 2099 2923 apud

1219 2936 1400 2977 Poe'tam
1418 2951 1428 2976 ε
1459 2938 1471 2959 ‘
1493 2936 1687 2987 pendent
1701 2947 1835 2988 opera
1857 2936 2102 2988 interrupta

1218 2999 1433 3053 minaeque
1465 3000 1685 3039 Mun-orum
1714 2999 1943 3051 ingentes!
1984 2998 2100 3039 Vide

1221 3062 1368 3104 Gifan.
1408 3063 1462 3103 ad
1509 3065 1680 3103 Lucret.
1744 3063 1801 3102 Et
1838 3063 1935 3101 hinc
1968 3072 2102 3113 opera

1221 3127 1422 3167 dicuntur
1440 3127 1576 3174 locari,
1592 3127 1765 3176 conduci,
1784 3125 1918 3165 ICtis.
1964 3125 2102 3164 Usur-

1221 3196 1327 3243 pant
1363 3192 1424 3232 sic
1454 3202 1600 3230 vocem
1634 3186 1952 3237 ἀποτελέσματος
1982 3187 2102 3229 Plut.

1222 3260 1268 3294 et
1312 3254 1465 3306 Polyb.
1517 3252 1775 3292 Aristoteles
1814 3249 1932 3303 ἔργον
1974 3255 2103 3291 vocat

1221 3315 1344 3356 initio
1362 3316 1760 3356 Nicomacheorum.
1806 3315 2007 3356 Kenchen.

1276 3379 1371 3419 Sive
1388 3390 1497 3418 sacer
1511 3382 1626 3428 esset,
1643 3378 1724 3417 sice
1737 3377 1938 3429 privam]
1970 3376 2101 3416 Scho-

1222 3443 1367 3483 liastes
1396 3442 1438 3482 in
1471 3441 1770 3494 Aristophanis
1805 3442 2007 3493 Equites:
2046 3440 2103 3488 μὴ

1222 3505 1469 3559 matoneum
1500 3504 1601 3556 μήτε
1636 3503 1733 3545 ἰδίου
1769 3502 1868 3555 μήτε
1918 3502 2105 3553 δημοσίου
