2326 3944
712 155 758 186 ’ἡ

614 256 767 299 fu:
799 256 1316 306 'rusum-rounam,
1355 257 1490 295 car.
1525 242 1581 296 2.

194 416 197 418 ,
214 380 354 430 βενε
386 375 552 418 Latinis
573 375 802 417 dicantur.
856 376 1010 417 Cicero
1046 375 1100 415 de

217 439 435 482 oratore:
478 440 491 462 ‘
530 438 807 480 Gladiatores
848 445 894 478 et
923 438 1102 478 vitando

218 508 351 544 caute
377 507 424 544 et
449 501 638 554 petendo
659 502 936 541 vehementer
962 502 1105 541 omnia

219 564 406 616 faciunt,
424 566 590 606 utiliter
609 564 663 605 ad
682 576 882 618 pugnam,
899 570 945 604 et
962 564 1015 604 ad
1034 565 1103 604 ad-

222 633 421 684 spectum
443 646 446 648 ’
458 629 681 683 jitcunde.'
757 632 845 670 Pro
887 630 1074 669 Murena
1092 643 1103 669 ι

219 694 428 734 &Etenim
458 693 647 743 sciebam
673 692 903 733 Catilinam
932 703 1016 731 non
1045 693 1104 731 la-

221 761 296 796 tus
311 762 390 796 aut·
401 761 610 804 ventrem,
630 754 707 795 sed
725 759 858 806 caput
885 760 931 794 et
950 754 1105 794 collum

222 818 364 861 solere
379 818 558 870 petere!
577 817 727 858 Claud.
743 817 798 857 de
810 818 934 857 Bello
945 817 1105 857 Getico

222 891 289 927 ‚n-
303 884 375 922 9⁹.
392 882 407 903 ⁴
419 881 516 921 Nec
536 881 648 922 tanti
666 893 821 920 nomen
842 881 1104 932 stirpemque

223 944 397 986 abolere
434 945 646 986 Getarum
683 945 745 984 Ut
778 945 951 996 propius
987 950 1104 995 pete·

221 1019 339 1061 rere,
353 1008 462 1050 fuit.²
517 1008 640 1048 Infra
658 1007 897 1049 Annibale:
930 1009 943 1031 ‘
962 1008 1106 1049 Sensit

222 1072 272 1114 id
290 1083 377 1114 non
395 1072 576 1114 fortuito
594 1071 774 1123 factum,
801 1071 879 1112 sed
911 1083 956 1112 se
984 1071 1106 1124 peti!

223 1136 322 1177 Liv.
352 1136 424 1176 lib.
458 1146 630 1176 xxxin.
658 1136 671 1158 ⁴
691 1134 950 1175 Annibalem
966 1146 1104 1181 ‚unum

214 1209 270 1239 ιο
294 1198 384 1251 peti
406 1211 430 1238 a
449 1198 654 1239 Romanis
681 1210 766 1238 non
793 1197 1004 1238 fallebat!
1029 1199 1107 1237 Ta-

222 1263 300 1304 cit.
329 1261 538 1314 Agricola
556 1273 654 1314 cap.
673 1265 742 1302 31.
761 1260 879 1302 Just.
906 1260 982 1301 lib.
1003 1271 1105 1301 xrx.

219 1331 266 1367 ⁵.
295 1326 309 1349 ‘
330 1327 484 1378 Neque
512 1326 628 1366 enim
657 1324 831 1366 dubium
861 1330 957 1364 erat
973 1324 1107 1375 impe-

221 1389 335 1431 rium
353 1389 582 1431 Persarum
599 1388 664 1429 his
680 1387 959 1441 apparatibus
986 1386 1106 1438 peti.'

223 1452 378 1494 Cicero
406 1452 452 1492 in
470 1450 666 1492 Clodium
681 1450 736 1492 :-‘
756 1450 1109 1502 Quotiescunque

221 1527 297 1558 me
314 1515 480 1568 petisti,
499 1527 578 1567 per
604 1526 672 1556 me
702 1514 785 1575 tibi
812 1513 980 1565 obstiti,
995 1525 1108 1555 nunc

226 1590 362 1632 remp.
380 1578 621 1621 universam
638 1577 782 1630 petis.’
824 1577 1028 1621 Gebhard.

226 1643 453 1695 :Propter
464 1650 639 1694 pugnam
658 1639 972 1692 Marathoniam]
999 1640 1050 1680 oi
1066 1639 1110 1681 δὲ

222 1707 417 1754 Ἀθηναῖοι
434 1706 514 1746 πᾶν
530 1706 648 1746 τοῦτο
667 1703 721 1746 εἷς
742 1703 883 1746 αὐτοὺς
897 1703 1020 1754 ᾤοντο
1035 1718 1108 1743 παι-

224 1769 547 1821 ρασκευάζεσθαι,
563 1770 625 1810 διὰ
639 1768 688 1809 τὸ
715 1770 757 1811 ἐν
774 1770 978 1821 Μαραθῶνι
995 1766 1109 1819 γενό-

223 1842 355 1882 μενον.
410 1831 554 1874 Aliam
579 1845 751 1873 causam
770 1832 892 1873 istius
910 1832 1014 1875 belli
1034 1831 1108 1874 ad-

225 1894 316 1936 fert
336 1895 534 1936 Callicles
553 1896 669 1948 apud
691 1895 919 1938 Platonem
936 1896 980 1937 in
1000 1894 1110 1938 Gor-

223 1959 322 2012 gia3
351 1959 423 2011 qui
450 1960 567 2000 nullo
597 1959 682 1999 alio
702 1958 803 2010 jure
833 1959 915 1999 hoc
941 1958 1108 2000 illatum

226 2023 438 2076 disputat,
449 2037 574 2078 qnam
587 2037 755 2078 quo-res
780 2024 1109 2067 imbecilliorum

224 2091 328 2128 sunt
347 2090 653 2138 potentiorum.
695 2087 878 2129 Lambin.

283 2150 528 2202 consultum]
555 2151 737 2192 Modum
765 2151 1015 2192 consulendi
1049 2151 1111 2192 O·

228 2213 375 2253 racula
390 2218 516 2254 notat
531 2213 586 2253 ad
602 2213 900 2267 Aristophanis
933 2215 1110 2256 Plutum

226 2276 508 2318 Scholiastes.
564 2278 616 2318 ot
639 2278 926 2332 μαντευόμενοι,
953 2280 1109 2333 inquit,

229 2340 421 2395 ἐγγράφῳ
439 2342 664 2384 ἂνακοιῶσει
690 2343 785 2397 πρὸς
801 2343 873 2384 τὸν
907 2343 996 2384 θεὸν
1038 2343 1111 2385 τὰς

229 2404 387 2447 πεύσεις
418 2406 633 2460 ἐποιοῦντο,
661 2407 880 2461 γράφοντες
904 2408 946 2447 ἐν
962 2408 1111 2458 πυκτίῳ

227 2468 277 2509 τὸ
301 2469 403 2510 κατὰ
417 2470 639 2523 προαίρεσιν
663 2471 794 2512 αὐτοῖς
811 2472 1001 2522 κείμενον,
1019 2484 1111 2510 στε-

229 2531 340 2584 φάνῳ
355 2548 403 2574 τε
420 2535 686 2586 ἀμφιπάντες
699 2535 818 2588 ἃβρῷ,
830 2534 1112 2588 τῇμαντιπόλῳ

229 2596 508 2648 ἐχειροτόνουν.
527 2600 549 2639 ὁ
567 2598 610 2640 δὲ
629 2600 802 2650 ἐντυχὼν
814 2599 1021 2651 σῦμφωνον
1037 2597 1112 2647 τὴν

231 2658 435 2712 ἀπόκρισιν
467 2663 552 2702 τοῖς
585 2661 891 2715 προτεινομένοις
927 2663 1109 2703 baviel-ro.

230 2723 438 2764 Gebhard.

287 2786 857 2842 Quidnamfacerentderebus
867 2788 967 2841 suis]
987 2790 1113 2836 Quid-

229 2862 325 2890 nam
337 2849 519 2898 facerent
538 2850 651 2891 rebus
666 2851 762 2891 suis.
790 2850 959 2892 Schott.
986 2851 1112 2892 Lam-

285 2973 622 3027 Delibermitibus]
649 2974 760 3016 Vide
778 2980 904 3017 notas
921 2988 1051 3028 supra
1067 2975 1113 3016 in

231 3037 422 3079 Miltiad.
465 3038 478 3060 ‘
497 3038 723 3091 Principes
743 3039 934 3092 Delphos
950 3039 1114 3079 delibe-

230 3106 372 3141 ratum
391 3100 507 3141 missi
521 3101 651 3142 sunt.'

286 3163 440 3215 Pythia
483 3165 701 3217 respondit]
741 3163 880 3219 Ξέρξου
921 3163 1114 3217 ἐπιόντος,

230 3224 401 3278 ἔχρησεν
417 3227 440 3266 ὁ
458 3227 557 3271 θεός.
588 3227 794 3279 Syrianus
811 3230 856 3269 in
874 3229 1111 3282 Hermoge-

229 3301 342 3331 nem.
397 3290 469 3331 Sic
502 3291 575 3330 τοῦ
603 3290 692 3330 θεοῦ
719 3291 955 3345 χρήσαντος,
972 3293 1112 3345 inquit

228 3346 457 3405 Sopater,
477 3354 591 3406 quod
620 3360 704 3405 est,
747 3356 917 3395 oraculo
949 3355 1112 3405 discere.

231 3414 523 3459 Keuehenius.
549 3417 649 3456 Vid.
668 3430 761 3469 sup.
778 3419 830 3458 ad
852 3430 883 3458 1.
905 3422 944 3458 l.

290 3477 348 3518 Ut
359 3478 548 3519 ιιιιειιὶὺιιε
561 3480 703 3529 ligneis
717 3492 760 3521 se
772 3481 987 3535 munirent]
1001 3481 1111 3522 Ora-

339 3545 493 3599 Delplt.
508 3550 551 3587 et
574 3546 668 3591 ναν.
683 3548 792 3591 Clas.

1108 3548 1215 3602 Nep·

1938 240 2054 298 m

1162 376 1307 415 culum
1326 374 1541 427 integrum
1570 374 1660 414 sive
1694 381 1944 426 responsum
1974 383 2050 412 ex-

1163 442 1253 477 stat
1272 438 1387 489 apud
1408 437 1676 477 Herodotum
1693 436 1768 477 lib.
1790 448 1872 476 vu.
1917 436 2049 487 Cujus

1165 503 1228 542 vis
1247 504 1291 542 in
1311 504 1393 542 hoc
1410 504 1518 542 latet
1547 503 1760 542 carmine:
1803 503 1944 551 Τεῖχος
1967 515 2049 552 τρι-

1163 567 1324 615 τογενεῖ
1344 564 1498 615 ξύλινον
1515 567 1615 604 διδοῖ
1635 564 1802 618 εὐρύοπα
1819 564 1928 615 Ζεὺς,
1946 564 2051 604 Μοῦ-

1165 645 1232 669 νον
1259 629 1478 683 ἀπόρθητον
1504 629 1696 682 τελέθειν,
1725 630 1774 670 τό
1801 645 1848 670 σε
1874 628 1995 670 τέκνα
2012 630 2051 669 τ’

1166 694 1295 743 ὀνήσει
1313 709 1324 736 :
1353 697 1367 718 ‘
1385 695 1560 748 Jupiter
1575 709 1599 736 e
1625 697 1742 748 ligno
1761 696 1893 735 muris
1910 695 2052 735 Trito·

1165 760 1266 800 nida
1286 760 1436 808 donat,
1457 761 1542 802 Qui
1574 759 1652 799 soli
1678 759 1827 799 invicti
1847 759 1925 798 tibi
1949 758 2053 810 sint,

1166 822 1366 876 natisque
1386 823 1540 863 saluti?
1583 822 1736 863 Refert
1757 828 1803 862 et
1822 823 2052 873 Polyaenus

1166 886 1244 925 lib.
1280 897 1312 926 1.
1345 887 1478 926 Sti-at.
1506 886 1645 926 Lamb.
1675 886 1837 935 Longol.
1882 885 2054 926 Praeter

1166 962 1240 990 eos
1259 949 1443 990 Aristot.
1463 961 1494 989 ῐ.
1511 950 1636 988 Rhet.
1654 949 1748 989 Cic.
1768 952 1807 988 3.
1828 947 1884 986 de
1904 946 2054 987 officiis

1166 1017 1212 1052 et
1240 1012 1294 1052 ad
1323 1011 1460 1053 Attic.
1492 1012 1633 1064 Epist.
1663 1023 1707 1052 x.
1728 1014 1769 1052 7.
1793 1011 1891 1050 Val.
1921 1021 1983 1051 νι.
2011 1015 2053 1051 5.

1167 1074 1363 1116 Frontin.
1376 1087 1410 1115 1.
1424 1075 1562 1114 Strat.
1577 1077 1618 1115 3.
1632 1074 1660 1116 J
1666 1073 1792 1114 ustin.
1804 1084 1856 1113 11.
1885 1072 2054 1113 Savum.

1223 1138 1310 1182 Quo
1323 1137 1488 1188 valeret]
1507 1138 1604 1180 Quo
1622 1141 1839 1189 vergeret,
1854 1148 1938 1189 quo
1958 1147 2057 1188 pro·

1166 1200 1395 1252 penderet,
1425 1212 1628 1253 quorsum
1660 1203 1894 1252 spectaret.
1935 1199 2055 1239 Aris-

1167 1264 1288 1316 toph.
1308 1264 1459 1305 Pluto.
1490 1265 1574 1304 Οὐκ
1604 1263 1688 1305 ἔσθ’
1721 1263 1824 1305 ὅπως
1839 1264 1862 1303 6
1879 1262 2057 1316 χρησμὸς

1168 1326 1222 1367 εἲς
1236 1327 1346 1367 τουτὶ
1363 1325 1482 1379 ῥέπει.
1511 1329 1653 1369 Cicer.
1672 1328 1727 1368 de
1747 1333 1902 1368 natura
1921 1326 2057 1370 Deor.

1166 1391 1179 1414 ‘
1197 1390 1327 1433 Quod
1347 1403 1399 1431 eo
1417 1390 1625 1434 volebat!
1669 1391 1869 1432 Gebhard.

1195 1487 1199 1490 .
1226 1455 1327 1494 Cam
1360 1454 1604 1505 intelligeret
1644 1453 1775 1505 nemo]
1800 1465 1803 1467 ’
1820 1453 1909 1494 ΑΙίἰ
1942 1453 2057 1494 enim

1167 1516 1300 1558 muris
1317 1517 1499 1571 lapideis
1527 1517 1761 1559 destructis
1779 1516 2057 1558 aedificandos

1168 1591 1316 1620 eornm
1336 1581 1432 1621 loco
1450 1580 1615 1632 ligneos
1637 1579 2056 1632 interpretabantur.

1168 1642 1371 1694 Quidam,
1392 1647 1560 1683 veteres
1577 1655 1683 1695 sepe
1701 1642 1963 1683 ambiendos.
1995 1642 2056 1683 At

1170 1706 1357 1746 omnium
1388 1706 1550 1758 optime
1586 1705 1896 1746 Themistocles
1932 1720 2058 1757 παρα-

1170 1769 1432 1822 σκευάζεσθαι
1460 1770 1514 1812 ὣν
1547 1769 1687 1812 αὐτοὺς
1712 1771 1762 1811 ὣς
1782 1769 2055 1822 ναυμαχήσον-

1170 1848 1256 1886 τας,
1282 1833 1557 1888 συνεβούλευε,
1585 1835 1635 1875 ὥς
1666 1833 1809 1875 τούτου
1830 1833 1966 1875 ἐόντος
1989 1834 2061 1874 τοῦ

1170 1896 1325 1948 ξυλίνου
1365 1897 1533 1950 τείχεος.
1605 1897 1825 1940 Valebant
1869 1909 2059 1951 namque

1169 1961 1458 2004 Athenienses
1495 1964 1665 2013 classe3
1693 1963 1783 2017 qui,
1818 1963 1852 2004 sl
1874 1963 2059 2016 periculi

1170 2025 1460 2077 impendentis
1490 2032 1611 2067 metu
1645 2032 1692 2066 et
1723 2026 1841 2067 tristi
1873 2026 2059 2078 praedie-

1171 2088 1290 2128 tione
1306 2089 1471 2129 oraculi
1491 2089 1546 2129 de
1566 2088 1736 2129 excidio
1751 2088 1883 2128 Urbis
1904 2088 2062 2140 territi,

1173 2151 1313 2192 Xerxi
1333 2164 1429 2194 sese
1446 2153 1725 2204 dedidissent,
1742 2158 1837 2194 tota
1851 2153 1965 2193 haud
1985 2153 2062 2193 du·

1170 2214 1242 2255 bie
1261 2214 1436 2256 Graecia
1463 2216 1508 2259 in
1539 2216 1772 2256 Persarum
1798 2221 2060 2268 potestatem

1171 2276 1328 2318 fuisset
1349 2278 1539 2319 redacta.
1596 2279 1714 2320 Hinc
1732 2291 1816 2319 non
1843 2279 2059 2319 immerito

1171 2341 1344 2382 eosdem
1376 2347 1507 2383 vocat
1538 2342 1552 2365 ‘
1571 2342 1756 2383 Groecise
1783 2340 2058 2383 servatores'

1172 2403 1439 2444 Herodotus.
1480 2405 1684 2446 Keuchen.

1229 2467 1502 2507 Themistocles
1528 2467 1957 2519 permutandum
1978 2478 2059 2507 esse

1171 2529 1388 2583 Apollinis]
1415 2532 1631 2571 Maximus
1658 2532 1811 2584 Tyrius
1837 2530 1964 2571 Orat.
1982 2541 2058 2580 ιιι.

1170 2595 1218 2634 ‘O
1237 2593 1279 2634 δὲ
1299 2594 1384 2635 θεὸς
1402 2595 1533 2635 αὐτοῖς
1549 2595 1628 2647 χρᾷ
1641 2593 1880 2647 φράττεσθαι
1891 2593 1939 2633 τὸ
1958 2592 2061 2633 ἄστυ

1171 2657 1310 2708 ξυλίνῳ
1325 2656 1466 2708 τείχει.
1502 2659 1773 2707 Θεμιστοκλῆς
1797 2655 1924 2708 λέγει,
1944 2655 2005 2696 ὅτι
2022 2656 2061 2696 οἱ

1173 2720 1341 2761 δοκεῖτὸ
1357 2719 1511 2771 ξύλινον
1540 2722 1675 2772 τεῖχος
1702 2721 1742 2761 αἱ
1758 2719 1923 2773 τριήρεις
1945 2719 2057 2761 εἶναι.

1173 2783 1451 2837 Adducitque
1470 2789 1518 2824 ut
1532 2785 1775 2836 exemplum
1795 2783 2059 2824 Aristotele·

1174 2848 1300 2888 Rhet.
1319 2847 1400 2892 lib.
1420 2854 1450 2888 1.
1470 2848 1525 2887 de
1542 2846 1698 2888 futuris
1716 2848 1914 2888 oraculis.
1945 2847 2060 2887 Vide

1175 2911 1457 2951 Plutarchum
1477 2911 1521 2951 in
1547 2911 1850 2951 Themistocle.
1888 2910 2059 2963 Polyae·

1175 2986 1275 3014 num
1292 2975 1429 3016 Strat.
1449 2986 1481 3017 1.
1522 2975 1621 3016 Hoc
1652 2982 1848 3028 tempore
1868 2975 2060 3026 Cyrsilus

1174 3037 1348 3091 quidam
1380 3037 1712 3078 Atheniensibus
1741 3037 1974 3087 suadebat;
2009 3042 2061 3078 ut

1172 3102 1217 3142 in
1250 3102 1356 3142 urbe
1385 3107 1625 3152 manerent,
1644 3101 1922 3153 Xerxemque
1955 3100 2062 3140 reci·

1175 3171 1345 3217 perent.
1399 3165 1485 3206 Sed
1504 3166 1594 3217 ejus
1613 3164 1833 3204 consilium
1854 3167 2059 3215 tanquam

1175 3233 1304 3279 turpe
1323 3227 1630 3280 relinquentes,
1644 3225 1858 3278 lapidibus
1876 3236 1973 3265 eum
1985 3229 2062 3279 (ut

1174 3290 1330 3331 Cicero
1349 3289 1491 3342 inquit
1511 3287 1598 3329 off.
1617 3289 1691 3329 lib.
1711 3287 2060 3339 111.)obrneruut.

1174 3355 1359 3407 Legitur
1391 3354 1504 3406 apud
1534 3354 1813 3395 Demostlien.
1841 3354 1884 3393 ἐν
1900 3354 1957 3405 τῷ
1971 3351 2060 3406 περὶ

1173 3416 1373 3468 στεφάνου
1388 3416 1512 3468 λόγῳ.
1552 3417 1733 3467 Magius.

1231 3483 1337 3523 Eam
1353 3482 1458 3524 enim
1485 3495 1512 3523 ιι
1543 3483 1635 3525 Deo
1657 3480 1879 3535 signficari
1904 3491 2060 3522 ιιιιιηιιι
