2306 3900
382 316 478 372 viii

437 457 638 510 (magnam
654 455 813 509 gloriam
832 456 1034 511 bellicam)
1063 471 1124 506 κν,
1141 464 1164 499 5

385 509 514 562 Agere
529 510 699 561 aliquem
719 517 810 550 ante
828 524 884 558 se,
904 518 949 550 ut
966 511 1083 551 feram
1104 513 1263 553 bestiam

432 563 510 610 xiv,
530 566 555 603 3
589 562 674 616 (Sic
693 564 744 603 de
761 564 938 604 adultera
952 565 1111 606 Tacitus
1131 567 1264 608 Germ.

431 617 510 663 xix,
529 619 555 657 2
584 622 596 639 ‘
612 617 980 658 nudatammaritus
1009 633 1077 672 per
1109 633 1262 661 omnem

434 670 564 710 vicum
583 672 739 711 verbere
750 671 878 726 agit').
891 685 1005 725 agere
1023 687 1111 714 cum
1129 674 1261 728 aliquo

430 723 639 777 (colloqui,
680 725 844 765 consilia
870 726 1036 780 agitare)
1081 741 1119 775 x,
1147 731 1176 768 2
1218 735 1262 767 ut

429 778 599 830 aliquam
614 777 687 817 sibi
704 791 859 819 uxorem
871 780 954 827 det,
973 781 1120 833 agimus
1139 781 1259 834 (trac-

426 837 525 878 tare,
542 831 774 885 transigere)
802 847 841 880 v,
861 837 883 873 1
925 833 1014 874 Sic:
1052 847 1166 887 agere
1191 848 1261 886 per

428 884 560 925 literas
577 897 666 937 quae
684 886 772 938 quis
792 886 940 939 cogitat
951 886 1068 941 (opp.
1087 887 1260 940 colloqui

426 951 517 978 cum
551 938 704 991 aliquo)
729 938 783 986 ix,
803 943 828 980 3
867 940 1012 980 bellum
1055 940 1260 994 (adminis-

426 991 548 1043 trare)
576 991 683 1039 xxiii,
704 995 730 1033 8
756 993 886 1047 (quod
901 1007 1100 1047 perperam
1120 996 1259 1036 mutari

424 1046 510 1085 vult
527 1045 730 1099 Lambin.)
749 1060 905 1087 causam
924 1047 1062 1101 populi
1081 1048 1258 1102 (studere

424 1099 686 1147 democratiae,
718 1100 929 1141 factionem
952 1102 1179 1154 popularem
1197 1102 1258 1141 fo-

426 1152 538 1205 vere)
564 1151 643 1201 xix,
662 1157 686 1194 3
716 1155 856 1207 gratias
881 1154 972 1194 Diis
1002 1167 1065 1202 xit,
1097 1160 1123 1197 4
1169 1156 1256 1209 lege

426 1219 516 1246 cum
548 1207 682 1259 aliquo
726 1222 790 1256 xx,
822 1214 846 1250 5
876 1208 988 1262 (vide
1021 1209 1140 1261 Lex.)
1177 1223 1257 1250 rem

420 1260 646 1300 mandatam
664 1267 710 1300 ut
727 1274 835 1301 suam
867 1276 957 1309 xxv,
978 1266 1028 1303 15
1059 1262 1142 1316 egit
1158 1263 1256 1302 nihil

420 1314 544 1361 aliud,
566 1327 683 1366 quam
702 1321 747 1355 ut
765 1316 938 1368 plurimis
974 1323 1078 1356 esset
1110 1316 1256 1358 auxilio

419 1366 673 1421 (περίφρασις
707 1382 858 1421 magnae
894 1370 1161 1410 contentionis
1206 1384 1253 1410 ac

419 1421 539 1460 studii
553 1437 566 1471 3
597 1422 704 1470 alibi,
719 1428 732 1446 ‘
746 1423 843 1461 nihil
863 1420 971 1462 aliud
987 1423 1143 1462 molitus
1162 1423 1256 1476 est’)
1296 1445 1305 1452 -ν

418 1488 508 1522 xxv,
542 1479 592 1517 11
641 1489 722 1515 non
772 1476 879 1516 aliud
928 1476 1141 1529 quicquam
1173 1477 1256 1531 egit

386 1539 390 1547 ¹
419 1541 536 1581 quarn
567 1529 730 1569 armavit
745 1543 875 1583 regem
903 1530 1011 1577 xxiii,
1031 1535 1083 1571 10
1127 1537 1254 1570 orato-

417 1595 494 1629 res,
512 1582 581 1634 qui
598 1581 695 1622 nihil
721 1582 830 1622 aliud
848 1590 1013 1636 egerunt
1030 1583 1120 1637 (qui
1139 1584 1255 1624 unice

301 1638 310 1646 “
369 1658 371 1660 -
418 1636 583 1675 oratorio
616 1636 748 1675 studio
783 1637 1083 1689 incubuerunt),
1130 1637 1192 1676 Fr.
1228 1643 1252 1678 5

417 1695 592 1741 aguntur
618 1689 827 1742 diligenter
862 1691 1007 1743 vigiliae
1042 1691 1082 1730 in
1120 1691 1254 1730 castris

415 1742 498 1789 viii,
517 1747 543 1784 4
565 1744 615 1782 ad
634 1745 828 1795 agendam
842 1744 961 1784 vitam
974 1744 1030 1784 uti
1050 1745 1256 1797 praeceptis

414 1796 735 1849 philosophorum
770 1798 844 1851 (ad
875 1811 989 1837 usum
1022 1797 1112 1838 vitae
1132 1804 1255 1837 trans-

413 1850 513 1890 ferre
523 1857 721 1904 praecepta
737 1866 746 1890 :
764 1865 858 1904 opp.
870 1852 922 1891 ad
934 1850 1256 1903 ostentationem)

412 1917 502 1951 xxv,
523 1909 574 1945 17
604 1905 637 1943 si
655 1905 749 1957 quid
770 1906 821 1946 de
834 1919 875 1946 se
893 1906 959 1958 agi
985 1906 1132 1946 vellent
1150 1905 1256 1960 (scil.

415 1956 651 2011 injudicio)
677 1958 747 2006 vii,
765 1962 791 1999 4
838 1959 964 2012 agitur
997 1960 1038 1998 id
1071 1959 1256 2013 (consilia

411 2011 506 2051 illuc
526 2010 715 2065 tendunt)
742 2013 785 2060 ii,
806 2018 831 2053 5
860 2013 991 2053 resciit
1005 2013 1102 2075 quid
1121 2026 1257 2066 agere·

411 2072 474 2104 tur
487 2064 732 2119 (strueretur,
754 2066 974 2120 pararetur)
996 2080 1074 2114 xlv,
1089 2070 1116 2107 2
1135 2067 1255 2120 (quid

412 2126 589 2172 ageretur
634 2120 890 2172 ignorabant:
940 2121 1097 2161 additur
1134 2117 1249 2171 ’ἑπεξ·

411 2174 622 2224 ηὙτγι-ικῶς,
655 2179 724 2212 aut
737 2187 856 2227 quare
884 2175 994 2214 fieret
1011 2189 1021 2213 ε
1042 2188 1131 2214 nam
1151 2175 1246 2227 quid

408 2227 464 2266 rei
482 2233 672 2279 ageretur,
691 2227 900 2267 videbant:
920 2241 1001 2267 non
1015 2227 1109 2267 item
1122 2242 1191 2268 cur
1209 2235 1249 2268 et

409 2293 489 2332 quo
522 2280 699 2320 consilio.
757 2281 889 2328 Quare
927 2281 970 2320 in
988 2281 1048 2320 his
1067 2282 1247 2321 omnibus

411 2333 509 2373 locis
542 2335 707 2373 subaud.
735 2341 795 2374 est
810 2335 1012 2386 negotium
1031 2342 1100 2374 aut
1118 2335 1247 2374 consi-

407 2386 503 2426 lium
519 2400 532 2437 3
552 2393 595 2426 ut
611 2387 654 2426 in
674 2387 830 2426 similib.
858 2388 1090 2428 locutionib.
1108 2388 1248 2427 volunt

405 2441 585 2480 Sanctius
602 2439 671 2480 lib.
696 2444 738 2481 4.
765 2441 959 2481 Minervas
991 2455 1033 2494 p.
1066 2445 1159 2483 292.
1206 2448 1248 2480 et

408 2498 503 2535 324.
530 2494 675 2546 Schop.
698 2493 769 2534 Gr.
788 2494 936 2534 Philos.
956 2508 998 2555 p.
1018 2494 1092 2548 68)
1120 2495 1247 2547 agitur

408 2548 449 2587 in
465 2562 513 2587 ea
540 2562 581 2588 re
598 2547 833 2588 existimatio
852 2548 1020 2601 alicujus
1039 2548 1246 2602 (vertitur)

408 2616 498 2650 xxv,
515 2606 566 2643 15
597 2602 629 2641 si
648 2601 727 2654 qua
745 2614 804 2642 res
823 2602 948 2655 major
966 2608 1054 2642 acta
1069 2609 1128 2642 est
1155 2616 1246 2650 xxv,

405 2660 431 2696 4
459 2656 578 2695 nullis
598 2656 662 2708 agi
679 2656 833 2696 casibus
851 2655 1028 2710 (agitari,
1049 2657 1247 2696 demoveri

406 2723 431 2749 a
466 2710 667 2762 proposito
694 2709 836 2763 animi)
865 2714 996 2756 xxv,9
1024 2710 1142 2764 (opp.
1174 2710 1247 2749 mi-

404 2764 474 2803 nui
491 2779 500 2803 z
537 2776 655 2816 quare
671 2764 831 2815 quidam
851 2763 928 2816 legi
948 2764 1112 2812 malunt,
1130 2776 1247 2816 auge·

408 2816 505 2871 tur).
542 2822 712 2857 actorem
745 2823 1024 2870 auctoremque
1060 2819 1103 2857 in
1139 2817 1245 2856 omni

405 2870 680 2923 procuratione
693 2871 790 2923 reip.
810 2872 951 2911 habere
965 2870 1134 2924 aliquem
1155 2885 1245 2918 xxv,

403 2929 428 2966 3
459 2925 610 2978 (Buch.
644 2926 684 2964 in
708 2925 824 2964 Thes.
855 2925 910 2964 ait
929 2934 1125 2965 auctorem
1145 2938 1246 2973 esse,

402 2978 472 3031 qui
484 2979 624 3018 suadet
642 2978 868 3031 praecipitve
882 2992 976 3026 rem,
1004 2985 1046 3019 et
1058 2978 1245 3018 rationem

401 3032 562 3085 gerendi
594 3037 805 3071 monstrat:
827 3037 1028 3079 'actorem,
1071 3033 1138 3085 qui
1175 3033 1245 3071 ad-

402 3087 594 3126 ministrat
638 3099 685 3126 ac
719 3091 839 3139 curat.
886 3086 1013 3126 Aliter
1052 3086 1243 3125 Emstius.

400 3140 532 3181 Caesar
548 3139 599 3180 B.
619 3140 735 3181 Civil.
759 3143 796 3180 1.
829 3145 841 3163 ‘
857 3139 926 3179 illo
942 3146 1101 3181 auctore
1127 3146 1246 3193 atque

403 3194 582 3246 agente')

352 3248 456 3299 Ager
475 3246 633 3300 (regio)
667 3247 776 3296 xxiii,
808 3254 832 3289 5
878 3261 969 3301 ager
985 3247 1104 3288 Troas
1145 3246 1198 3295 iv,
1218 3251 1244 3288 3

402 3314 492 3352 agro
530 3301 669 3340 donati
706 3301 818 3341 liberi
855 3302 1062 3354 Pelopidas
1108 3302 1188 3349 xvi,
1218 3306 1243 3342 5

400 3353 549 3405 agellus
566 3354 640 3407 (de
663 3356 773 3394 tenui
792 3357 980 3419 possess.)
1002 3356 1079 3403 xix,
1101 3359 1122 3396 1
1155 3368 1246 3417 ager
1267 3363 1275 3369 ’

398 3406 589 3446 Falernus
608 3408 740 3460 (regio
761 3409 991 3462 Campanrae
1010 3409 1245 3449 fertilisslma

405 3462 456 3500 ad
476 3460 716 3500 Vulturnum
737 3463 776 3500 fl.
806 3463 856 3501 de
875 3477 954 3515 qua
973 3464 1132 3503 Cluver.
1151 3463 1244 3501 Ital.

399 3514 521 3568 antiq.
541 3514 593 3561 iv,
613 3519 650 3554 5.
668 3515 825 3554 Merula
838 3517 1039 3568 Cosmogr.
1060 3516 1243 3568 special.)

400 3582 490 3620 ager
505 3568 626 3607 Troas
654 3567 849 3623 (Phrygia
863 3570 998 3615 minor,
1016 3570 1120 3621 regio
1139 3568 1242 3607 Asiae

1203 307 1403 375 rNussx

1382 460 1485 500 circa
1497 460 1654 514 Trojam
1674 461 1827 514 urbem)
1851 461 1907 510 iv,
1923 467 1948 504 3

1328 513 1533 568 Agesilaus
1561 515 1779 555 Lacedaem.
1798 530 1863 556 rex
1876 518 2003 557 factus
2017 517 2058 557 in
2070 516 2203 560 Asiam

1385 569 1569 608 bellatum
1613 569 1870 621 proficiscitur
1896 571 1988 618 xvii,
2019 575 2046 612 2
2089 572 2206 612 indu·

1380 621 1460 662 cias
1479 622 1549 662 dat
1564 621 1810 677 Tissaphemi
1831 630 1871 663 et
1889 631 2015 664 servat
2031 627 2206 679 quamvis

1381 676 1544 727 perfido,
1574 675 1670 716 ibid.
1727 677 1939 731 Phrygiam
1994 679 2208 732 populatur

1378 729 1471 776 xvii,
1487 732 1512 771 3
1559 728 1706 782 Ephesi
1724 731 1883 771 militem
1914 739 2082 780 exercet,
2108 733 2206 772 ibid.

1379 782 1537 822 domum
1566 789 1768 824 revocatur
1794 784 1886 833 xvii,
1915 789 1943 826 4
1988 785 2137 826 Athen.
2165 795 2207 826 et

1377 835 1554 874 Boeotios
1572 837 1679 888 apud
1709 836 1926 878 Coroneam
1944 839 2080 886 vincit,
2111 839 2209 878 ibid.

1377 888 1579 928 victoriam
1598 889 1810 933 clementer
1826 898 1996 939 exercet,
2016 892 2113 932 ibid.
2127 892 2209 933 Co-

1378 941 1510 981 rinthii
1527 941 1618 982 belli
1638 942 1776 991 victor,
1809 945 1903 996 urbe
1919 945 2090 986 abstinet
2114 945 2206 993 xvii,

1376 999 1400 1035 5
1430 995 1636 1035 consilium
1653 997 1741 1049 ejus
1759 997 1927 1037 subitum
1955 998 2050 1046 xvii,
2065 1002 2097 1039 6
2121 1012 2210 1039 mu·

1376 1048 1576 1089 nificentia
1593 1055 1634 1089 et
1653 1050 1843 1090 modestia
1862 1051 1903 1090 in
1932 1051 2041 1091 cultu
2067 1051 2162 1099 xvii,
2179 1057 2206 1094 ’1

1375 1102 1548 1155 corporis
1566 1103 1678 1143 bonis
1695 1103 1829 1144 infelix
1856 1104 1951 1152 xvii,
1969 1108 1996 1146 8
2032 1111 2207 1146 contem·

1375 1162 1437 1195 tus
1459 1157 1508 1196 ab
1523 1156 1742 1210 AEgyptiis,
1760 1157 1857 1197 ibid.
1902 1157 2076 1207 moritur,
2109 1159 2210 1206 ibid.

1375 1222 1546 1249 summus
1578 1211 1659 1249 dux
1703 1211 1777 1258 xii,
1805 1215 1829 1251 1
1878 1211 2037 1252 nomine
2072 1212 2206 1266 potius

1374 1275 1489 1316 quam
1510 1269 1704 1316 potestate
1728 1277 1794 1304 rex
1822 1265 1900 1313 xxi,
1922 1269 1940 1305 1
1971 1266 2030 1319 (ei
2046 1278 2206 1319 compa·

1331 1361 1335 1363 ἢ
1373 1322 1480 1356 ratus
1495 1317 1704 1371 Chabrias)
1731 1318 1799 1366 xii,
1816 1322 1844 1359 2

1319 1371 1494 1424 Aggredi
1532 1371 1700 1424 aliquem
1750 1371 2021 1436 (impugnare)
2061 1372 2141 1419 xiv,
2177 1377 2205 1414 9

1371 1424 1497 1477 (bello
1518 1425 1712 1478 persequi,
1731 1425 1878 1465 bellum
1892 1425 2055 1478 inferre)
2081 1426 2161 1473 xiv,
2177 1430 2205 1467 4

1372 1477 1611 1517 adversarios
1628 1478 1807 1532 (adoriri,
1839 1479 1980 1519 irruere
2013 1479 2056 1519 in
2091 1479 2206 1530 adr.)

1370 1531 1414 1577 ii,
1433 1535 1460 1572 4
1505 1531 1675 1584 aliquem
1704 1532 1803 1572 ferro
1848 1531 1917 1580 vii,
1952 1535 2004 1574 10
2047 1533 2207 1585 aggredi

1371 1585 1540 1636 aliquem
1577 1585 1777 1624 absentem
1814 1585 2086 1639 (accusatione
2121 1586 2205 1626 scil.

1371 1638 1413 1676 in
1424 1637 1600 1689 judicio)
1625 1639 1694 1684 vii,
1709 1642 1736 1679 4
1764 1639 1814 1678 ab
1827 1639 1959 1692 aliquo
1976 1638 2091 1678 donis
2103 1639 2205 1680 fictis

1370 1690 1558 1783 &passiva
1579 1704 1647 1743 pro
1666 1691 1814 1755 invadi,
1832 1691 2009 1746 tentari),
2027 1692 2090 1732 Fr.
2104 1697 2129 1734 5
2145 1693 2204 1747 (v.

1318 1745 1826 1893 Agiisffxdffcssilggtiliiiih
1833 1745 2042 1853 6r)eli11quit
2059 1799 2206 1854 Leoty-

1373 1864 1395 1891 c
1424 1865 1438 1890 1
1467 1865 1517 1892 en
1549 1865 1644 1899 xvu,
2168 1895 2172 1899 ,

1316 1905 1482 1958 Agitare
1497 1904 1646 1959 aliquid
1665 1912 1796 1946 mente
1835 1906 1931 1953 xxii,
1949 1911 1969 1948 1
2016 1906 2065 1960 (i.
2082 1920 2119 1947 e.
2136 1919 2204 1947 co-

1371 1959 1508 2012 gitare.
1562 1958 1628 1999 Sic
1660 1961 1766 2012 apud
1784 1959 1998 2007 Justinum,
2031 1961 2205 2014 ‘agitare

1373 2013 1502 2052 animo
1519 2013 1544 2053 :’
1574 2013 1655 2053 vid.
1683 2013 1773 2053 Ind.
1806 2013 2092 2066 Freinshemii).
2122 2015 2205 2068 agi·

1373 2067 1484 2105 tandi
1515 2080 1637 2125 equos
1665 2067 1834 2120 spatium
1855 2080 1936 2106 non
1957 2074 2040 2108 erat
2073 2067 2203 2122 (exer-

1366 2119 1483 2160 cendi
1513 2134 1643 2167 cursu,
1671 2120 1961 2174 circumagendi
1978 2121 2020 2160 in
2038 2121 2201 2174 campo)

1367 2174 1474 2221 xviii,
1495 2178 1518 2214 5
1563 2174 1731 2227 agitatur
1748 2174 1859 2214 navis
1881 2174 1923 2213 in
1941 2180 2058 2227 portu
2089 2174 2201 2230 (pro-

1365 2227 1533 2276 vehitur,
1552 2226 1750 2282 movetur)
1777 2243 1816 2276 x,
1835 2231 1864 2270 9

1310 2279 1542 2372 Aginpinides
1555 2281 2101 2375 (AthertiiensisgPhocionem
2112 2294 2202 2335 pro-

1394 2346 1404 2371 ι
1439 2347 1525 2373 oms
1544 2347 1684 2374 accusa
1730 2349 1812 2382 xix,

1284 2386 1536 2439 ‘Agnoscere
1562 2387 1732 2440 aliquem
1764 2387 1870 2441 (scil.
1917 2387 2096 2440 quisnam
2132 2388 2202 2440 sit)

1363 2440 1444 2489 xiv,
1457 2444 1483 2481 3
1513 2446 1648 2480 natum
1666 2441 1820 2496 (statim
1838 2446 1957 2494 atque
1973 2447 2089 2480 natus
2107 2442 2196 2489 fuit,

1362 2507 1418 2534 sc.
1445 2507 1516 2547 pro
1549 2494 1656 2543 fi1i03
1690 2495 1802 2547 mox)
1828 2507 1941 2534 suum
1966 2507 2052 2534 esse
2067 2495 2197 2535 dicere

1361 2547 1454 2595 xvii,
1469 2551 1493 2588 1
1512 2548 1599 2600 (Sic
1614 2549 1719 2600 apud
1741 2548 1850 2589 Curt.
1861 2548 1944 2596 viii,
1958 2552 1999 2595 8,
2013 2552 2066 2589 12
2079 2547 2200 2589 Alex-

1363 2602 1509 2641 ander:
1530 2606 1542 2624 ‘
1559 2601 1672 2642 Jovis
1691 2602 1848 2641 oraculo
1874 2601 2093 2654 agnoscor!
2146 2603 2199 2642 Et

1362 2653 1534 2708 August.
1575 2669 1639 2708 ap.
1681 2655 1791 2696 Suet.
1828 2668 1865 2697 c.
1883 2659 1936 2696 65
1980 2661 1994 2679 ‘
2013 2669 2062 2695 ex
2079 2663 2215 2709 nepte.

1362 2708 1390 2748 J
1393 2710 1472 2748 ulia
1489 2709 1638 2749 editum
1663 2709 1853 2750 infantem
1880 2709 2042 2763 agnosci
2067 2709 2198 2763 alique

1363 2763 1505 2802 vetuit’

1307 2814 1473 2868 Agreste
1492 2762 1702 2856 ainiculum
1719 2817 1799 2864 xiv,
1818 2820 1843 2858 3
1872 2815 1931 2870 (v.
1950 2815 2199 2869 Amiculum)

1308 2868 1494 2922 Agricola
1524 2870 1641 2910 solers
1674 2870 1764 2924 (qui
1792 2876 1900 2910 tenet
1927 2875 1998 2909 art.
2032 2871 2198 2924 agricul-

1366 2923 1485 2977 turae)
1513 2925 1617 2971 xxiv,
1631 2928 1656 2964 3

1308 2975 1499 3030 Agrippa,
1539 2978 1601 3017 M.
1648 2977 1875 3030 Vipsanius,
1919 2976 2039 3016 filiam
2071 2977 2198 3017 Attici

1323 3048 1326 3051 ·
1366 3032 1480 3071 ducit
1511 3045 1601 3078 xxv,
1622 3035 1673 3071 12
1900 3055 1903 3059 -

1307 3082 1386 3124 Ala
1401 3085 1591 3138 equitum,
1608 3083 1803 3124 Hetaerice
1816 3083 1924 3125 dicta
1938 3083 2015 3137 (sc.
2031 3082 2075 3124 in
2088 3097 2197 3124 exer-

1360 3138 1441 3178 citu
1474 3138 1591 3178 Alex.
1622 3137 1708 3191 M.)
1752 3139 1860 3186 xviii,
1890 3142 1913 3179 l
1969 3138 2009 3179 ei
2039 3137 2195 3190 praefuit

1360 3192 1556 3233 Eumenes
1593 3192 1701 3239 xviii,
1722 3196 1762 3232 1.
1798 3195 1848 3233 13
1888 3191 1975 3256 <De
2019 3191 2092 3231 alis
2127 3204 2194 3230 ve-

1362 3252 1500 3293 terum,
1513 3246 1725 3300 praesertim
1738 3245 1944 3293 Romanu,
1959 3244 2070 3297 plura
2082 3243 2191 3297 Lips.

1361 3300 1413 3339 de
1431 3300 1524 3340 Mil.
1536 3300 1591 3339 R.
1604 3300 1659 3346 iii,
1674 3304 1716 3342 7.
1742 3299 1861 3340 Savil.
1874 3313 1916 3352 p.
1943 3301 2038 3339 881.
2053 3297 2191 3338 Herm.

1361 3353 1481 3407 Hugo
1501 3356 1552 3395 de
1572 3353 1684 3392 milit.
1702 3367 1766 3416 eq.
1798 3354 1916 3401 iii,5.
1955 3352 2135 3403 quedam
2153 3359 2194 3391 et

1361 3407 1525 3448 Salmas.
1561 3409 1611 3446 de
1637 3419 1679 3446 re
1699 3406 1812 3445 milit.
1832 3418 1869 3445 c.
1892 3409 1934 3446 9.
1961 3411 2002 3444 et
2018 3405 2194 3445 Schelius

1362 3468 1446 3501 not.
1474 3462 1524 3501 ad
1558 3460 1694 3511 Higin.
1712 3472 1804 3512 pag.
1823 3462 1891 3499 66.
1918 3466 1959 3499 et
1990 3459 2191 3511 deinceps.

1362 3514 1522 3554 Cincius
1536 3513 1641 3565 apud
1663 3512 1768 3551 Gell.
1803 3511 1883 3560 xvi,
1902 3516 1943 3553 4.
1970 3512 2059 3552 Alae
2075 3513 2194 3553 dictas

1361 3567 1553 3608 exercitus
1562 3567 1734 3617 equitum
1749 3567 1917 3614 ordines,
1930 3567 2036 3620 quod
2048 3567 2191 3607 circum
