2306 3900
297 251 442 305 lxxx

349 392 375 428 2
406 389 445 427 in
465 401 542 440 quo
563 388 666 427 sacto
680 386 851 442 (interim
872 388 966 426 dum
982 387 1022 428 id
1043 387 1108 440 fit)
1128 389 1181 435 iv,

348 446 376 482 2
414 443 455 481 in
481 442 540 481 his
571 443 684 481 rebus
701 442 819 494 (dum
838 442 907 481 has
932 455 990 481 res
1015 443 1183 496 gereret)

349 509 412 541 xx,
432 499 452 534 1
483 495 524 534 in
553 495 684 548 aliqua
713 509 753 535 re
779 495 964 535 maximas
990 496 1065 535 diis
1096 509 1181 548 gra-

349 549 422 587 tias
448 561 562 601 agere
587 556 707 602 atque
737 549 878 589 babere
905 563 969 596 xx,
988 553 1014 590 4
1042 551 1180 602 quoin

348 615 509 642 nurnero
528 603 686 642 fuerunt
696 602 743 642 L.
761 603 982 656 Torquatus
995 603 1071 644 διε.
1091 618 1182 652 xxv,

349 659 370 695 1
415 657 456 695 in
482 656 538 695 eis
570 658 798 709 praetoribus
829 656 1032 697 Miltiades
1062 658 1183 712 (inter

345 722 412 749 eos
431 710 563 763 praet.)
579 712 605 757 i,
633 716 660 752 ιι
688 711 779 751 Sic:
811 713 852 750 in
870 711 957 763 ejus
975 710 1180 751 virtutibus

343 772 665 805 commemoratur
679 766 838 805 saltasse
857 778 946 804 eum
960 765 1050 812 &c.,
1064 766 1182 806 Praef.

344 817 489 856 nemini
510 818 550 856 in
568 820 715 859 eisdem
739 820 921 872 gentibus
947 820 1179 872 turpitudini

343 871 433 918 fuit,
465 871 562 910 ibid.
602 872 643 912 in
675 873 736 912 his
763 874 921 912 urbibus
940 873 1181 925 Byzantium

343 925 412 971 vii,
431 931 456 965 5
486 926 576 965 Sic:
617 926 656 966 in
691 927 824 978 primis
842 927 1015 965 omnium
1043 927 1179 967 Persa-

343 991 427 1017 rum
453 986 495 1019 et
526 992 643 1019 manu
669 980 778 1019 fortis
797 987 839 1020 et
869 979 1023 1020 consilii
1040 981 1179 1033 plenus

343 1031 397 1078 iv,
415 1036 435 1073 1
466 1033 654 1085 inprimis
668 1034 838 1086 lapidem
852 1034 983 1073 attulit
1010 1035 1065 1081 iv,
1083 1039 1107 1075 5
1137 1035 1178 1074 in

343 1086 476 1137 primis
501 1089 576 1140 (sc.
615 1087 701 1141 ejus
730 1088 845 1127 factis
870 1088 1065 1141 aequitatis
1098 1090 1178 1140 est)

343 1141 450 1191 quod
470 1140 557 1193 ejus
575 1142 759 1194 aequitate
770 1139 916 1182 factum
935 1148 1010 1189 est,
1037 1148 1082 1181 ut
1102 1142 1178 1182 &c.

340 1193 398 1240 iii,
417 1198 444 1234 2
483 1195 658 1247 inprimis
694 1196 865 1236 dicendo
883 1196 1039 1235 valebat
1064 1196 1133 1243 vii,
1153 1201 1174 1236 1

341 1248 381 1286 in
413 1248 545 1300 primis
575 1250 767 1289 literarum
799 1249 996 1290 studiosus
1043 1263 1132 1297 xxv,
1154 1255 1176 1292 1

339 1301 381 1341 in
399 1303 532 1355 primis
550 1303 650 1343 bene
670 1303 863 1343 habitavit
891 1316 985 1350 xxV,
1006 1308 1057 1345 13
1087 1318 1176 1344 cum

338 1359 378 1396 in
395 1357 527 1409 primis
542 1358 670 1396 lautus
687 1363 790 1397 esset
806 1358 939 1410 Eques
954 1357 1071 1396 Rom.
1086 1372 1177 1406 xxv,

340 1415 390 1452 13
419 1410 643 1464 (Interdum
670 1411 940 1451 adverbialiter
962 1411 1177 1463 ‘inprimis’

337 1478 408 1518 pro
434 1465 681 1517 ‘praesertim'
713 1472 873 1517 usurpat
910 1466 1065 1518 Nepos,
1082 1472 1125 1504 ut
1140 1466 1174 1518 :)

335 1519 511 1572 inprimis
531 1520 640 1571 quod
674 1518 817 1559 nobilis
846 1533 912 1558 rex
939 1520 980 1559 in
1000 1524 1173 1572 potesta-

338 1579 418 1613 tem
453 1571 674 1625 inopinanti
707 1579 868 1612 venerat
893 1573 972 1620 xiv,
997 1577 1022 1613 3
1051 1573 1173 1625 inpri-

334 1628 487 1679 misque
519 1627 724 1667 commissa
747 1626 880 1666 celans
907 1641 971 1674 xv,
997 1629 1023 1666 3
1051 1626 1173 1678 inpri-

334 1681 408 1719 mis
425 1681 521 1732 quid
540 1680 685 1732 legeret
723 1693 811 1727 xxV,
831 1683 885 1720 20
925 1681 968 1719 in
987 1680 1174 1721 Miltiade

333 1740 419 1774 erat
435 1735 669 1781 humanitas,
688 1733 946 1773 communitas
973 1734 1002 1781 i,
1016 1737 1042 1774 8
1070 1734 1111 1773 in
1122 1748 1171 1774 eo

335 1800 416 1828 uno
446 1794 531 1828 erat
548 1793 717 1834 tantum,
730 1794 776 1827 ut
791 1788 868 1827 &c.
896 1788 950 1841 (is
969 1802 1069 1827 unus
1085 1793 1172 1827 tan-

334 1848 419 1882 tum
441 1848 609 1894 poterat,
633 1848 677 1881 ut
699 1841 798 1895 Sco.)
826 1843 933 1889 xviii,
955 1846 1008 1883 12
1037 1842 1077 1881 in
1095 1843 1170 1883 hoc

333 1902 487 1936 tantum
506 1897 581 1937 fuit
605 1896 741 1935 odium
759 1895 1020 1935 multitudinis
1046 1897 1125 1944 xix,
1143 1901 1169 1938 4

333 1950 410 1990 hoc
435 1951 477 1989 in
508 1957 682 2003 tempore
709 1949 739 1997 i,
764 1955 790 1990 5
833 1950 874 1989 in
903 1963 952 1990 eo
981 1956 1170 2003 tempore,

333 2003 398 2045 Fr.
414 2008 468 2046 12
497 2005 537 2044 in
551 2004 660 2043 nullo
674 2011 862 2057 tempore,
878 2005 974 2044 ibid.
1003 2005 1090 2058 (Sic
1099 2004 1158 2045 Te

332 2058 480 2098 tentius
511 2058 636 2098 Andr.
674 2059 728 2105 iv,
757 2064 798 2106 5,
817 2062 871 2100 24
906 2059 978 2097 ‘in
998 2065 1171 2112 tempore

332 2113 436 2156 hoc!
471 2112 684 2153 Suetonius
712 2112 801 2152 Tib.
843 2117 898 2154 60
943 2119 956 2136 ‘
977 2113 1018 2151 in
1037 2114 1171 2165 paucis

332 2167 499 2207 diebus.'
537 2173 580 2206 et
620 2166 766 2207 Claud.
798 2171 850 2207 18
890 2173 901 2190 ¹
918 2167 959 2206 in
996 2173 1173 2220 tempore

332 2222 539 2275 hyberno.’
593 2221 772 2260 Plautus*
786 2221 944 2274 Captiv.
983 2221 1012 2267 i,
1043 2225 1084 2269 2,
1117 2226 1171 2263 64

334 2281 346 2299 ·
363 2276 402 2314 in
423 2276 483 2314 his
502 2275 668 2315 diebus.’
695 2283 736 2314 et
763 2275 842 2313 alii.
898 2275 947 2313 In
965 2276 1026 2314 his
1045 2276 1171 2320 omni-

334 2330 408 2367 bus
439 2335 480 2368 et
507 2328 662 2367 similib.
689 2328 878 2379 exemplis
897 2329 1016 2380 vulgo
1030 2335 1172 2380 putant

334 2382 650 2435 praepositionem
685 2382 883 2420 abundare
898 2395 909 2430 ;
955 2382 1024 2421 sed
1058 2381 1172 2422 falso.

333 2435 438 2475 Nam
457 2435 589 2488 potius
608 2441 682 2481 est,
702 2448 771 2475 cur
788 2434 963 2474 dicamus
978 2447 1064 2475 eam
1080 2437 1171 2475 sub-

333 2491 458 2530 audiri
473 2490 514 2528 in
534 2489 702 2541 vulgatis
720 2488 821 2528 illis:
851 2494 863 2512 ‘
878 2490 955 2529 hoc
967 2490 1171 2542 tempore,'

333 2545 419 2583 ‘his
453 2543 621 2590 diebus,’
665 2541 740 2582 ὅτε.
781 2542 877 2584 Vid.
915 2542 1079 2587 Vossius
1119 2545 1171 2584 de

331 2604 467 2639 struet.
485 2611 574 2649 cap.
595 2595 669 2650 44)

278 2653 438 2696 Inanis:
483 2665 572 2691 curn
601 2651 867 2703 comperisset,
899 2663 1020 2691 naves
1057 2664 1172 2704 paene

332 2710 469 2749 inanes
495 2705 648 2745 relictas
673 2705 720 2760 (i.
735 2719 772 2746 e.
794 2718 953 2752 vacuas,
979 2707 1030 2745 de
1051 2706 1171 2759 vulgo

330 2760 647 2807 Atheniensium,
679 2760 746 2812 qui
780 2761 996 2812 praedatum
1027 2760 1068 2799 in
1096 2766 1172 2800 ter-

331 2830 413 2858 ram
431 2813 598 2866 exierat)
627 2813 693 2860 vii,
709 2817 735 2854 8

277 2870 497 2911 Incendere
529 2868 698 2920 aliquem
740 2867 956 2919 cupiditate
994 2867 1169 2906 bellandi

331 2925 437 2971 xxiii,
456 2926 482 2963 2
511 2935 590 2974 quo
608 2922 743 2961 dolore
762 2921 943 2961 incensus
968 2920 1057 2960 iniit
1074 2934 1170 2961 con-

331 2979 419 3019 silia
451 2976 588 3016 tollere
626 2975 700 3015 διο.
742 2975 796 3021 vi,
826 2979 850 3015 3
893 2975 1076 3015 incensus
1112 2976 1170 3013 ira

328 3045 475 3086 equum
506 3028 548 3068 in
564 3043 653 3069 eum
670 3029 884 3069 concitavit
911 3028 992 3075 xvi,
1013 3033 1036 3068 5
1068 3030 1168 3068 adeo

328 3087 511 3128 incensus
552 3090 650 3131 erat,
685 3089 728 3123 ut
751 3083 875 3122 -leniri
911 3095 992 3121 non
1037 3089 1169 3135 posset

326 3143 447 3191 (adeo
467 3138 651 3185 irritatus,
671 3136 858 3190 infestus)
886 3137 992 3183 xviii,
1011 3140 1062 3177 10
1104 3136 1169 3191 (in

328 3194 389 3233 his
404 3195 582 3234 omnibus
599 3189 801 3244 emphasis
812 3189 894 3241 est)

274 3247 521 3288 Incendium:
536 3253 580 3285 ut
591 3245 773 3286 incendio
790 3246 1041 3290 conficerent,
1051 3256 1168 3296 quem

328 3313 445 3340 manu
465 3301 633 3351 superari
654 3313 766 3353 posse
785 3299 1015 3338 diffidebant
1029 3299 1095 3345 vii,
1117 3302 1168 3339 10

327 3367 455 3395 arcem
496 3354 679 3393 incendio
710 3353 858 3393 delevit
891 3354 932 3400 ii,
953 3356 979 3393 4
1012 3359 1169 3405 captam

326 3409 496 3462 aliquam
513 3408 643 3446 urbem
660 3408 844 3447 incendio
861 3408 993 3447 delere
1011 3406 1066 3453 xi,
1085 3410 1112 3447 2

273 3463 454 3504 Incestus
469 3459 606 3511 OEdipi
634 3474 698 3507 xv,
717 3466 743 3501 6

274 3518 453 3558 Incidere
471 3514 511 3553 in
531 3513 718 3553 invidiam
748 3528 785 3560 v,
807 3517 830 3555 3
862 3515 902 3552 in
922 3515 1098 3553 morbum
1129 3527 1168 3558 x,

1038 265 1040 267 ’
1098 234 1320 326 inonx

1298 391 1324 429 2
1353 389 1394 426 ln
1419 387 1634 440 periculum
1661 401 1750 436 xxv,
1771 392 1821 430 10
1854 388 1995 430 incidit
2012 402 2130 432 aeniu-

1299 441 1393 482 latio
1411 442 1512 482 inter
1529 443 1601 482 hos
1619 442 1834 496 (contingit
1850 442 1946 497 διο.)
1972 457 2063 492 xxv,
2075 450 2131 487 20

1299 495 1440 537 incidit
1458 496 1600 539 bellum
1618 497 1739 543 istud,
1763 510 1853 536 cum
1880 498 2039 538 haberet
2055 499 2130 539 &c-

1319 555 1496 603 exortum
1521 556 1596 598 est,
1621 562 1711 590 cum
1737 550 1836 604 ὅτε.)
1871 564 1960 599 xxv,
1978 555 2004 594 7
2031 551 2132 594 inci·

1349 617 1389 644 rc
1403 603 1598 658 (secunda
1613 604 1824 658 producta)
1839 619 1849 644 z
1869 605 1911 645 in
1935 604 2016 658 pila
2032 606 2132 660 lapi·

1297 658 1374 697 den
1414 657 1586 698 incidere
1629 659 1854 698 devotionis
1909 659 2130 712 exemplum

1298 711 1367 758 vii,
1389 711 1694 818 4Pdfv)otionem
1723 712 1766 752 in
1779 713 1869 766 pilis
1882 713 2048 754 scribere
2064 712 2131 762 vii,

1297 769 1324 806 6
1365 779 1403 804 v.
1458 765 1471 804 i
1489 778 1512 804 a

1243 765 1451 870 Inceptum
1468 818 1776 871 (propositum):
1805 820 1856 859 ab
1872 820 2032 872 incepto
2049 833 2131 870 non

1297 871 1415 911 modo
1433 884 1515 911 non
1526 872 1746 919 deterritus,
1765 874 1833 912 sed
1847 872 1972 920 &c-x.
1988 877 2015 914 8
2039 875 2082 914 id
2100 875 2135 914 si

1294 926 1493 972 fecissent,
1518 923 1680 978 incepta
1696 938 1882 979 prospera
1897 927 2029 966 futura
2054 922 2083 976 i,
2104 932 2127 969 l

1295 979 1383 1032 (Sic
1404 979 1610 1020 Terentius
1642 979 1790 1020 Heaut.
1818 980 1846 1027 i,
1867 984 1906 1026 1.
1925 984 1993 1022 6⁷.
2019 987 2061 1021 et
2075 982 2140 1039 iq

1294 1036 1336 1080 6,
1362 1037 1403 1074 7.
1443 1034 1538 1073 alibi
1562 1039 1575 1057 ‘
1594 1033 1805 1086 inceptus,'
1834 1034 1934 1074 dixit
1950 1033 2133 1089 Noster).

1294 1085 1581 1140 Epaminondae
1599 1088 1810 1127 retardavit
1825 1088 2008 1140 inceptus
2035 1087 2088 1136 xi,
2103 1092 2132 1130 2

1240 1139 1410 1181 Incitare
1428 1154 1563 1182 omnes
1590 1141 1722 1181 studio
1739 1155 1811 1181 suo
1843 1143 1952 1196 (scil.
1971 1143 2023 1182 ed
2041 1143 2134 1184 dili-

1295 1195 1490 1248 gentiam)
1518 1209 1609 1242 xxv,
1630 1200 1651 1236 1

1239 1247 1455 1289 Incivilitas
1474 1249 1560 1289 sive
1578 1249 1786 1289 insolentia
1803 1248 1897 1302 (per
1913 1255 2029 1290 notas
2056 1250 2127 1290 de-

1295 1303 1462 1357 scripta)
1490 1304 1543 1350 iv,
1563 1307 1588 1344 3

1239 1357 1445 1397 Inclinatae
1463 1356 1546 1410 jam
1578 1363 1689 1399 erant
1718 1363 1971 1410 tyrannorum
2000 1357 2128 1411 copia

1291 1411 1443 1465 (fugam
1459 1413 1705 1463 spectabant,
1718 1411 1797 1458 vel,
1815 1424 1870 1464 pu
1899 1423 1950 1450 na
1961 1411 2130 1451 desierat

1290 1478 1377 1504 esse
1406 1464 1627 1517 ἷσόῤῥοπος)
1667 1465 1747 1511 xvi,
1781 1470 1806 1505 5
1850 1464 1936 1518 (cic
1970 1477 2128 1518 quoque

1291 1517 1435 1558 Vellei.
1463 1520 1505 1566 ii,
1525 1525 1593 1566 55,
1612 1524 1650 1561 1.
1705 1518 1759 1557 Et
1775 1531 1841 1569 ap.
1855 1519 1976 1558 eund.
1997 1519 2039 1566 ii,
2058 1523 2129 1566 52,

1292 1575 1333 1612 3.
1362 1585 1409 1612 ac
1427 1573 1538 1613 Suet.
1555 1573 1657 1613 Caes.
1676 1576 1730 1613 62
1762 1578 1774 1595 ·
1790 1571 1981 1611 inclinata
1997 1573 2129 1613 acies.'

1291 1637 1356 1678 ap.
1370 1625 1476 1664 Flor.
1490 1625 1545 1673 iv,
1560 1631 1602 1674 ⁷,
1623 1630 1674 1667 12
1693 1625 1945 1665 ‘inclinatum
1979 1627 2130 1666 cornu!

1289 1691 1354 1732 ap.
1385 1679 1512 1720 Cicer.
1541 1683 1583 1721 2.
1610 1679 1719 1720 Fam.
1746 1692 1812 1732 ep.
1833 1682 1887 1721 16
1913 1685 1926 1703 ⁶
1940 1680 2127 1720 inclinata

1289 1733 1497 1787 fortunae)

1234 1787 1466 1840 Incognitus
1497 1786 1635 1841 (cujus
1663 1785 1815 1833 animus
1841 1786 2038 1840 virtusque
2063 1788 2133 1834 in-x

1288 1841 1466 1894 cognita)
1492 1855 1557 1888 xv,
1570 1845 1597 1882 4
1624 1841 1867 1894 incognitum
1883 1840 1943 1881 illi
1962 1842 2060 1882 nihil
2073 1843 2125 1883 de

1287 1895 1349 1935 his
1368 1896 1444 1935 fuit
1469 1895 1576 1942 xxiv,
1594 1899 1619 1936 3

1233 1949 1514 1989 Incolumitas:
1533 1951 1583 1988 ad
1599 1949 1908 1989 incolumitatem
1920 1948 2125 2002 pervenire

1284 2006 1329 2056 (e
1346 2004 1522 2056 periculo
1541 2003 1705 2055 servari)
1731 2017 1823 2050 xxv,
1843 2007 1896 2043 10

1232 2057 1411 2099 Incolere
1429 2058 1627 2111 regionem
1654 2058 1683 2105 i,
1701 2061 1728 2098 2
1758 2056 1894 2096 Asiam
1921 2056 1950 2104 i,
1969 2060 1996 2098 3

1231 2112 1535 2154 Incommodusz
1569 2124 1651 2151 non
1685 2111 1978 2151 incommodum
2013 2109 2123 2150 vide-

1285 2171 1348 2206 tur
1374 2167 1452 2214 xxi,
1472 2170 1498 2207 3
1517 2165 1633 2219 (alibi
1650 2180 1659 2204 :
1676 2179 1759 2205 non
1777 2163 1947 2204 alienum
1969 2164 2127 2204 videtur

1284 2220 1312 2268 i,
1328 2219 1378 2274 6)
1405 2220 1654 2261 incommoda
1682 2220 1893 2260 amicorum
1929 2218 2125 2274 (pericula

1283 2275 1466 2328 adversa)
1493 2288 1583 2321 xxV,
1605 2278 1658 2315 12

1229 2327 1561 2367 Inconsideratior
1588 2328 1628 2366 in
1660 2327 1834 2366 secunda
1855 2339 1973 2379 quam
1991 2325 2034 2365 in
2052 2325 2122 2365 nd-

1285 2393 1397 2420 versa
1413 2381 1490 2419 fuit
1506 2381 1663 2420 fortuna
1689 2380 1744 2426 ix,
1760 2384 1785 2419 5

1230 2432 1478 2474 Incredibilis
1495 2434 1617 2474 virtus
1633 2433 1728 2472 belli
1754 2432 1834 2480 xxi,
1852 2435 1875 2473 1
1903 2432 2125 2472 incredibili

1284 2488 1472 2528 felicitate
1490 2486 1730 2540 Dionysium
1746 2491 1831 2525 tota
1847 2485 1981 2526 Sicilia
1992 2487 2119 2538 depu-

1285 2541 1334 2581 lit
1371 2556 1436 2590 xx,
1473 2545 1500 2583 2
1542 2539 1775 2581 incredibile
1819 2539 1929 2579 dictu
1971 2539 2079 2588 xxiii,
2095 2545 2124 2581 6

1284 2595 1473 2650 (formula
1492 2593 1691 2646 αὐξητική.
1720 2593 1825 2634 sicut
1840 2599 1882 2633 et
1900 2594 2028 2646 priora
2043 2593 2123 2634 vim

1286 2651 1417 2703 signis.
1445 2651 1672 2690 intendunt.
1700 2647 1860 2698 Boecl.)

1231 2702 1391 2756 Incuria
1409 2704 1483 2758 (de
1501 2703 1648 2758 neglig.
1662 2703 1765 2744 circa
1779 2715 1860 2742 cur.
1875 2700 2006 2755 aedif.)
2032 2715 2123 2750 xxv,

1231 2810 1479 2852 Incurrentes
1496 2811 1584 2866 (qui
1604 2812 1644 2851 in
1673 2812 1826 2851 hostem
1851 2809 2040 2862 impetum
2063 2809 2123 2849 fa·

1285 2865 1420 2919 ciunt)
1436 2866 1514 2958 ἔζίὶ,
1535 2870 1556 2907 1
1586 2865 1672 2920 (Sic
1690 2865 1800 2906 cart.
1819 2864 1874 2912 ix,
1892 2869 1933 2911 5,
1953 2867 1994 2904 8.
2015 2862 2121 2903 Flor.

1286 2920 1298 2958 i
1330 2925 1356 2961 0
1392 2925 1416 2961 7
1476 2933 1511 2960 c.

1230 2949 1466 3028 Ind’ex’(qui
1485 2919 1564 3013 re)m
1578 2971 1724 3026 defert)
1743 2972 1797 3019 iv,
1815 2974 1843 3012 4
1861 2970 1946 3025 (Sic
1961 2985 1972 3010 τ
1998 2968 2026 3010 J
2029 2970 2124 3010 unti-

1282 3041 1356 3066 nus
1385 3026 1502 3075 xxxii,
1517 3031 1558 3074 2,
1576 3030 1616 3068 9.
1644 3033 1687 3066 et
1714 3025 1833 3072 xxxii,
1852 3029 1894 3072 8.
1911 3028 1938 3065 2
1980 3023 2123 3064 immit-

1285 3087 1365 3122 tere
1380 3082 1544 3128 indices,
1564 3088 1749 3133 torquere,
1762 3078 1940 3119 indices.’
1968 3077 2122 3132 Vorst.)

1230 3136 1429 3176 Indicium
1461 3135 1664 3188 (narratio,
1699 3132 1977 3179 manifestatio.
2024 3140 2121 3172 con-

1285 3189 1424 3243 fessio)
1452 3188 1507 3236 iv,
1521 3194 1547 3231 4
1575 3187 1764 3229 indicium
1778 3186 2090 3242 (argumentum)
2108 3200 2118 3224 t

1282 3243 1347 3283 hic
1365 3257 1444 3297 qua
1473 3243 1590 3282 suerit
1606 3241 1856 3288 abstinentia,
1887 3239 2038 3279 nullum
2059 3245 2121 3277 est

1284 3299 1427 3338 certius
1443 3297 1648 3344 indicium,
1682 3309 1799 3350 quam
1830 3294 1936 3347 quod
1953 3293 2121 3333 decessit

1283 3351 1357 3391 διο.
1385 3351 1444 3399 iii,
1463 3355 1487 3395 Β
1517 3363 1634 3404 quam
1668 3363 1758 3389 vere
1783 3349 1836 3389 de
1861 3360 1909 3387 eo
1938 3345 2038 3386 foret
2049 3345 2119 3398 ju-

1283 3405 1472 3454 dicatum,
1506 3404 1628 3445 oratio
1647 3402 1794 3443 indicio
1811 3401 1901 3447 fuit,
1928 3411 2017 3452 quae
2042 3400 2119 3441 &c-

1284 3460 1336 3506 vi,
1356 3463 1382 3501 8
1410 3459 1519 3500 illurn
1535 3472 1615 3498 non
1629 3456 1724 3497 odio
1734 3453 1954 3510 tyrannidis
1969 3454 2120 3497 dissen-

1285 3513 1392 3561 sisse,
1412 3514 1487 3555 sed,
1500 3511 1730 3565 cupiditate,
1745 3509 1892 3549 indicio
1911 3508 2120 3562 fuit,.quod
