2306 3900
751 268 974 331 RERUM
1019 291 1095 331 E'r
1118 290 1503 333 vannorum.

258 414 517 468 (excipiebat,
526 415 603 463 vel,
610 415 817 469 audiebat)
829 416 896 463 vii,
905 421 932 458 6
945 417 1091 470 accipi-

249 465 323 507 'tur
334 471 408 509 boc
420 469 574 509 auribus
587 469 660 523 (de
675 468 738 516 iis,
751 482 840 522 quae
857 469 962 509 fama
979 471 1092 510 inno·
1139 507 1143 516 ,

260 529 439 563 tescunt:
469 536 616 576 oppon.
634 523 758 563 oculis
775 524 954 577 cernere)
981 538 1046 571 xx,
1065 528 1091 565 2

260 575 363 629 (Sic,
381 575 520 617 Cicero
534 577 648 616 Phili
663 576 747 624 viii,
764 581 814 618 10
842 582 856 602 ⁴
874 577 975 617 Haec
990 577 1090 617 auri-

246 630 332 669 -bus
366 631 543 683 accipere
575 629 785 683 potuistis.'
845 631 908 671 M.
942 632 1092 671 Seneca

259 696 362 723 suns.
391 687 414 724 1
445 690 456 707 ⁴
479 684 656 736 propitiis
687 685 842 724 auribus
874 685 1089 738 accipitur.'

259 736 494 784 Quintilian.
521 738 706 785 declam.¹
729 741 824 779 33⁷.
877 744 890 762 ‘
903 738 1089 791 Intelligo

259 790 402 830 aversis
445 791 568 831 aurib.
621 791 750 844 accipi
793 792 894 831 hanc
942 799 1088 844 partem

256 843 492 897 orationis.’)
523 854 707 897 acceptus
732 846 831 884 male
850 845 941 898 (qui
957 846 1090 898 praelio

257 897 389 951 fusus)
416 899 524 946 xviii,
554 904 580 939 8
620 899 824 952 (Metaph.
859 900 1039 939 desumta
1067 912 1091 938 a

257 953 445 991 conviviis
461 967 470 991 :
500 953 579 991 vid.
595 952 780 991 Thesaur.
799 953 1019 1006 Buchneri)

205 1003 424 1045 Accredere
443 1005 535 1059 (pro
553 1005 731 1058 credere)
759 1005 838 1053 xiv,
854 1009 882 1046 3
911 1007 1012 1059 (quo
1031 1007 1091 1059 usi

258 1065 301 1098 et
317 1059 403 1100 Cic.
433 1060 484 1098 ad
507 1060 592 1098 Att.
621 1061 674 1106 vi,
691 1064 732 1101 2.
761 1060 893 1100 Plaut.
911 1059 1023 1099 Asin.
1051 1074 1090 1108 v,

258 1116 300 1159 2,
314 1116 356 1153 4.
382 1113 538 1153 Lucret.
562 1114 620 1160 iii,
635 1117 729 1154 870.
756 1114 894 1153 Horat.
906 1113 1033 1166 Epist.
1061 1113 1089 1160 i,

260 1170 409 1213 15‚25.
434 1167 652 1206 Columella
669 1168 696 1214 i,
716 1171 801 1214 1,3.
830 1166 1090 1206 Eud-ratione

257 1219 460 1260 Lucretius
487 1221 540 1266 iv,
558 1224 653 1262 814.
678 1220 780 1260 dixit
805 1227 816 1244 ‘
837 1220 1075 1274 adopinari')

204 1271 445 1315 Accrescunt
462 1274 615 1314 dolores
642 1289 733 1322 xxv,
750 1278 801 1316 21

200 1327 407 1367 Accubare
424 1328 465 1366 in
481 1334 571 1367 acta
587 1327 791 1381 (accubitu
810 1328 969 1382 humili)
996 1328 1088 1376 xvii,

257 1384 284 1420 8
310 1381 353 1419 in
371 1381 551 1421 convivio
579 1383 658 1429 xvi,
677 1386 701 1422 3

201 1432 397 1474 Accurate
422 1435 588 1474 scribere
614 1436 668 1481 vi,
685 1438 712 1474 4
741 1435 964 1474 accuratius
974 1447 1088 1487 agere

256 1500 346 1526 cum
392 1487 524 1540 aliquo
571 1487 731 1541 (majori
774 1488 966 1527 industria
1008 1501 1088 1527 rem

254 1540 392 1594 agere)
420 1542 488 1589 vii,
507 1545 559 1582 10
586 1541 872 1582 accuratissime
903 1554 1088 1581 accusare

259 1595 358 1643 vi3⁴4

200 1647 397 1688 Accusare
411 1649 609 1689 avaritiam
619 1648 739 1701 alicuj
745 1662 787 1687 us
800 1648 892 1701 (pro
908 1660 1090 1687 accusare

256 1701 426 1755 aliquem
452 1702 644 1751 avaritiae)
659 1703 725 1749 ·vi,
745 1707 770 1743 4
798 1700 1003 1754 (Similiter
1019 1701 1089 1742 Ci-

252 1768 343 1795 cero
358 1756 529 1795 adFam.
556 1755 626 1802 vii,
636 1759 686 1796 17
718 1761 728 1778 ⁸
742 1755 971 1807 Superbiam
983 1762 1090 1794 tuam

256 1810 468 1851 accusant)
536 1809 650 1849 Idem
695 1810 747 1848 ad
791 1809 846 1855 Q.
891 1809 955 1849 Fr.
991 1809 1092 1848 dixit

256 1867 268 1884 ⁴
287 1875 471 1903 accusare
522 1861 702 1902 inertiam
755 1862 1048 1902 adolescentum
1061 1863 1088 1901 ε’

184 1921 186 1925 ’
249 1915 399 1956 Justin.
423 1916 469 1964 ii,
483 1921 533 1957 15
564 1914 1089 1969 ‘tarditatem'coliegarum’

254 1970 409 2024 Vorst.)
443 1970 618 2011 accusari
650 1971 726 2010 hoc
762 1970 924 2010 crimine
967 1969 1021 2017 vi,
1048 1973 1088 2010 3.

252 2028 363 2070 xv,*8
389 2021 562 2064 crimine
587 2023 703 2063 Pario
731 2024 758 2072 i,
778 2028 805 2064 8
846 2023 1088 2077 (Utrobique

205 2105 207 2107 .
252 2078 562 2118 subaudiendam
591 2077 804 2130 praeposit.
841 2079 906 2123 de,
942 2078 1089 2117 docent

252 2131 427 2184 Schopp.
447 2131 621 2171 Grnmm.
640 2131 788 2170 Philos.
805 2145 847 2184 p.
861 2135 934 2172 87.
970 2131 1086 2171 Voss.

253 2185 306 2224 de
323 2185 611 2236 Constructsc.
628 2185 720 2237 26).
761 2185 931 2226 accusari
948 2184 1088 2241 capitis

254 2238 308 2285 iv,
328 2242 354 2279 2
383 2238 550 2293 (subint.
567 2238 610 2278 in
624 2237 795 2291 judicio,
816 2239 878 2279 vel
896 2239 938 2277 iu
956 2251 1087 2286 causa,

253 2292 428 2339 actione,
446 2293 509 2333 vel
529 2293 581 2332 de
598 2292 752 2346 poena).
801 2292 1034 2345 proditionis
1059 2291 1088 2340 i,

250 2350 276 2386 7
305 2346 413 2399 (sub.
431 2347 483 2387 de
501 2347 688 2386 crimine:
717 2345 808 2386 vide
826 2345 974 2386 Sanctii
1005 2345 1088 2384 Mi-

254 2412 412 2439 nervam
457 2399 526 2440 lib.
562 2404 602 2440 6.
639 2411 729 2453 pag.
756 2400 859 2441 293.
912 2399 1089 2452 Schopp.

253 2452 426 2493 Gramm.
462 2454 615 2494 Philus.
651 2457 799 2506 p.·63.
833 2453 950 2494 Voss.
987 2453 1014 2492 l.
1049 2466 1087 2494 c.

252 2506 341 2547 Nec
394 2507 529 2555 officit,
584 2508 691 2560 quod
745 2508 865 2547 etiam
918 2506 1086 2547 dicimus

254 2566 266 2584 ‘
286 2561 472 2600 damnare
505 2567 575 2600 aut
603 2562 774 2613 plectere
808 2559 968 2613 capite,’
996 2573 1088 2599 nam

251 2613 332 2654 illic
410 2627 483 2655 nus
508 2627 664 2668 poenae3
693 2614 757 2653 hic
787 2613 957 2653 criminis
983 2613 1088 2653 indi-

253 2673 365 2707 catur

199 2722 301 2769 Ace,
316 2722 405 2760 urbs
418 2719 647 2768 Phoeniciae,
658 2720 735 2774 (sic
747 2720 850 2760 enim
861 2720 1087 2773 legendum,

254 2774 406 2815 monuit
422 2774 612 2828 Bongars.
640 2776 691 2814 ad
721 2773 869 2815 Justini
895 2774 1000 2814 Prol.
1021 2778 1089 2815 10.

254 2829 420 2882 aliique)
450 2827 529 2876 xiv,
548 2833 573 2869 5

198 2884 304 2923 Acer
333 2881 551 2937 (ὀξύθυμος,
579 2881 678 2934 ὀξὺς,
705 2894 836 2934 asper,
861 2880 1086 2929 iracundus,

204 2966 206 2968 -
253 2937 468 2988 irritabilis)
496 2936 579 2983 xiii,
595 2940 621 2976 3
667 2934 793 2976 acrius
811 2935 953 2975 instare
980 2936 1088 2984 xviii,

252 2994 279 3031 4
309 3004 481 3043 premere
508 2989 746 3030 adversarios
772 2988 882 3037 xxiii,
902 2993 950 3029 11
981 3002 1087 3030 acer-

255 3044 372 3084 rimus
405 3045 464 3083 vir
495 3044 811 3105 (promtissimus,
838 3043 1086 3096 expeditiss.)

254 3097 323 3143 vii,
342 3102 366 3138 5
405 3097 582 3151 (Servius
607 3099 657 3137 ad
689 3098 786 3138 AEn.
816 3100 854 3138 1.
895 3103 907 3121 ‘
927 3098 1087 3150 quidam

253 3164 382 3190 acrem
401 3151 443 3190 in
463 3162 774 3204 unamquamque
790 3164 871 3191 rem
889 3158 1085 3204 vegetum.

252 3217 301 3244 ac
319 3204 482 3243 nimium
509 3205 694 3244 tradunt?
747 3205 840 3245 Sic:
870 3209 882 3229 ‘
902 3204 1086 3246 acerrima

251 3272 363 3299 mens
381 3258 482 3297 Divi
499 3257 689 3311 Augusti’
723 3271 788 3311 ap.
827 3258 954 3299 Tacit.
982 3258 1086 3297 Hist-

254 3313 298 3362 ii,
334 3312 424 3365 76).
452 3312 658 3352 acerrimus
677 3312 739 3351 leo
767 3312 873 3358 xviii,
894 3316 943 3352 11
987 3324 1082 3351 con-

253 3379 386 3406 cursus
414 3365 663 3420 (conflictus)
700 3363 808 3413 xviii,
839 3368 866 3405 4
905 3365 1087 3405 acerrime

256 3426 468 3472 occupatus
498 3420 539 3460 in
568 3419 793 3474 apparando
817 3419 990 3474 (summo
1008 3424 1086 3459 stu-

257 3471 348 3528 dio)
373 3473 482 3522 xxiii,
501 3478 527 3515 7

1149 1383 1387 1422 Achamana
1423 1381 1519 1420 civis

1973 277 2036 331 iii

1152 414 1307 456 Acerba
1323 428 1424 456 mors
1441 416 1640 470 (luctuosa
1664 419 1849 468 tanquam
1876 422 2037 467 pra-ma-

1206 470 1313 522 tura)
1341 484 1379 518 v,
1398 474 1424 511 4
1463 470 1597 524 (cart.
1624 469 1678 516 ix,
1695 473 1736 516 6,
1757 473 1828 510 19.
1865 470 2039 522 metaph.

1205 525 1326 564 ducta
1362 537 1386 563 a
1421 524 1577 562 fructib.
1613 524 1805 570 arborum,
1841 522 1911 575 qui
1945 528 2038 563 ante

1205 577 1466 616 maturitatem
1483 575 1612 616 acerbi
1642 582 1744 616 sunt.
1801 576 1954 616 Servius
1985 579 2036 616 ad

1202 630 1303 670 illud
1338 631 1436 670 AEn.
1482 631 1535 677 vi,
1572 632 1655 671 429
1699 635 1712 653 ‘
1734 631 1870 670 funere
1904 631 2038 670 mersit

1203 685 1342 723 acerbo
1359 684 1382 723 :'
1411 683 1648 723 Immaturo:
1691 696 1714 722 a
1751 683 1878 735 pomis
1913 690 2036 724 trans-

1204 737 1351 777 latione
1404 737 1544 790 facta).
1597 737 1773 776 acerbius
1833 737 2038 788 imperium

1204 793 1317 844 (mox
1343 803 1487 843 expon.
1515 804 1595 843 quo
1628 791 1715 843 quis
1743 796 1755 814 ‘
1777 790 2040 831 crudelissime

1204 845 1389 898 se’)gerit
1405 845 1553 891 xviii‚6
1580 844 1670 883 Sic:
1700 845 1887 884 acerbitas
1924 845 2039 898 rigor,

1205 911 1301 952 opp.
1330 898 1540 951 obsequio)
1567 913 1606 945 x,
1625 902 1654 939 6
1681 898 1789 951 (Cic.
1818 899 1867 936 ad
1938 926 1948 937 .
1976 899 2039 938 Fr.

1205 950 1235 1000 i,
1256 957 1278 992 1
1309 958 1321 976 ‘
1342 953 1372 991 si
1402 951 1668 1004 implacabiles
1696 951 1908 991 iracundiae
1933 959 2039 1000 sunt,

1206 1018 1357 1045 summa
1389 1006 1576 1045 acerbitas
1611 1004 1700 1044 est.'
1752 1004 1938 1045 Similiter
1978 1009 2039 1047 usi

1205 1059 1341 1100 Caesar-
1353 1059 1403 1099 B.
1423 1059 1469 1100 C.
1506 1058 1535 1107 i,
1554 1061 1620 1100 32.
1655 1065 1698 1098 et
1724 1058 1811 1098 Liv.
1838 1060 1932 1108 xliv,
1952 1061 2039 1114 10).

1205 1113 1393 1153 acerbitas
1437 1114 1623 1166 temporis
1666 1112 1819 1164 pristini
1855 1113 2041 1167 (indigna

1206 1167 1313 1219 prist.
1327 1173 1355 1206 t.
1369 1166 1498 1220 illata)
1525 1167 1592 1214 vii,
1608 1170 1636 1207 6
1662 1167 1747 1219 (Ita
1757 1166 1916 1207 Tacitus
1930 1181 2039 1207 usur-

1206 1226 1276 1272 pat
1311 1220 1358 1259 A.
1387 1220 1430 1267 ii,
1458 1224 1527 1267 71,
1547 1224 1586 1261 3.
1626 1225 1668 1259 et
1698 1220 1806 1260 Suet.
1837 1221 1963 1275 Calig.
1994 1226 2036 1263 2.

1205 1279 1218 1298 ‘
1232 1275 1460 1314 acerbitates
1470 1287 1596 1313 rerum
1605 1279 1647 1313 et
1659 1275 1888 1314 verborum?
1902 1276 2041 1318 Boecl.

1207 1328 1326 1367 Adde
1341 1329 1457 1367 Thes.
1474 1327 1694 1380 Bucbneri)

1545 1380 1754 1434 (Acharnis
1781 1382 1948 1422 oriunda
1974 1385 2038 1423 vel

1207 1435 1288 1473 illic
1306 1434 1508 1487 habitans)
1541 1434 1589 1481 ii,-
1608 1438 1630 1474 1

1153 1487 1336 1528 Acheron
1351 1503 1363 1526 ε
1411 1488 1461 1527 ab
1496 1487 1721 1528 Acheronte
1746 1489 1936 1529 redimere
1966 1490 2038 1544 (ab

1205 1542 1338 1581 inferis
1373 1548 1415 1581 et
1448 1541 1651 1596 sepulcro)
1677 1555 1716 1590 x,
1749 1546 1800 1582 10
1840 1543 1949 1597 (Cic.
1983 1558 2038 1584 or.

1207 1601 1299 1648 post
1316 1595 1430 1635 redit.
1453 1596 1494 1634 in
1524 1595 1672 1636 Senatu
1701 1596 1802 1635 dixit
1838 1603 1850 1620 ‘
1870 1598 2039 1637 excitare

1210 1662 1260 1688 ex
1279 1648 1530 1689 Acheronte)
1560 1649 1795 1702 Lambinus)

1155 1702 1374 1757 Acies(pro
1389 1701 1549 1755 praelio)
1574 1703 1682 1750 xxiii,
1698 1708 1722 1743 5
1753 1704 1844 1744 Sic:
1872 1704 1957 1744 acie
1968 1706 2038 1745 de-

1210 1769 1384 1804 cernere,
1409 1757 1483 1799 -vel
1518 1758 1757 1796 contendere
1797 1758 1826 1804 i,
1862 1761 1888 1798 4
1935 1759 2038 1799 acies

1210 1810 1399 1851 instructa
1410 1810 1527 1865 (opp.
1542 1811 1677 1863 praelio
1689 1811 1848 1850 fortuito
1863 1817 1905 1851 et
1918 1812 1959 1850 in
1973 1813 2038 1852 iti-

1210 1877 1302 1905 nere
1319 1863 1547 1917 commisso)
1575 1865 1681 1912 xviii,
1695 1868 1721 1905 8
1749 1866 1853 1904 acies
1871 1866 2038 1906 instruc-

1206 1924 1247 1957 ta
1264 1932 1287 1958 e
1300 1918 1458 1970 regione
1474 1918 1551 1971 (sc.
1563 1918 1754 1970 hostium)
1782 1919 1810 1967 i,
1824 1925 1847 1959 5
1878 1920 2038 1960 navium

1206 1971 1292 2025 (vel
1329 1970 1531 2024 classium)
1566 1972 1818 2011 constituitur
1845 1973 1953 2021 xxiii,
1985 1978 2035 2015 11

1205 2025 1247 2064 in
1277 2026 1399 2065 aciem
1431 2025 1646 2077 producere
1677 2026 1829 2078 aliquot
1859 2027 2038 2078 peditum

1204 2085 1246 2118 et
1262 2079 1439 2131 equitum
1457 2079 1577 2118 millia
1603 2079 1632 2125 i,
1651 2084 1675 2119 ὅ

1151 2131 1413 2184 Acquiescere
1428 2132 1726 2192 (significanter,
1753 2133 1805 2172 de
1822 2139 1960 2182 morte,
1979 2135 2037 2175 vi·

1205 2193 1283 2225 tam
1313 2186 1543 2226 laboriosam
1572 2185 1728 2240 secuta)
1755 2187 1862 2234 xxiii,
1879 2191 1930 2229 13
1971 2202 2037 2230 ac-

1204 2240 1406 2292 quiescere
1425 2252 1450 2279 a
1466 2240 1695 2280 lassitudine
1722 2241 1801 2289 xiv,
1821 2244 1871 2281 11

1150 2291 1344 2334 Acroama
1370 2307 1462 2341 xxv,
1492 2297 1544 2335 14
1582 2293 1792 2347 (alluditur
1823 2301 1954 2337 autem
1984 2298 2036 2337 ad

1203 2354 1424 2387 acroamata
1441 2347 1706 2387 conviviorum
1736 2348 1763 2388 i.
1788 2362 1826 2388 e.
1847 2351 2036 2404 sympho-

1185 2401 1338 2442 -niacos
1359 2417 1368 2440 :
1398 2401 1480 2440 vid.
1500 2401 1686 2441 Laurent.
1715 2402 1873 2455 Pignor.
1885 2404 1938 2444 de
1949 2405 2037 2445 Ser-

1204 2455 1277 2502 vis,
1309 2462 1353 2494 et
1370 2455 1518 2494 Muret.
1537 2455 1563 2493 l.
1590 2459 1631 2496 6.
1658 2455 1754 2495 Var.
1784 2457 1895 2496 Lect.
1914 2471 1950 2497 c.
1969 2463 2036 2499 15.

1206 2507 1343 2549 Boecl.
1372 2508 1493 2548 Adde
1523 2508 1702 2548 laudatos
1720 2509 1875 2549 Ernstio
1892 2511 1934 2549 in
1950 2514 2037 2551 hot.

1204 2564 1256 2600 ad
1274 2563 1313 2600 h.
1332 2562 1361 2600 l.
1380 2568 1420 2600 et
1437 2560 1563 2600 Andr.
1582 2561 1807 2601 Dounaeum
1822 2564 1865 2602 in
1879 2571 1963 2603 not.
1982 2567 2034 2605 ad

1206 2615 1526 2667 chrysostomum
1541 2627 1630 2667 pag.
1646 2619 1742 2656 700.
1783 2616 1980 2657 Buchner.
1995 2618 2035 2658 in

1206 2681 1350 2708 access.
1371 2669 1422 2707 ad
1441 2667 1630 2720 Fabrum)

1152 2721 1255 2763 Acta
1281 2723 1374 2768 xvii,
1388 2726 1413 2762 8
1442 2722 1535 2775 (pro
1552 2722 1697 2769 littore,
1717 2736 1740 2762 e
1759 2722 1900 2764 Graeco
1917 2724 2034 2774 ἀκτὴ,

1204 2775 1892 2872 iissaef‘ssi’fisshississffi‘ff'5⁵3¹?
1903 2779 2035 2874 {2¹33}

1205 2889 1344 2936 praeter
1361 2882 1468 2936 Nep.
1486 2884 1548 2923 usi
1566 2883 1674 2936 Virg.
1694 2885 1850 2926 AEn.'5.
1876 2893 1918 2926 et
1947 2887 2034 2928 Cic.

1205 2949 1276 3032 plro
1295 2937 1421 2978 Coelio
1442 2943 1483 2977 et
1500 2938 1542 2976 in
1558 2937 1722 2977 Verrem
1749 2952 1788 2986 v,
1807 2943 1875 2980 al.
1902 2953 1949 2980 ac
1968 2946 2034 2984 36.

1245 2992 1296 3031 al.
1310 2990 1417 3031 Flac.
1446 2992 1473 3037 i,
1488 2995 1583 3032 742.
1610 2997 1653 3031 et
1670 3005 1709 3040 v,
1728 2996 1796 3033 96.
1823 2994 1974 3035 Auson.
1992 2997 2034 3035 in

1205 3046 1389 3098 periocha
1407 3044 1601 3099 odysseae
1635 3049 1675 3086 6.
1704 3046 1875 3087 Paullin.
1905 3049 2033 3101 Epist.

1204 3103 1230 3141 4
1261 3101 1312 3139 ad
1342 3098 1590 3138 Ausonium:
1620 3100 1809 3139 Prudent.
1848 3102 1890 3140 in
1919 3102 2035 3155 Sym-

1205 3154 1332 3194 mach.
1359 3153 1387 3199 i,
1410 3156 1500 3194 1³6.
1529 3153 1610 3191 vid.
1629 3153 1775 3192 Muoet.
1804 3154 1896 3193 Var.
1923 3156 2034 3197 Lect.

1204 3208 1232 3254 i,
1253 3211 1292 3247 8.
1320 3205 1482 3246 Accurs.
1503 3207 1554 3245 ad
1582 3205 1734 3244 Auson.
1765 3207 1791 3245 l.
1810 3221 1846 3247 c.
1875 3208 2033 3252 Brodaei

1204 3259 1367 3300 miscell.
1396 3257 1438 3306 ii,
1459 3263 1498 3299 8.
1525 3259 1695 3299 Tur-neb.
1714 3259 1881 3303 Advers.
1907 3263 1964 3312 iii,
1993 3270 2032 3307 1.

1205 3313 1346 3365 Cujac.
1382 3313 1533 3352 observ.
1570 3313 1652 3360 viii,
1684 3317 1722 3354 1.
1779 3314 1948 3358 Casaub.
1980 3321 2030 3359 ad

1202 3366 1312 3406 Suet.
1326 3365 1432 3418 Aug.
1445 3369 1511 3407 72.
1531 3365 1666 3406 Barth.
1679 3367 1829 3409 advers.
1857 3371 1951 3420 xliv,
1966 3379 1984 3415 1
1995 3378 2031 3415 l.

1203 3419 1364 3459 Salmas.
1382 3432 1508 3459 exerc.
1528 3419 1632 3460 Plin.
1651 3433 1694 3473 p.
1711 3424 1805 3463 809.
1834 3422 1970 3466 Alard.
1990 3435 2031 3466 et

1204 3474 1345 3513 Weitz.
1366 3473 1417 3512 ad
1437 3473 1566 3514 Flacci
1594 3486 1632 3523 v,
1650 3479 1717 3516 95.
1751 3474 1805 3517 Is.
1825 3478 1939 3519 Voss.
1959 3482 2027 3519 ad-
