2306 3900
666 295 853 337 xxw.
920 297 1239 350 οΑΤοΝΕΜ,
1277 297 1412 340 οΑΡ.
1450 286 1505 342 2.

173 412 351 456 tentiam
383 411 585 467 Caes'aris,
620 419 696 456 aut
727 413 942 467 Pompeii,
980 421 1056 467 aut

170 478 398 533 utriusque
431 479 572 532 carpit
608 491 658 520 ac
694 478 883 520 vellicat.
968 479 1054 521 Qui

169 540 292 583 locus
334 543 464 582 etiam
503 547 758 595 argumento
796 548 880 594 est,
940 543 1054 583 hunc

171 603 426 657 scriptorem
445 605 592 645 multis
610 605 765 646 seculis
786 606 1052 657 superiorem

169 662 412 707 Theodosio
430 665 575 707 fuisse.
603 667 786 708 Lambin.
808 669 972 710 Bosz'us.

225 729 373 770 Senum
386 731 563 783 peracto]
591 730 768 783 Pighius
789 732 882 772 vult
903 732 1054 773 rescri-

170 792 215 833 bi
230 793 431 836 consulatu
444 798 633 845 pernam
660 795 759 848 quia
776 795 932 836 nullam
953 802 1054 848 post

167 854 403 898 secundum
434 856 699 896 consulatum
730 857 877 910 Scipio
902 870 1053 911 proro-

168 919 384 972 gationem
404 919 573 972 imperii
593 919 757 962 habuit.
787 921 988 963 Gebhard.

193 1021 196 1025 .
224 985 326 1024 Cato
339 997 473 1026 censor·
491 997 579 1025 cum
596 987 726 1026 eodem
745 985 886 1027 Flacco
895 986 1052 1040 factus]

168 1051 260 1089 569.
291 1048 435 1089 Urbis.
466 1048 552 1091 Qui
573 1050 715 1090 aetatis
738 1061 865 1091 xmx.
895 1050 1050 1092 Schote-

165 1113 244 1159 Τῆς
275 1110 457 1152 ὑπατείας
482 1111 645 1152 κατόπιν
675 1111 783 1154 ἔτεσι
817 1111 913 1155 δέκα
939 1129 1051 1165 τιμη-

166 1174 278 1216 τείαν
295 1175 317 1215 ὁ
336 1174 476 1216 Κάτων
492 1175 746 1230 παρήγγειλε.
778 1177 1052 1221 Plutarchus-

168 1238 316 1281 Livius
362 1250 528 1281 xxxix.
572 1242 586 1263 ‘
620 1241 854 1282 Censuram
888 1254 1053 1283 summa

166 1302 445 1350 contentione
499 1304 711 1357 petebant
755 1307 804 1347 L.
854 1306 1052 1348 Valerius

167 1366 364 1419 Flaccus,
411 1368 465 1408 P.
512 1373 559 1409 et
595 1369 643 1410 L.
681 1369 926 1423 Scipiones,
972 1371 1052 1413 Cn.

166 1429 358 1473 Manlius
377 1431 524 1483 Vulso,
558 1433 606 1474 L.
627 1433 780 1474 Furius
811 1433 1052 1486 Purpureo,

166 1493 366 1546 patricii:
396 1495 558 1549 plebeii
592 1502 752 1547 autem,
785 1497 850 1538 M.
871 1497 1051 1538 Porcius

169 1557 295 1608 Cato,
312 1556 378 1598 M.
399 1558 574 1599 Fulvius
605 1559 821 1606 Nobilior,
846 1560 900 1601 Τ.
920 1566 968 1602 et
986 1561 1050 1601 M.

165 1620 426 1675 Sempronii,
485 1624 656 1677 Longus
703 1631 750 1667 et
794 1625 1050 1667 Tuditanus.

166 1684 255 1726 Sed
275 1685 436 1727 omneis
456 1687 659 1739 patricios
678 1687 957 1742 plebeiosque
977 1701 1051 1729 no·

165 1746 465 1789 bilissimarum
494 1748 752 1792 familiarum
786 1751 850 1793 M.
866 1751 1050 1792 Porcius

164 1810 294 1862 longe
311 1811 531 1862 anteibat?
557 1813 738 1854 Lombin.

220 1873 362 1915 Seuere
393 1874 560 1928 praefuit
594 1876 633 1917 ei
664 1878 876 1931 potestati]
922 1877 1049 1920 Unde

167 1937 398 1980 Censorius
426 1944 495 1980 est
521 1940 781 1992 appellatus.
835 1941 988 1983 Cicero
1006 1942 1048 1982 in

166 2002 319 2043 Caton.
350 2006 398 2043 et
428 2003 556 2044 Brut.
588 2003 813 2044 Plutarch.
833 2004 929 2046 Liv.
948 2006 1048 2046 Val-

166 2065 288 2107 Max.
329 2065 462 2118 Apud
491 2067 765 2118 Juvenalem,
802 2068 815 2090 ‘
834 2068 1005 2109 Tertius
1023 2082 1048 2111 e

166 2130 276 2171 coelo
290 2129 453 2172 cecidit
471 2129 609 2172 Cato!
636 2130 938 2183 muneratio,
956 2131 969 2154 ‘
987 2131 1049 2173 in-

163 2198 311 2235 tonsus
326 2193 354 2244 ;’
384 2199 427 2235 et
444 2195 642 2246 Lucano,
675 2194 689 2217 ‘
708 2193 835 2247 rigidi
854 2200 1049 2237 servator

163 2256 365 2299 honesti!

222 2321 333 2362 Num
362 2321 406 2362 in
434 2321 649 2373 complures
667 2321 834 2374 nobiles]
860 2319 1049 2374 Ἔξέβαλε

163 2380 207 2424 δὲ
237 2384 311 2433 τῆς
339 2386 489 2433 βουλῆς
516 2383 665 2426 ἄλλους
694 2401 741 2427 τε
769 2384 955 2438 συχνοὺς,
983 2386 1048 2427 καὶ

161 2447 322 2490 Λεύκων
339 2449 532 2504 Κοΐντιον,
545 2450 692 2492 ὕπατον
707 2450 780 2502 μὲν
794 2451 895 2493 ἑπτὰ
910 2451 1047 2506 πρότε·

160 2527 228 2566 ρον
245 2513 431 2556 ἐνιαυτοῖς
446 2515 724 2566 γεγενημένον.
766 2517 1045 2558 Plutarchus.

162 2576 309 2618 Livius
345 2588 512 2633 xxnx.
551 2579 564 2600 ‘
600 2579 811 2619 Censores
843 2579 907 2620 M.
939 2579 1046 2619 Por-

161 2639 254 2683 cius
273 2645 320 2680 et
353 2641 404 2681 L.
424 2640 640 2693 Valerius,
671 2646 791 2682 metu
824 2641 953 2683 mista
971 2654 1046 2683 ex-

161 2703 447 2756 spectatione,
471 2704 676 2746 Senatum
699 2705 921 2758 legerunt3
951 2717 1046 2758 sep-

161 2772 251 2807 tem
265 2773 492 2808 moverunt
507 2774 738 2821 senatu‚ex
749 2769 900 2822 quibus
916 2781 1046 2810 unum

162 2832 372 2885 insignem
392 2833 618 2876 nobilitate
648 2841 694 2877 et
724 2835 972 2887 honoribus,
994 2836 1044 2876 L.

162 2895 385 2938 Quintium
419 2896 718 2949 Flamininum,
743 2897 1045 2940 consularem.’

160 2957 362 3011 Scriptor
393 2958 449 3000 de
476 2959 569 3001 Vir.
601 2960 766 3002 Illustr.
796 2971 940 3002 xzvu.
971 2962 1047 3002 ad·

156 3021 304 3073 jungit
349 3033 523 3064 causam
569 3022 624 3064 de
664 3023 1045 3066 animadvertendo

161 3084 431 3134 Flaminino;
458 3086 471 3109 ‘
490 3086 603 3140 quod
635 3087 706 3129 ille
740 3087 781 3128 in
812 3088 971 3140 Gallia,
989 3090 1044 3131 ad

163 3146 385 3199 cujusdam
416 3149 549 3190 scorti
582 3151 896 3202 spectaculum,
915 3152 1045 3192 educ-

162 3215 257 3252 tum
290 3209 499 3263 quendam
526 3222 551 3252 e
582 3223 754 3253 carcere
784 3213 827 3252 in
846 3213 1044 3255 convivio

157 3272 349 3325 jugulari
375 3271 604 3324 jussisset:
658 3274 775 3326 Lege
800 3276 981 3317 eandem
999 3277 1043 3317 iu

163 3334 411 3376 Plutarcho.
480 3335 706 3378 Quomodo
743 3337 915 3388 plurimi
948 3349 1043 3379 nar-

164 3402 274 3439 rant.
328 3398 387 3439 Et
418 3397 478 3439 ita
498 3398 653 3439 Cicero
673 3397 882 3439 Catonem
900 3399 1043 3452 ipsum

164 3459 208 3499 in
244 3459 425 3512 Dialogo
462 3462 534 3502 De
574 3460 810 3501 Senectute
847 3462 938 3502 haec
984 3462 1043 3502 lo·

165 3528 366 3574 quentem
402 3529 448 3564 et
480 3529 726 3565 narrantem
765 3524 885 3565 fecit.
955 3524 1041 3566 Sed

246 3612 250 3616 -
274 3589 415 3641 Daph.
431 3595 468 3630 et
493 3592 585 3631 Var.
603 3593 708 3632 Clas.

1037 3594 1138 3644 Nep.

1894 290 2002 343 673

1122 418 1264 458 Livius
1283 430 1396 471 eum,
1413 418 1485 473 qui
1502 417 1669 460 occisus
1699 416 1795 474 fnit,
1814 419 2001 461 transfu-

1120 493 1217 533 gam
1234 482 1404 522 Gallum
1425 481 1558 523 fuisse
1578 481 1702 523 dicit.
1746 483 1804 522 Et
1823 483 2002 524 Lucium

1119 556 1202 583 non
1224 556 1302 596 per
1321 545 1535 597 lictorem,
1555 545 1628 586 sed
1660 546 1798 598 ipsum
1817 558 1895 586 sua
1915 558 2002 586 ma-

1118 620 1176 646 nu
1194 609 1405 650 hominem
1441 609 1721 651 interfecisse.
1778 609 1854 650 Καὶ
1888 611 2001 650 ταῦτ’

1119 671 1161 710 ἐν
1176 673 1234 722 τῷ
1249 670 1358 723 λόγῳ
1375 671 1596 725 γεγράφθαι
1616 672 1811 714 Κάτωνος·
1833 679 1882 714 ut
1897 682 1999 717 con'-

1118 735 1236 775 tinuo
1256 735 1473 789 subjungit
1492 737 1761 778 Plutarchus.
1815 738 1924 778 Haec
1943 738 2000 778 de

1117 798 1369 840 Flaminino.
1453 800 1525 840 De
1571 799 1661 840 Vir.
1714 801 1962 842 Illustribus
1984 816 1997 842 ε

1114 862 1127 884 ‘
1149 861 1392 903 Accusator
1412 862 1606 903 assiduus
1633 863 1858 915 malorum,
1894 863 1999 904 Gal-

1115 925 1214 965 bam
1225 926 1526 978 octogenarius
1537 926 1785 978 accusavit,'
1797 928 1867 980 qui
1880 927 2000 968 Prae-

1117 994 1187 1029 tor
1223 989 1452 1030 Lusitanos
1489 989 1692 1042 deripuit.
1759 989 1871 1030 Vide
1889 990 1999 1031 ‘Liv.

1116 1050 1235 1092 Plut.

1169 1111 1485 1169 Animadvertit]
1513 1117 1580 1157 Ex
1613 1128 1698 1171 quo
1731 1115 1998 1158 animadver-

1115 1177 1177 1218 sio
1210 1179 1418 1221 censoria.
1476 1179 1628 1221 Cicero
1664 1192 1742 1233 pro
1770 1181 1998 1222 Cluentio:

1115 1241 1128 1263 ‘
1150 1242 1340 1295 Majores
1374 1242 1509 1283 nostri
1545 1254 1757 1295 nunquam
1785 1243 1998 1295 judicium

1113 1304 1456 1356 nominaverunt,
1470 1317 1607 1358 neque
1639 1306 1818 1358 proinde
1839 1312 1888 1347 ut
1907 1319 1996 1347 rem

1105 1367 1346 1420 judicatam
1400 1368 1684 1410 observarunt
1730 1370 1996 1411 animadver-

1114 1431 1277 1472 sionem
1315 1431 1700 1485 auctoritatemque
1733 1433 1997 1475 censoriam!

1114 1494 1298 1536 Lambin.
1591 1544 1595 1547 ⁷

1171 1558 1344 1600 Circiter
1374 1572 1495 1601 annos
1529 1560 1772 1613 octuaginta,
1802 1573 1920 1613 usque
1946 1563 1999 1601 ad

1112 1620 1329 1663 ‘extremam
1342 1627 1514 1675 «etatem,
1524 1624 1572 1664 ab
1580 1625 1859 1677 adolescentia]
1873 1626 1997 1665 Lam-

1115 1685 1238 1727 binus
1267 1688 1472 1740 explicat,
1498 1701 1578 1742 per
1606 1701 1739 1730 annos
1757 1690 1998 1742 octoginta.

1113 1749 1293 1801 Pighius
1324 1753 1524 1804 supplet:
1554 1753 1662 1792 vixit
1688 1752 1849 1794 circiter
1875 1765 1998 1793 annos

1111 1813 1327 1865 octoginta,
1345 1818 1384 1855 et
1396 1826 1512 1867 usque
1528 1817 1581 1855 ud
1596 1820 1813 1858 extremam
1821 1820 1996 1856 «etatem.

1113 1877 1214 1919 Bos.
1232 1878 1357 1920 Vixit
1385 1880 1499 1920 euim
1533 1880 1645 1922 Cato
1669 1880 1903 1933 nonaginta
1922 1892 1995 1920 an-

1112 1952 1207 1992 nos,
1242 1947 1289 1983 et
1307 1954 1358 1983 eo
1377 1944 1573 1995 ampliuS.
1629 1944 1743 1986 Quin
1763 1956 1919 1985 annum
1951 1956 1997 1984 a·

1112 2007 1217 2056 gens
1237 2005 1557 2058 nonagesimum
1575 2006 1698 2048 Serv.
1726 2007 1909 2048 Galbam
1926 2019 1996 2047 ac-

1111 2066 1293 2116 cusavit,
1311 2072 1361 2107 ut
1380 2071 1567 2108 testatur
1592 2068 1866 2110 Plutarchus.
1920 2068 1994 2110 Sic

1111 2129 1225 2169 enim
1246 2129 1342 2171 ille:
1371 2128 1577 2182 Τεσσάρων
1604 2131 1639 2171 δ’
1657 2130 1794 2172 ἄλλων
1812 2132 1995 2172 ἐνιαυτῶν

1110 2192 1351 2246 διελθόντων,
1369 2193 1587 2247 Σερουιλίου
1618 2194 1757 2241 Γάλβα
1776 2194 1994 2248 κατηγόρη-

1110 2270 1194 2308 σεν,
1210 2255 1462 2306 ἐννενήκοντα
1475 2258 1648 2310 γεγονὼς
1663 2257 1748 2307 ἔτη.
1778 2259 1996 2299 Κινδυνεύει

1109 2319 1204 2373 γὰρ,
1221 2320 1271 2361 ὥς
1290 2321 1311 2361 ὁ
1330 2320 1505 2374 Νέστωρ,
1534 2321 1588 2363 εἷς
1617 2322 1816 2375 τριγονίαν
1833 2324 1893 2374 τῷ
1922 2322 1995 2374 βίῳ

1110 2384 1175 2425 καὶ
1190 2386 1277 2426 ταῖς
1295 2384 1456 2438 πράξεσι
1473 2389 1694 2428 κατελθεῖν.
1722 2387 1906 2428 Lambin.

1164 2447 1369 2501 Suscipere
1398 2449 1651 2502 inimicitias]
1686 2449 1842 2491 Cicero·
1874 2450 1996 2490 Divi·

1110 2511 1286 2552 natione
1313 2512 1356 2552 iu
1386 2513 1442 2555 Q.
1460 2513 1702 2564 Caecilium,
1721 2525 1796 2553 seu
1820 2514 1867 2554 C.
1886 2514 1997 2553 Ver·

1111 2586 1223 2615 rem:
1254 2575 1267 2598 ‘
1288 2575 1484 2616 Marcum
1517 2577 1725 2616 Catonem
1745 2575 1862 2615 illum
1883 2576 1994 2628 sapi·

1110 2645 1272 2691 entem,
1291 2640 1572 2681 clarissimum
1594 2640 1728 2681 virum
1748 2646 1795 2681 et
1813 2641 2005 2693 prumien·-

1110 2703 1335 2753 tissimum,
1355 2715 1452 2745 cum
1473 2704 1616 2744 multis
1642 2716 1793 2757 graves
1814 2704 1995 2744 inimici-

1110 2766 1190 2806 tias
1208 2766 1388 2820 gessisse
1412 2767 1671 2820 accepimus,
1692 2772 1874 2820 propter
1895 2767 1994 2808 His-

1109 2841 1329 2882 panorum,
1365 2830 1481 2882 apud
1511 2842 1618 2884 quos
1651 2830 1799 2870 consul
1834 2828 1995 2882 fuerat,

1109 2893 1313 2946 injurias!
1352 2893 1473 2934 Idem
1494 2894 1566 2934 lib.
1591 2905 1633 2935 v.
1654 2893 1809 2935 Aecus.
1839 2894 1897 2935 Et
1914 2905 1992 2946 pro

1110 2958 1324 3007 Muraena,
1342 2969 1421 3010 pro
1438 2957 1568 3010 Sylla.
1601 2956 1784 2998 Lambin.

1162 3021 1200 3061 A
1219 3021 1354 3061 multis
1384 3021 1577 3073 tentatus]
1618 3020 1877 3061 Plutarchus
1909 3025 1994 3061 tra·

1109 3083 1188 3136 dit,
1206 3096 1301 3125 eum
1322 3083 1415 3125 fere
1433 3083 1716 3137 quinquagies
1744 3090 1991 3125 accusatum

1107 3147 1256 3189 fuisse.
1311 3148 1384 3189 Sic
1415 3148 1513 3188 ille:
1554 3145 1718 3196 Λέγεται
1745 3146 1823 3198 γὰρ
1854 3146 1992 3195 ὀλίγον

1107 3209 1376 3251 ἀπολιπούσας
1405 3212 1484 3250 τῶν
1507 3208 1751 3257 πεντήκοντα
1778 3211 1917 3260 φυγεῖν
1934 3209 1989 3250 δί-

1107 3288 1192 3326 κας,
1216 3273 1310 3324 μίαν
1335 3272 1379 3314 δὲ
1408 3272 1654 3322 τελευταίαν,
1672 3271 1712 3322 ἓξ
1731 3270 1802 3321 ἔτη
1831 3271 1896 3313 καὶ
1921 3271 1991 3322 by·

1107 3336 1296 3385 δοήκοντα
1330 3337 1513 3387 γεγονὼς·
1559 3335 1602 3375 ἐν
1632 3332 1658 3389 ᾖ
1684 3333 1749 3376 καὶ
1770 3334 1821 3376 τὸ
1844 3349 1992 3386 μνημο-

1107 3398 1307 3449 νευόμενον
1346 3397 1465 3449 εἶπεν,
1496 3398 1547 3439 ὡς
1581 3398 1761 3449 χαλεπόν
1793 3398 1903 3440 ἔστιν
1949 3400 1992 3439 ἐν

1108 3461 1243 3504 ἄλλοις
1274 3460 1492 3509 βεβιωκότα
1527 3461 1750 3514 ἀνθρώποις,
1779 3462 1822 3503 ἐν
1853 3462 1990 3503 ἄλλοις

1108 3526 1400 3576 ἀπολογεῖσθαι.
1443 3525 1669 3566 Lambinue.
1731 3526 1894 3567 Auctor
1934 3525 1986 3564 de

1783 3598 1807 3632 2
1839 3594 1877 3632 U
