2306 3900
646 325 834 367 xxxv.
897 323 1216 376 cAToNEM,
1256 323 1394 364 cAP.
1432 310 1488 363 1.

148 459 328 504 sumque
347 449 518 490 hortum
535 457 616 500 pro
633 444 752 485 villa.
755 443 769 462 '
813 441 1031 495 Apuleius

147 516 195 556 iu
213 514 329 556 Flor.
355 510 590 553 herediolum
608 510 790 560 usurpat
806 503 1031 556 κτημάτων.

148 579 335 620 Boeceer.

199 644 238 684 Δ
255 646 372 695 patre
386 635 589 689 relictum]
614 635 714 677 Hoc
731 633 860 676 hodie
875 633 1034 692 propri-

148 720 215 748 um
230 712 314 760 est,
336 704 453 760 quod
470 701 672 744 heredium
688 699 840 740 avitum
851 697 1034 739 vocaba-

147 778 220 812 tur
252 769 453 823 antiquis.
506 764 655 808 Graeci
675 762 819 816 χωρίον
847 760 1034 814 πατρικὸν

146 834 380 887 appellant,
403 831 518 885 quod
535 829 738 871 heredem
756 826 1033 881 sequebatur,

145 902 196 939 ut
210 896 344 938 docet
363 895 567 936 Budaeus.
594 892 799 934 Kenchen.

207 960 392 1001 Hor-tutu
427 959 480 999 L.
523 957 676 999 Valerii
713 954 866 1006 Mei]
922 953 1030 994 Mss.

144 1023 316 1066 Schott.
329 1022 429 1063 Inde
441 1022 616 1062 hortatu.
644 1019 814 1061 Bosius.
833 1016 1033 1070 Scriptor

145 1087 201 1128 de
230 1086 326 1127 Vir.
359 1085 524 1126 lllustr.
553 1084 567 1107 ‘
583 1083 626 1124 A
661 1081 840 1125 Valerio
874 1081 1032 1121 Flacco

144 1151 324 1191 Romam
345 1145 635 1189 sollicitatus!
691 1144 780 1186 Hic
809 1143 925 1185 enim
949 1143 1032 1184 Ca-

147 1213 295 1253 tonem
311 1210 487 1252 induxit
519 1209 826 1263 animavitque,
856 1213 908 1248 ut
940 1218 1030 1248 rem

144 1277 384 1318 Romanam
399 1277 654 1329 attingeret,
684 1279 827 1316 motus
845 1272 1032 1314 maxime

147 1339 283 1392 ipsius
302 1340 394 1382 vita
421 1352 474 1382 ac
499 1351 665 1381 morum
681 1338 908 1380 modestia.
937 1337 1031 1377 Μα-

140 1404 325 1446 chum.

197 1468 250 1508 In
270 1467 506 1519 Consulatu]
530 1465 660 1507 Anno
687 1463 746 1505 ab
777 1462 898 1505 Urbe
930 1472 1031 1503 eou-

131 1529 238 1571 ·dita
265 1533 364 1571 569.
399 1529 504 1570 belli
539 1527 777 1581 Philippici
803 1530 849 1567 ’6.
891 1524 1031 1566 Lumb-

143 1594 243 1636 Quo
261 1592 317 1633 ad
334 1591 600 1634 Antiochum
615 1589 814 1643 fugiebat
825 1587 1031 1630 Annibal.

143 1656 190 1697 Is
210 1655 389 1708 olymp.
407 1656 556 1696 cx'nvr.
585 1665 720 1694 annus
736 1656 777 1693 3.
815 1651 1000 1693 Chronol.

199 1717 465 1772 Censuraque]
503 1716 634 1758 Anno
652 1715 785 1757 Urbis
802 1717 899 1756 569.
926 1713 1032 1755 belli

143 1781 407 1824 AntIocheni
438 1784 481 1821 8.
514 1779 698 1820 Lambini.
761 1779 881 1830 Lege
899 1777 1032 1818 etiam

142 1845 442 1894 Plutarchum,
471 1842 543 1896 qui
561 1841 830 1883 consulatum
857 1844 905 1881 et
935 1851 1035 1881 cen·

143 1919 289 1949 suram
316 1906 441 1947 simul
457 1905 562 1957 ipsis
581 1902 785 1956 obtigisse
803 1902 933 1944 dicit:
960 1902 1035 1943 ’Ere

147 1970 292 2012 τούτου
307 1969 351 2011 δὲ
367 1967 544 2021 λαμπρὸς
563 1967 616 2008 ὢν
627 1967 718 2017 ἤδη,
730 1965 796 2007 καὶ
807 1965 1035 2019 περιφανὴς,

147 2036 255 2086 uitreis*
269 2037 328 2086 τῷ
346 2032 548 2087 Οὐαλερίῳ
559 2030 728 2086 τερὶτὰς
743 2029 936 2082 μεγίστας
952 2033 1034 2082 ξυν-

144 2099 307 2152 &pumat
336 2097 476 2152 ἀρχὰς,
502 2096 650 2138 ὕπατός
675 2111 723 2137 τε
748 2095 835 2148 μετ’
871 2094 1033 2147 ἐκείνου,

143 2163 211 2204 καὶ
226 2162 348 2204 πάλιν
362 2161 528 2214 τιμητὴς
544 2160 758 2212 γινόμενος.
812 2159 899 2202 Ubi
918 2160 1034 2200 inter

143 2227 232 2268 alia
265 2226 418 2269 laudat
446 2227 500 2267 L.
529 2226 677 2267 Valer.
705 2225 926 2276 Flaccum,
959 2223 1033 2276 qui

143 2295 242 2332 erat
258 2288 487 2343 εὐπατρίδης
505 2287 579 2339 μὲν
596 2288 637 2329 ἐν
651 2289 737 2328 τοῖς
748 2285 926 2337 μάλιστα
940 2285 1033 2328 Ῥω·

143 2352 282 2406 μαίων,
296 2352 363 2395 καὶ
381 2350 556 2394 δυνατός.
584 2351 788 2406 Keuohen.

220 2417 288 2459 M.
324 2417 530 2469 Perperna
569 2413 824 2466 Censorinus]
887 2413 1033 2455 Homo

144 2481 326 2524 Graecus
362 2487 410 2522 et
437 2480 710 2534 peregrinus.
779 2479 868 2523 Qui
881 2478 1033 2520 consul

142 2550 375 2600 autequam
391 2544 500 2586 civis
529 2543 629 2584 fuit.
673 2543 823 2584 Valer.
849 2542 1032 2585 Maxim.

143 2620 219 2651 ιιι.
234 2613 280 2651 4.
307 2607 439 2652 Quod
458 2611 612 2649 contra
627 2606 763 2658 leges.
801 2603 1032 2658 Peregrini

143 2673 258 2714 enim
276 2670 604 2724 magistratibus
627 2668 904 2711 arcebantur.
960 2666 1042 2709 De*

143 2748 229 2789 quo
260 2735 361 2777 vide
390 2734 436 2775 in
465 2733 623 2775 Fastis.
678 2733 899 2773 Caeterum
931 2742 1034 2771 non-

141 2799 268 2852 nulli,
285 2798 400 2839 inter
416 2808 525 2851 quos
543 2795 765 2847 schottus,
781 2793 1033 2835 comolm'nus

142 2863 329 2914 malunt,
344 2872 473 2915 quam
491 2859 733 2902 censorinus.
763 2857 932 2902 Quibus
945 2869 1032 2899 nou

145 2926 384 2968 adsentior.

160 3015 165 3018 -
203 2990 257 3031 ln
278 2989 375 3039 foro
413 3000 495 3030 esse
525 2987 664 3042 coepit]
709 2986 919 3028 Κατελθὼν
950 2984 1034 3040 οὖν,

150 3052 260 3094 dotes
273 3052 368 3095 τοὺς
390 3051 465 3103 μὶν
493 3051 610 3094 αὐτὸς
641 3052 786 3093 ἐκτᾶτο
808 3050 1034 3102 θαυμαστὰς

148 3115 215 3157 καὶ
232 3114 368 3167 φίλων
385 3115 448 3157 διὰ
463 3117 543 3157 τῶν
558 3117 806 3168 συνηγοριῶν·
817 3113 973 3163 πολλήν
984 3129 1033 3156 τε

147 3179 220 3235 τοῦ
251 3176 467 3231 Οὐαλερίου
501 3178 618 3229 τιμὴν
648 3178 716 3220 καὶ
743 3176 901 3229 δύναμιν
928 3178 1034 3230 αὑτῳ

149 3239 438 3294 προστιθέντος,
455 3240 684 3294 χιλιαρχίας
717 3240 839 3294 ἔτυχε
866 3244 1034 3295 πρῶτον,

153 3301 239 3346 «ha
253 3305 493 3355 ἐταμίευσεν.
520 3306 639 3349 Plut.

205 3368 388 3411 Primum
403 3370 647 3423 stipendium
671 3370 818 3412 meruit
842 3379 1036 3410 morum

152 3431 281 3472 dcem
296 3432 534 3485 aptamque]
579 3433 690 3476 Quae
708 3432 905 3474 militaris
927 3435 1035 3472 otas

156 3497 265 3535 erat.
316 3494 405 3537 Adi
437 3497 630 3551 Dipsium
666 3497 722 3538 de
753 3496 886 3538 Milit.
912 3495 1038 3536 Rom.

157 3555 260 3600 dial.
272 3567 306 3599 ι.
321 3560 364 3603 2.
367 3558 533 3603 Rosius.
560 3560 846 3604 Plutarchus.
866 3555 976 3601 Πολὺ
993 3556 1036 3600 δὲ

1868 309 1978 364 669

1093 442 1249 491 μᾶλλον
1265 441 1308 481 ἐν
1323 442 1414 482 ταῖς
1427 437 1575 491 μάχαις
1589 440 1678 480 ταῖς
1689 437 1784 492 πρὸς
1794 436 1889 480 τοὺς
1903 453 1978 480 πο-

1093 506 1247 556 λεμίους
1276 504 1340 546 καὶ
1368 507 1457 546 ταῖς
1488 504 1708 557 στρατείαις
1742 499 1979 555 βουλόμενος

1095 570 1322 622 εὐδοκιμεῖν,
1349 567 1409 609 ἔτι
1435 568 1630 622 μειράκιον
1658 569 1726 617 ὢν,
1753 567 1982 623 τραυμάτων

1093 632 1142 674 τὸ
1159 636 1271 683 σῶμα
1285 632 1431 684 μεστὸν
1449 631 1630 673 ἐναντίων
1656 632 1755 685 εἶχε
1784 632 1883 686 φησὶ
1899 634 1980 687 ’γὰρ

1094 697 1224 748 αὐτὸς,
1243 696 1503 738 ἑπτακαίδεκα
1514 698 1686 748 γεγονὼς
1705 697 1774 747 ἔτη
1785 697 1860 747 τὴν
1877 697 1977 750 πρῶ-

1093 778 1168 811 την
1202 760 1512 815 στρατεύσασθαι
1547 761 1768 814 στρατείαν,
1811 760 1898 814 περὶ
1932 761 1979 804 ὃν

1093 825 1273 874 Ἀννίβας
1299 825 1443 879 χρόνον
1479 826 1654 878 εὐτυχῶν
1681 824 1877 878 ἐπέφλεγε
1905 826 1983 875 τὴν

1093 889 1284 933 Ἰταλίαν.
1330 890 1417 931 Sed
1435 889 1609 932 videtur
1624 902 1680 930 ex
1697 890 1840 930 Fastis
1853 896 1980 931 natus

1095 960 1187 997 tum
1213 953 1347 995 fuisse
1376 953 1487 994 Cato
1520 959 1653 1009 annos
1681 952 1856 994 circiter
1876 963 1980 995 x1x.

1093 1018 1470 1072 Siquidem-‘natus
1505 1022 1574 1058 est
1593 1029 1720 1069 anuo,
1750 1021 1982 1070 postquam

1094 1084 1279 1138 primum
1325 1082 1484 1124 Consul
1529 1081 1674 1123 fuerat
1711 1082 1766 1124 Q.
1821 1081 1980 1123 Fabius

1094 1147 1312 1188 Maximus
1329 1147 1617 1187 Verrucosus.
1643 1145 1784 1186 Lamb.
1840 1145 1900 1186 Et
1918 1145 1981 1186 sic

1094 1215 1462 1252 connumerantur
1511 1209 1613 1249 anni
1657 1208 1856 1250 extremi.
1930 1209 1979 1250 Si

1094 1287 1216 1317 xv11.
1245 1273 1369 1327 velis,
1396 1273 1583 1326 primum
1611 1271 1874 1324 stipendium
1892 1283 1981 1312 me-

1094 1342 1185 1382 ruit
1216 1351 1329 1380 anno
1365 1337 1513 1378 Romae
1543 1346 1747 1378 nxxxnr.
1775 1335 1848 1389 qui
1879 1334 1983 1378 duo-

1093 1404 1176 1445 bus
1195 1402 1331 1443 distat
1351 1413 1376 1441 a
1395 1399 1550 1442 Fastis.
1596 1398 1710 1440 Vide
1728 1403 1903 1440 aetatem
1916 1398 1982 1453 ip·

1094 1467 1184 1508 sius
1216 1476 1297 1519 per
1326 1464 1536 1506 Consules
1574 1461 1790 1515 digestam
1818 1473 1845 1502 a
1881 1473 1983 1502 con·

1095 1528 1425 1571 summatissimo
1443 1526 1644 1576 Schotto,
1674 1525 1720 1566 iu
1747 1525 1862 1566 notis
1895 1525 1984 1567 suis

1095 1594 1151 1636 ad
1169 1593 1439 1646 Scriptorem
1458 1591 1528 1631 De
1546 1590 1640 1630 Vir.
1656 1587 1926 1630 Illustribus:

1153 1658 1208 1707 Q.
1226 1656 1352 1698 Fabio
1368 1653 1574 1706 Maximo]
1609 1653 1857 1695 Verrucoso
1873 1652 1982 1695 O'vi-

1094 1721 1191 1763 cula
1208 1732 1275 1762 lv.
1328 1720 1400 1760 De
1418 1730 1502 1772 quo
1523 1717 1580 1758 ad
1590 1717 1896 1759 Hannibalem.
1938 1718 1985 1758 Is

1094 1784 1241 1826 fuerat
1251 1785 1345 1838 jam
1365 1788 1468 1823 ante
1494 1781 1564 1823 bis
1593 1781 1799 1823 Dictator
1822 1782 1879 1826 Q.
1900 1781 1984 1822 Fa·-

1094 1848 1167 1889 bio
1187 1847 1380 1889 Maximo
1399 1858 1465 1887 1v.
1499 1850 1547 1886 et
1574 1845 1640 1887 M.
1660 1845 1841 1886 Claudio
1862 1845 1981 1885 Mar-

1096 1912 1207 1953 cello
1219 1921 1295 1952 111.
1317 1910 1438 1951 Coss.
1467 1921 1579 1950 anno
1594 1908 1648 1950 ab
1663 1909 1784 1949 Urbe
1802 1908 1985 1950 condita

1094 1977 1190 2016 539.
1244 1973 1319 2015 Sic
1343 1973 1455 2014 Cato
1487 1973 1543 2013 de
1572 1984 1620 2012 se
1649 1971 1766 2025 apud
1794 1973 1858 2012 M.
1878 1972 1986 2012 Tui-

1094 2038 1198 2078 lium
1219 2037 1264 2077 in
1283 2038 1481 2079 Catone:
1512 2035 1526 2059 ‘
1546 2035 1657 2076 Cum
1671 2046 1724 2075 eo
1752 2034 1832 2087 [Q.
1845 2034 1982 2075 Fabio

1095 2099 1310 2152 Maximo]
1327 2104 1527 2154 quartum
1541 2099 1716 2140 consule
1733 2099 1984 2139 adolescen-

1096 2166 1212 2206 tulus
1226 2165 1351 2205 miles
1363 2162 1584 2216 profectus
1598 2175 1690 2203 sum
1707 2162 1761 2203 ad
1775 2163 1984 2216 Capuam,

1096 2227 1201 2280 [quo
1230 2226 1619 2280 tempor-eugebat
1651 2225 1793 2268 aetatis
1823 2238 1983 2267 annum

1095 2290 1218 2343 xum]
1235 2290 1473 2344 quintoque
1493 2301 1606 2330 anuo
1627 2294 1725 2342 post
1744 2289 1798 2329 ad
1817 2289 1984 2331 Taren-

1095 2353 1216 2394 tum!
1255 2352 1354 2396 Quo
1375 2357 1571 2406 tempore
1589 2357 1714 2393 natus
1733 2357 1829 2394 erat
1849 2364 1984 2394 anuos

1094 2416 1273 2458 circiter
1289 2427 1428 2458 xxm.
1483 2416 1644 2458 Fabius
1664 2421 1806 2458 autem
1826 2423 1924 2459 erat
1937 2426 1984 2459 v.

1095 2481 1272 2523 Consul.
1299 2480 1438 2522 lamb.
1458 2481 1615 2522 Schott.

1152 2543 1347 2585 monus
1380 2545 1554 2585 militum
1598 2546 1644 2586 in
1691 2545 1834 2586 Sicilia
1869 2544 1984 2597 fuit]

1094 2607 1222 2648 Anno
1241 2607 1383 2648 aetatis
1403 2618 1535 2648 xxiv.
1576 2606 1643 2648 M.
1663 2606 1847 2647 Claudio
1861 2607 1983 2647 Mar-

1095 2672 1207 2712 cello
1243 2683 1286 2712 v.
1310 2671 1380 2714 .'1'.
1416 2670 1598 2714 Quintio
1635 2670 1758 2711 Coss.
1798 2670 1980 2711 Lambin.

1092 2733 1232 2775 Addit
1266 2745 1425 2775 annum
1473 2745 1604 2774 unum
1650 2734 1822 2776 Schott.
1892 2733 1982 2777 Qui

1094 2796 1227 2838 Urbis
1258 2807 1398 2840 nxLV.
1457 2796 1717 2837 Plutarchus
1750 2796 1984 2850 χιλιαρχίαν

1093 2863 1242 2911 vocat,
1259 2871 1386 2913 quem
1401 2859 1545 2900 Latini
1566 2859 1780 2900 Tribunum
1792 2856 1980 2901 militum.

1094 2924 1165 2965 Ita
1185 2924 1336 2977 Nepos
1354 2924 1399 2964 in
1427 2924 1608 2965 Conone
1634 2923 1982 2966 ‘chiliarchum'

1094 2987 1219 3030 dixit.
1286 2987 1514 3031 Quomodo
1561 2987 1852 3041 Hieronymus
1901 3001 1982 3042 pro

1095 3051 1338 3094 chiliarcho
1366 3050 1623 3093 Tribunum.
1675 3048 1814 3092 Exod.
1845 3063 1982 3092 xvm.

1094 3115 1240 3157 Hodie
1270 3115 1618 3156 Mareschalcum
1654 3127 1870 3164 vocamus,
1904 3119 1983 3155 aut

1093 3178 1366 3221 Praefectum
1402 3181 1607 3221 militum.
1671 3179 1846 3230 Duplex
1884 3182 1982 3218 erat

1093 3244 1170 3285 illa
1209 3235 1395 3296 dignitas
1440 3243 1557 3296 apud
1605 3242 1839 3293 Romanos,
1897 3240 1980 3282 La-

1094 3307 1273 3348 ticlavia
1306 3310 1353 3347 et
1395 3303 1734 3358 Angusticlavia
1799 3302 1873 3345 llll
1921 3314 1981 3346 ex

1094 3369 1276 3421 Senatu,
1311 3369 1383 3410 isti
1417 3380 1471 3410 ex
1500 3368 1658 3421 Equite
1698 3365 1804 3408 nati.
1860 3367 1980 3421 Lege

1094 3430 1391 3473 Alexandrum
1413 3431 1469 3472 ab
1481 3430 1748 3484 Alexandro,
1764 3430 1979 3475 Budaeum

1095 3494 1150 3538 ad
1163 3495 1254 3548 jur.
1273 3494 1400 3549 Orig.
1418 3495 1627 3549 Lipsium.
1655 3494 1859 3538 Keucloen.

1151 3558 1250 3601 Inde
1268 3562 1313 3601 ut
1334 3558 1475 3612 rediit]
1517 3557 1645 3603 Auno
1676 3563 1897 3614 sequente,
1926 3559 1975 3600 C.
