2306 3900
271 222 390 276 xliv

322 360 487 424 guabat’
506 376 543 400 v.
571 361 665 403 ibid.
712 361 776 401 Sic
795 360 1027 419 aliquotiens
1053 361 1150 401 Cur-

321 420 399 460 tius
414 422 454 456 et
471 415 628 455 Tacitus
644 431 654 454 z
686 427 752 468 ap.
783 423 899 468 quem
919 420 931 438 ‘
946 413 1152 455 destinata'
1199 454 1203 458 .

322 467 399 508 hoc
413 482 526 508 sensu
543 467 648 520 legas
674 468 728 516 iv,
743 473 812 515 40,
830 472 871 509 9.
901 467 1067 509 Videtur
1083 482 1151 508 au·

322 528 401 566 tem
417 523 587 562 subaud.
602 528 613 546 ‘
627 521 670 563 'm
687 522 845 564 animo?
861 520 932 561 Est
947 537 986 561 v.
998 524 1151 575 proprie

320 576 480 619 verbum
498 576 793 629 sagittariorum.
849 589 884 616 v.
913 575 1002 616 Ind.
1020 576 1152 617 Frein-

321 629 479 679 shemii)

266 679 442 723 Destitui
465 681 515 723 ab
533 682 666 736 aliquo
714 684 765 723 de
789 682 944 735 rejectis
973 684 1152 736 precibus

320 743 542 792 negatoque
559 737 704 777 auxilio
753 737 821 784 vii,
839 743 861 778 5

265 787 436 833 Detecta
454 792 558 832 aedes
584 796 776 831 vetustate
805 792 932 844 (tecto
961 798 1152 832 vetustate

321 851 503 896 corrupto
519 843 799 899 prolapsoque)
818 859 907 892 xxV,
924 849 977 890 20
1006 844 1152 899 (Aliter

318 896 401 943 Ms.
421 898 584 941 schotti.
600 913 637 937 v.
653 906 737 939 not.
763 903 774 921 ⁴
790 898 936 938 Verum
956 899 1151 940 detectam

318 951 456 993 aedem'
475 953 594 992 etiam
619 949 752 993 Livius
783 952 895 999 dixit,
925 953 977 993 de
1005 953 1150 1000 ablato,

319 1005 388 1049 sed
406 1006 500 1046 data
515 1020 648 1059 opera,
667 1012 785 1052 tecto,
803 1006 870 1048 lib.
897 1004 978 1053 xlii,
999 1010 1024 1047 2
1052 1013 1094 1047 et
1111 1011 1150 1048 7.

318 1064 360 1099 et
384 1059 656 1113 Metaphorice
679 1061 784 1113 apud
810 1059 994 1100 Plautum
1025 1062 1149 1102 horni-

317 1126 407 1153 nem
427 1127 514 1153 cum
535 1114 699 1155 aedificio
715 1121 1018 1167 comparantem.
1036 1115 1149 1156 Mos-

320 1164 403 1209 tell.
432 1168 513 1215 i‚2‚
532 1171 600 1208 60.
627 1174 669 1208 et
686 1181 740 1207 sc.
760 1163 816 1215 iii,
831 1173 872 1213 6.
900 1166 1153 1210 Philolaches

317 1219 388 1267 ait,
406 1222 600 1279 ignaviam
618 1220 702 1268 esse
718 1221 962 1275 grandinem,
988 1223 1147 1264 imbrem

318 1280 361 1314 et
378 1281 648 1328 tempestatem
665 1273 784 1323 illam,
812 1289 900 1329 quae
920 1277 1149 1319 modestiam

316 1341 486 1377 omnem,
521 1330 795 1371 verecundiam
825 1337 866 1370 et
899 1331 1048 1375 virtutis
1067 1345 1149 1371 mo-

317 1379 427 1431 dum,
447 1397 526 1438 qua
540 1390 667 1424 tectus
685 1382 815 1430 fuerit,
835 1383 909 1423 sibi
936 1386 1148 1437 detexerit)

263 1434 460 1477 Deterreri
489 1451 512 1477 a
538 1443 682 1480 conatu
699 1437 904 1476 resistendi
932 1439 1005 1490 (de
1030 1439 1149 1490 perti·

318 1498 515 1530 mescente
546 1493 711 1537 hostem,
743 1491 859 1542 eique
887 1503 929 1530 se
955 1492 1148 1544 dedente)

318 1544 436 1592 ximat
465 1544 553 1585 Sic:
586 1558 666 1585 non
695 1545 878 1585 deterreri
891 1544 1080 1596 religione
1096 1548 1147 1587 ab

317 1597 478 1650 incepto
508 1599 618 1651 (quae
653 1599 744 1637 duae
786 1609 990 1650 postremae
1031 1613 1148 1640 voces

317 1651 476 1691 abfuere
508 1652 557 1690 ab
604 1657 687 1704 opt.
729 1650 856 1704 libris)
898 1666 937 1698 x,
981 1657 1005 1692 5
1071 1652 1149 1707 (At

315 1706 436 1761 paulo
463 1705 579 1744 latius
596 1703 787 1757 accipitur
805 1705 844 1745 in
861 1705 991 1759 seqq.)
1019 1707 1147 1748 deter-

314 1759 495 1801 rebantur
519 1773 542 1798 a
560 1757 762 1799 deditione
791 1758 1107 1812 (deducebantur
1123 1775 1148 1800 a

314 1813 478 1852 consilio
512 1812 683 1852 dedendi
730 1827 771 1853 se
816 1813 962 1852 fiducia
1000 1815 1146 1854 adven-

308 1867 432 1911 tantis
451 1867 582 1906 classis
600 1866 738 1919 regiae)
764 1865 794 1918 i,
811 1870 835 1907 ⁷
876 1868 1080 1911 deterritus
1097 1870 1148 1913 ab

315 1933 362 1960 ea
391 1920 591 1961 voluntate
621 1918 891 1974 (deponendae
928 1923 1146 1974 tyrannidis

315 1972 391 2026 sc.)
410 1974 573 2014 consilio
601 1989 640 2021 x,
660 1978 684 2015 3

260 2026 443 2077 Deterior
466 2029 642 2080 peditatu
672 2026 935 2082 (ἀδεέστεροε,
963 2028 1146 2080 inferior3

314 2080 520 2134 infirmior)
549 2080 655 2130 xviii,
672 2086 696 2124 3
727 2083 838 2135 (Sicz
875 2083 1008 2127 melior
1035 2085 1146 2137 pedi·

315 2141 413 2182 tatu,
428 2135 662 2183 instructior,
678 2136 863 2188 validior)

258 2188 472 2234 Detestans
489 2190 748 2241 compellabat
771 2189 934 2242 impium
954 2189 1001 2244 (i.
1016 2205 1054 2230 e.
1073 2192 1143 2231 de-

312 2241 526 2285 testabatur
543 2250 584 2283 et
600 2245 766 2284 vocabat
783 2243 897 2298 imp.)
925 2259 988 2290 xx,
1008 2249 1028 2286 1
1073 2247 1142 2285 de-

314 2296 502 2336 testabilis
521 2303 562 2336 et
589 2296 735 2337 invisus
753 2295 836 2350 (Ita
852 2298 1034 2338 Schottus
1057 2299 1141 2341 edi-

314 2348 410 2400 dit),
439 2350 501 2388 Fr.
522 2353 547 2395 2
584 2351 675 2402 (sed
694 2351 770 2403 leg.
789 2356 800 2373 ‘
814 2349 1033 2402 intestab.’)

259 2403 476 2447 Detrahere
511 2403 561 2442 de
592 2404 723 2456 aliquo
765 2403 838 2457 (de
868 2403 1062 2449 invidiosa
1102 2413 1143 2446 et

310 2457 585 2498 obtrectatorie
610 2456 880 2510 depressione)
918 2457 988 2504 xii,
1004 2461 1028 2502 3
1058 2458 1144 2511 (Ita

313 2510 399 2554 Cic.
428 2524 498 2563 pro.
513 2509 647 2552 Rabir.
674 2525 709 2550 c.
730 2515 754 2551 7
802 2517 813 2534 ‘
829 2524 908 2563 quo
927 2510 1080 2554 facilius
1091 2514 1142 2552 de

311 2565 388 2605 hoc
406 2571 543 2605 senatu
563 2566 763 2607 detrahere
783 2565 966 2616 possitis.’
1015 2565 1142 2607 Paulo

311 2626 404 2660 ante
422 2619 598 2658 dixerat:
641 2625 652 2642 ‘
672 2619 713 2658 in
744 2619 934 2661 invidiam
968 2619 1143 2661 vocatis.’

309 2672 364 2712 Et
382 2669 557 2724 Philipp.
597 2672 640 2720 ii,
661 2676 684 2712 l
728 2678 740 2696 ‘
757 2672 823 2712 An
847 2673 890 2712 in
912 2679 1050 2712 senatu
1083 2674 1140 2716 fa.-

310 2726 453 2769 cillime
483 2727 534 2767 de
554 2739 614 2764 me
632 2727 782 2766 detrahi
802 2739 915 2778 posse
934 2725 1138 2770 eredidit?

309 2779 389 2833 Ap.
410 2779 528 2819 eund.
557 2780 614 2827 Q.
651 2780 773 2822 Fratr.
813 2786 824 2804 ⁸
842 2781 910 2832 qui
928 2780 979 2820 de
998 2793 1040 2820 se
1066 2781 1137 2820 de·

308 2834 459 2874 trahere
508 2834 672 2874 volunt.’
715 2833 914 2877 Ammian.
958 2835 1138 2874 Marcell.

307 2900 400 2934 xxx,
418 2891 472 2928 29
501 2892 513 2910 ‘
527 2888 578 2927 de
597 2887 725 2930 fortib.
745 2887 987 2934 detrahebat,
1018 2895 1060 2928 ut
1075 2901 1136 2931 so-

308 2940 370 2983 lus
403 2939 597 2985 videretur
633 2941 743 2981 bonis
783 2942 892 2982 attib.
935 2942 1139 2995 eminere’)

307 2992 400 3035 Sic:
430 2994 631 3035 detrahere
649 2995 699 3034 de
715 2995 827 3034 rebus
842 2995 959 3046 gestis
971 2995 1137 3047 alicujus

306 3047 582 3140 Sobtrectando
621 3060 669 3087 ea
712 3047 959 3100 imminuere)
1014 3063 1079 3096 xx,
1110 3055 1135 3090 5

338 3102 511 3145 etrahere
542 3101 699 3154 pondus
727 3102 802 3154 (sc.
840 3101 1055 3149 loricarum,
1082 3103 1137 3142 le·

309 3153 435 3194 viores
481 3153 617 3196 loricas
662 3154 860 3207 invenire)
903 3156 943 3201 ii,
980 3160 1002 3196 l
1067 3157 1137 3196 de-

309 3208 457 3252 trahere
475 3209 629 3251 mulctae
648 3215 776 3261 partes
793 3221 933 3248 novem
945 3210 1138 3261 (minuere

310 3261 496 3310 mulctam
514 3263 706 3305 demendo
728 3270 855 3315 partes
873 3261 1032 3317 novem)
1052 3264 1134 3311 xiii,

306 3318 335 3356 4
362 3314 513 3365 signum
531 3318 605 3368 (sc.
627 3316 823 3369 epistolae)
851 3317 940 3364 iv,4
969 3317 1135 3358 detraxit

308 3365 550 3418 eimultum,
569 3370 675 3420 quod
703 3369 840 3411 alienae
858 3377 940 3411 erat
964 3371 1134 3413 civitatis

307 3419 537 3475 (decerpsit,
565 3422 735 3469 detrivit,
769 3425 853 3462 sub.
886 3425 935 3463 de
967 3425 1133 3466 auctori-

310 3482 391 3524 tate
413 3480 461 3521 et
482 3474 751 3517 Macedonum
785 3477 936 3531 favore)
979 3478 1085 3527 xviii,
1107 3482 1127 3520 l

1087 235 1293 279 INDEX

1268 358 1326 413 (v.
1347 358 1474 466 Ρεῗι
1502 360 1553 400 ad
1570 360 1717 401 Sanctii
1739 359 1814 401 ·Μ.
1842 360 1870 399 Ι.
1901 363 1943 401 4.
1989 369 2029 401 e.
2049 363 2100 410 Δ,

1269 417 1335 461 11,
1352 418 1407 456 49

1214 467 1502 508 Detrimentum
1529 466 1827 508 existimationis
1854 464 2007 507 nullum
2036 467 2096 508 tn-

1267 535 1354 561 cere
1382 524 1487 570 xxiv,
1505 526 1530 564 2
1570 522 1624 562 rei
1650 521 1827 560 familiari
1846 521 1961 561 affert
1988 535 2098 574 pere-

1268 576 1552 628 grinatioxxv,
1581 580 1607 617 2
1651 574 1734 614 sine
1766 575 2000 615 detrimento
2030 589 2098 616 ex·

1267 630 1409 671 ercitus
1441 644 1484 670 se
1501 629 1685 682 expedire
1704 627 1832 682 (salvo
1850 635 1971 682 atque
1995 629 2099 669 inte·

1267 697 1335 735 gro
1353 684 1548 734 exercitu)
1573 683 1679 730 xxiii,
1692 688 1716 722 5

1213 735 1435 778 Detrudere
1454 738 1623 790 aliquem
1650 738 1702 776 ad
1719 736 1914 776 fortunam
1939 735 2098 776 humili-

1266 804 1371 830 orem
1392 806 1439 831 ex
1471 804 1591 843 regno
1609 790 1866 844 (significanti
1882 796 1924 830 et
1941 790 2097 830 ordina-

1266 845 1322 883 ria
1340 845 1580 896 metaphora,
1595 857 1673 894 qua
1685 843 1898 895 fastigium,
1909 844 2100 892 ascensio,

1265 897 1452 950 dejectio,
1471 900 1522 939 de
1554 904 1776 949 magnatum
1806 897 1964 937 fortuna
1989 911 2099 946 umr-

1266 951 1429 1005 pantur)
1455 966 1520 999 xx,
1539 956 1564 993 2
1607 951 1764 1006 (Boecl.
1782 950 1876 991 Vet.
1903 950 2098 992 Scholias-

1266 1012 1325 1045 tes
1353 1005 1531 1046 Horatii:
1579 1010 1591 1028 ¹
1611 1006 1663 1045 de
1698 1004 1776 1044 ima
1807 1005 2014 1046 detrusus-³
2056 1019 2096 1047 v.

1263 1058 1454 1101 Pricaeum
1474 1060 1525 1098 ad
1545 1059 1677 1098 Miles.
1696 1058 1857 1111 Apulei.
1888 1072 1977 1112 pag.
1995 1059 2098 1113 393)

1210 1111 1363 1153 Devehi
1382 1127 1482 1153 nave
1500 1113 1731 1154 Corinthum
1758 1126 1796 1160 x,
1814 1118 1842 1155 4

1211 1166 1408 1208 Devenire
1428 1169 1586 1207 domum
1606 1165 1774 1219 alicujus
1792 1167 1870 1222 (sic
1887 1166 1983 1208 libb-
1999 1167 2098 1220 vet.)

1265 1222 1342 1268 xvi,
1359 1226 1384 1262 2
1411 1221 1453 1260 in
1473 1223 1606 1260 urbem
1634 1221 1714 1268 xvi,
1732 1224 1756 1260 3

1209 1273 1422 1316 Devertere
1439 1275 1610 1316 Thasum
1621 1276 1694 1328 (sc.
1712 1289 1760 1315 ex
1776 1275 1920 1316 itinere
1930 1272 1973 1314 iu
1990 1273 2100 1328 urb.)

1263 1329 1316 1377 vi,
1335 1334 1361 1371 2
1389 1330 1475 1383 (Sic
1493 1329 1597 1370 enim
1617 1329 1694 1382 leg.
1708 1342 1756 1368 eo
1775 1329 1879 1376 loco,
1905 1341 1988 1369 non
2006 1334 2017 1352 ‘
2033 1329 2096 1372 di·

1267 1383 1471 1424 vertisset!
1517 1383 1582 1422 Ita
1610 1396 1778 1435 namque
1812 1383 1965 1424 locutos
1983 1387 2094 1423 vete-

1263 1451 1338 1484 res,
1354 1439 1472 1477 docet
1489 1436 1717 1489 Dausquius
1734 1437 1775 1475 in
1791 1433 2093 1490 Orthographia.

1263 1492 1462 1543 quomodo
1475 1496 1517 1535 et
1536 1491 1623 1532 Cic.
1643 1490 1693 1529 ad
1706 1490 1835 1531 Attic.
1852 1489 1909 1540 iii,
1927 1494 1967 1531 7.
1994 1491 2096 1530 dixit

1263 1545 1436 1584 ‘itineris
1468 1557 1586 1585 causa
1603 1546 1802 1584 devertere
1818 1544 1844 1594 ;’
1869 1551 1914 1584 et
1936 1544 1977 1585 in
1996 1545 2093 1585 Phi-

1263 1597 1361 1650 lipp.
1390 1604 1402 1622 ‘
1417 1601 1617 1638 devertere
1635 1597 1880 1640 Massiliam.’
1915 1597 2096 1651 Reponit

1263 1652 1364 1692 hanc
1395 1665 1531 1692 vocem
1560 1650 1773 1693 Lambinus
1803 1651 1921 1695 etiam
1946 1652 2026 1700 xvi,
2051 1657 2094 1701 2,

1264 1711 1303 1746 5.
1329 1707 1398 1746 sed
1417 1705 1501 1746 sine
1519 1704 1658 1756 causa)

1209 1758 1337 1799 Devia
1357 1760 1494 1800 itinera
1510 1758 1687 1812 (occulta
1705 1765 1745 1798 et
1761 1757 2055 1812 insueta).xviii.
2068 1763 2095 1803 3
2112 1783 2117 1806 ι,

1209 1813 1435 1854 Deviucere
1469 1813 1574 1854 bello
1609 1818 1732 1852 totam
1768 1813 1935 1852 insulam
1976 1814 2047 1862 xii,
2065 1818 2094 1856 2

1262 1868 1352 1907 dev.
1377 1868 1587 1909 exercitum
1612 1867 1783 1908 hostium
1813 1864 1991 1919 (penitus
2007 1867 2094 1910 vin·

1261 1935 1364 1969 cere,
1380 1923 1433 1961 ad
1451 1921 1756 1962 internecionem
1780 1921 1951 1968 eredere,
1975 1927 2018 1961 ut
2042 1923 2094 1961 ad

1262 1977 1540 2028 resurgendum
1570 1975 1688 2015 nullae
1714 1975 1811 2014 vires
1829 1975 1995 2028 restent)
2023 1976 2095 2022 i.s

1260 2030 1346 2070 Sicz
1375 2031 1541 2069 devictae
1562 2029 1708 2068 Athen.
1723 2029 1850 2080 copiae
1878 2030 1932 2076 ix,
1954 2034 1975 2072 1
2023 2031 2094 2072 de·

1259 2084 1353 2124 victi
1373 2084 1602 2123 Atheniens.
1631 2082 1686 2129 ix,
1705 2087 1730 2124 2
1773 2083 1839 2136 (ut
1854 2084 1962 2134 apud
1981 2082 2092 2125 Curt.

1260 2137 1314 2185 ix,
1335 2143 1376 2184 2,
1396 2142 1463 2179 23.
1492 2135 1658 2189 Persae.)
1687 2137 1893 2177 devincere
1913 2138 2094 2179 virtutem

1259 2192 1425 2245 alicujus
1441 2191 1742 2245 (significanter,
1756 2189 1987 2243 deprimere,
2001 2191 2092 2232 inu-

1257 2246 1364 2285 tilem
1383 2247 1557 2287 reddere.
1575 2246 1625 2284 de
1639 2244 1966 2299 obtrectantibus)
1984 2245 2090 2294 xxiii,

1259 2302 1277 2337 1
1926 2325 1931 2329 .

1203 2350 1414 2391 Devincire
1433 2351 1505 2390 sibi
1524 2351 1694 2403 aliquem
1718 2353 2002 2392 consuetudine
2019 2366 2090 2392 sua

1256 2405 1509 2459 (benevolum
1537 2402 1718 2456 reddere)
1745 2419 1834 2452 xxv,
1856 2410 1880 2447 l
1934 2406 2090 2447 devinc.

1258 2458 1376 2510 aliqu.
1414 2456 1644 2499 liberalitate
1683 2459 1794 2510 (mox
1811 2473 1821 2497 ε
1861 2472 1972 2501 suum
2001 2461 2089 2502 red-

1258 2513 1364 2558 dere,
1385 2511 1596 2550 valentiore
1614 2511 1856 2563 significatu)
1882 2513 1949 2559 vii,
1968 2517 1993 2554 8

1203 2566 1408 2606 Devocare
1424 2565 1505 2619 (est
1523 2577 1660 2605 vocare
1678 2565 1728 2603 de
1747 2565 1832 2606 soro
1849 2567 1901 2605 ad
1916 2567 2090 2621 emnam)
2118 2598 2121 2600 -

1255 2623 1336 2667 ν,4
1375 2619 1500 2674 (Usus
1533 2632 1581 2657 eo
1613 2619 1743 2666 verbo,
1777 2627 1916 2671 praeter
1945 2621 2031 2664 Cic.
2050 2630 2092 2664 ot

1253 2674 1393 2714 Horat.
1411 2686 1434 2711 a
1452 2672 1590 2712 Lamb.
1617 2673 1811 2719 laudatos,
1837 2673 1956 2717 etiam
1983 2677 2088 2718 Ptin.
2127 2688 2129 2690 “

1254 2727 1382 2773 xxxiv,
1399 2730 1437 2766 8.
1479 2732 1520 2765 et
1538 2739 1585 2765 ex
1604 2727 1760 2766 emend.
1787 2726 1992 2777 Gronovii,
2017 2733 2086 2771 sed

1253 2781 1331 2823 alio
1357 2793 1470 2821 sensu
1499 2794 1613 2827 xxxv,
1633 2784 1672 2821 7.
1699 2779 1812 2821 Male
1838 2795 1876 2820 a.
1904 2790 2029 2824 mutat
2045 2786 2089 2828 h.

1251 2835 1276 2875 1.
1297 2835 1434 2876 lamb.
1479 2833 1534 2873 Et
1558 2832 1673 2886 pejus
1689 2834 1809 2875 etiam
1826 2835 1919 2877 aliia
1961 2839 2086 2879 deno-

1251 2895 1350 2930 taret

1198 2887 1405 2985 Devovgre,
1421 2940 1589 2993 aliquem
1602 2941 1673 2994 (de
1689 2941 1850 2993 publico
1865 2943 2084 2989 devotionis

1252 2995 1350 3047 ritu)
1397 2995 1463 3042 vii,
1481 2999 1522 3037 4·
1549 2999 1576 3037 6
1640 2995 1729 3048 (De
1759 2997 1878 3036 verbo
1907 3004 1950 3039 et
1978 3012 2085 3041 mono

1253 3064 1290 3088 v.
1310 3048 1482 3088 Brisson.
1518 3048 1645 3087 Form.
1667 3052 1704 3088 1.
1746 3055 1788 3088 et
1805 3050 2007 3095 Plutarch.
2041 3054 2082 3094 in

1252 3102 1383 3143 Alcib.
1411 3102 1462 3141 It.
1476 3102 1612 3141 Lamb.
1630 3101 1701 3154 qui
1718 3104 1880 3154 exponit
1896 3105 2084 3160 danique,

1252 3170 1336 3209 pro,
1356 3168 1458 3208 aqua
1488 3161 1530 3196 et
1560 3154 1643 3208 igni
1670 3155 1927 3198 interdicere:
1956 3159 2083 3202 fimat

1251 3211 1398 3250 mentio
1429 3209 1607 3262 pilarum,
1644 3222 1731 3261 quae
1764 3211 1949 3252 adhibitas
1983 3213 2085 3255 inter

1251 3263 1419 3303 infamiae
1450 3273 1562 3302 notas
1584 3269 1625 3302 et
1651 3264 1952 3316 proscriptionis.
1992 3265 2082 3307 Nee

1249 3317 1433 3370 displicet
1458 3316 1748 3369 interpretatio:
1789 3318 1846 3357 ita
1874 3323 2003 3359 tamen
2034 3326 2080 3359 ut

1249 3370 1408 3411 omnino
1434 3371 1687 3411 execrationis
1706 3369 1893 3422 quiddam
1910 3383 1957 3412 ac
1974 3373 2079 3413 dim-
2103 3411 2107 3416 .

1247 3438 1330 3465 rum
1342 3425 1524 3464 habuisse
1540 3422 1615 3465 ista
1625 3423 1796 3466 exclusio
1813 3423 2077 3481 relegatioque

1246 3476 1433 3523 videatur.
1462 3476 1620 3530 Boecl.)
