2306 3900
288 222 398 277 562

291 361 376 397 tur.
430 356 611 397 Plautus
631 367 716 396 non
743 355 905 396 semel:
937 354 950 378 ⁴
966 355 1078 396 Nam
1100 367 1175 407 pa-

289 419 445 460 rasitus
471 423 570 459 octo
605 418 824 459 hominum
857 418 1000 459 munia
1043 417 1174 460 facile

288 481 512 535 fungitur!
568 482 706 524 Lucil.
734 483 747 505 ‘
765 481 1174 535 Loeliu'¹pauperum

290 546 352 586 ait
372 557 418 586 se
447 546 640 598 ingentia
667 545 810 586 munia
836 545 985 598 fungi?
1042 546 1176 588 Plura

289 623 346 651 ex
365 610 510 651 Nonio
528 611 748 663 congessit
774 610 1001 652 Lambinus.

344 672 536 726 Aperuit]
580 674 654 716 Sic
685 674 864 715 Schedae
893 678 1052 715 nostrae
1086 684 1177 714 rec·

290 737 374 777 tius
391 751 405 788 3
429 737 575 791 itaque
589 738 822 791 Ultraject.
836 737 1015 778 editum.
1035 737 1178 789 Vulgo

289 799 489 854 apparuit.
519 801 684 842 Schott.

345 864 544 906 Adversus
564 864 773 916 Cadusios]
801 864 1016 915 Corrupte
1041 863 1180 903 Gada-

290 930 384 980 sios,
426 929 578 970 Codex
622 928 824 980 antiquus
874 927 929 967 P.
965 926 1178 966 Danielis.

293 991 486 1043 Cadusii,
517 989 622 1031 ἔθνος
649 988 792 1040 μεταξὺ
818 990 890 1037 τῆς
907 988 1089 1030 ’Κασπίας
1117 990 1180 1030 θα-

291 1053 445 1103 λάσσης
469 1053 619 1094 καὶτοῦ
645 1052 810 1094 Πόντου.
867 1053 981 1094 Vide
1001 1053 1180 1106 Stepha-

293 1130 393 1157 num
415 1118 469 1157 de
490 1117 696 1157 Urbibus.
751 1116 804 1157 In
824 1116 1067 1158 Ptolemaeo
1082 1118 1181 1158 sunt

292 1181 452 1220 Mediae
474 1180 619 1232 populi
639 1180 693 1220 ad
723 1180 928 1234 Caspium
954 1193 1090 1231 mare,
1108 1179 1181 1222 ubi

293 1252 338 1284 et
356 1244 636 1301 Cadusiorum
656 1244 829 1284 vallum.
886 1244 982 1285 Nec
994 1243 1182 1296 ambigo,

293 1307 397 1361 quin
412 1307 457 1347 hi
475 1306 639 1347 fuerint
665 1306 796 1347 iidem
815 1319 911 1348 cum
930 1307 1183 1358 Cadusenis,

293 1372 408 1424 apud
424 1371 685 1424 Procopium
705 1371 779 1411 lib.
793 1384 823 1412 1.
837 1371 960 1412 Pers.
985 1371 1183 1424 Sigonius

297 1435 538 1476 Caddusios
574 1434 849 1475 scribendum
890 1435 1041 1485 voluit,
1075 1446 1181 1488 quos

297 1499 446 1539 Graeci
461 1498 677 1539 Caduzios
698 1503 872 1550 vocant,
892 1498 967 1539 alii
985 1498 1136 1540 Gelas.

351 1563 396 1602 N
397 1556 534 1615 amque
551 1562 616 1603 hic
628 1562 764 1603 maltis
774 1562 944 1603 millibus
962 1561 1180 1615 hominum]

294 1625 458 1665 Nescio
486 1624 601 1665 unde
630 1621 899 1678 prorepserit
915 1624 1010 1671 haec
1037 1624 1182 1666 lectio.

296 1686 574 1739 Longolianae
604 1694 791 1729 monetae
822 1688 895 1728 illa
918 1693 1012 1730 est:
1058 1689 1183 1729 Nam-

294 1762 368 1803 que
377 1751 440 1791 hic
459 1751 594 1791 multis
607 1751 777 1792 millibus
790 1751 973 1804 hostium,
985 1751 1185 1802 regiorum

295 1827 444 1868 quoque
478 1828 553 1855 non
592 1815 730 1868 paucis
765 1815 1009 1866 interfectis.-
1054 1828 1184 1869 quam

297 1879 432 1919 ferme
451 1881 647 1931 sequitur
668 1879 920 1921 Lambinus.
967 1879 1029 1922 At
1049 1879 1183 1920 sinon

297 1941 427 1994 pauci
461 1942 674 1993 regiorum
707 1942 891 1983 militum
927 1943 1027 1983 caesi
1059 1947 1185 1991 sunt3

298 2004 499 2046 Cadmaea
529 2005 655 2046 stetit
683 2005 863 2047 victoria
889 2011 936 2046 et
962 2017 1072 2046 vane
1099 2005 1186 2046 Da-

298 2069 425 2109 tamis
452 2080 585 2121 opera
612 2068 825 2121 jactatur.
883 2068 1098 2111 Quocirca
1125 2068 1186 2107 in-

298 2131 496 2173 vehenda
523 2133 656 2173 lectio
687 2144 730 2174 V.
751 2132 859 2173 Cod.
894 2131 1040 2172 Multis
1068 2131 1186 2172 milli-

298 2195 368 2235 bus
402 2194 622 2244 intersectis
649 2196 787 2246 magni
808 2195 898 2244 fuit
933 2195 1017 2244 qius
1056 2206 1186 2246 opera.

300 2258 508 2310 Magnam
547 2258 722 2299 Cadusii
761 2263 950 2308 stragem
987 2256 1187 2298 Datamis

298 2334 434 2374 opera
462 2327 761 2374 exceperunt3
800 2321 958 2361 exinde
988 2332 1188 2372 magnam

301 2385 483 2438 gratiam
504 2391 633 2439 atque
653 2385 955 2426 auctoritatem
977 2383 1056 2424 sibi
1075 2395 1187 2424 com-

301 2448 488 2501 paravit.
520 2449 720 2490 Gebhard.

354 2512 534 2553 Paterna
545 2512 581 2552 ei
592 2511 818 2553 traderetur
826 2509 1049 2564 provincia]
1076 2509 1138 2551 Ca
1142 2523 1187 2563 p-

299 2575 498 2629 padocia.
556 2575 670 2616 Nam
713 2574 929 2616 Diodorus
967 2574 1078 2614 libro
1112 2584 1187 2613 xv.

300 2639 470 2691 scribit,
496 2639 710 2681 Datamen
729 2638 1023 2692 Cappadociae
1043 2638 1188 2678 Satra-

300 2715 398 2757 pem
419 2703 564 2744 fuisse.
621 2703 694 2744 Sic
725 2703 823 2743 ille:
851 2700 1098 2755 Ἀρταβάζου
1113 2701 1190 2754 γὰρ

298 2769 373 2808 τοῦ
406 2765 601 2813 βασιλέως
633 2767 861 2820 στρατηγοῦ
902 2765 1004 2817 μετὰ
1037 2766 1189 2813 πολλῆς

300 2829 492 2881 δυνάμεως
523 2829 762 2882 ἐμβαλόντος
793 2829 846 2871 εἷς
883 2829 955 2878 τὴν
986 2831 1191 2870 Καππαδο-

302 2896 402 2947 κίαν,
436 2896 458 2934 ὀ
485 2894 558 2945 μὲν
583 2895 725 2943 ταύτης
750 2896 821 2942 τῆς
838 2892 967 2946 χώρας
991 2891 1190 2945 σατράπης

302 2958 486 3011 Δατάμης
501 2958 825 3012 ἆντεστράτευσεν
843 2958 955 3009 αὐτῷ.
983 2957 1069 2998 Sed
1085 2958 1190 2997 Pro-

300 3027 379 3067 bus
398 3037 529 3079 supra
549 3025 832 3066 Camissarem
858 3029 1026 3075 patrem
1057 3022 1189 3061 Data-

300 3092 382 3132 mis
415 3089 651 3144 provinciae
681 3088 848 3130 Ciliciae
876 3085 1099 3139 praefuisse
1128 3086 1189 3126 di·

303 3155 377 3195 cit.
406 3154 543 3196 Lamb.
600 3153 779 3194 Paterna
795 3152 832 3192 ei
848 3152 1069 3191 traderetur
1097 3159 1188 3201 pro·

302 3217 456 3270 vincia]
495 3218 713 3270 MaJorum
753 3227 804 3256 ac
844 3219 1068 3268 pareutum
1104 3224 1189 3253 me-

303 3282 437 3322 moria
457 3282 684 3335 gratiaque
703 3279 830 3321 multi
847 3291 900 3319 ea
925 3288 1189 3330 consequun-

305 3347 391 3392 tur,
421 3343 474 3382 ad
494 3357 590 3396 quae
608 3343 845 3397 caeteroqui
866 3355 943 3395 per
961 3341 1186 3393 indignita-

305 3411 394 3448 tem
434 3418 550 3447 suam
590 3407 809 3460 adspirare
845 3420 930 3447 non
962 3406 1186 3447 auderent.

675 235 854 275 NOTAE
892 233 1227 276 VARIORUM
1271 236 1334 276 IN
1379 237 1433 276 C.
1471 235 1735 277 NEPOTlS

1237 355 1376 396 Tacit.
1421 354 1539 396 Hist.
1575 364 1647 395 ιιι.
1695 356 1763 394 86.
1809 352 1867 394 de
1910 352 2120 396 Vitellio:

1239 418 1252 439 ‘
1277 418 1570 468 Consulatum,
1595 415 1857 466 sacerdotia,
1886 427 2042 457 nomen
2060 417 2122 459 lo-

1240 494 1422 536 cumque
1446 482 1560 523 inter
1580 481 1805 534 primores,
1831 481 1950 522 nulla
1966 482 2033 523 sui
2060 482 2124 523 in·

1241 545 1420 597 dustria,
1438 544 1517 586 sed
1530 549 1690 586 cuncta
1704 544 1850 586 Patris
1868 543 2123 595 claritudine

1196 636 1199 639 -
1240 607 1454 661 adeptus!
1509 608 1688 650 Factum
1721 608 1804 649 hoc
1831 607 1947 648 omni
1966 619 2059 649 aevo
2077 612 2126 650 et

1241 672 1283 712 in
1300 671 1415 713 omni
1435 678 1578 725 gente.
1633 672 1700 712 De
1731 671 1962 714 Germanis
1981 671 2125 714 Tacit.

1242 746 1338 786 cap.
1350 738 1417 775 13.
1445 736 1458 758 ⁸
1475 735 1661 788 Insignis
1675 735 1908 787 Nobilitas,
1921 740 1996 777 aut
2009 748 2127 789 mag-

1241 810 1298 838 na
1322 798 1498 839 Patrum
1529 799 1701 851 merita,
1731 799 1948 852 Principis
1979 800 2128 853 digna-

1242 861 1403 902 tionem
1449 862 1580 902 etiam
1626 861 1958 904 adolescentulis
1994 865 2127 917 assig-

1242 925 1389 966 nant:’
1436 924 1648 966 Datames
1682 931 1826 966 autem
1866 937 1952 966 nou
1988 927 2125 968 solum

1243 989 1434 1042 paternis
1464 988 1660 1029 incubuit
1687 989 1882 1040 meritis3
1909 989 1987 1030 sed
2004 1003 2126 1033 suam

1243 1052 1495 1094 industriam
1524 1057 1655 1106 atque
1687 1052 1890 1094 virtutem
1918 1053 2128 1107 adjunxe-

1243 1123 1324 1161 rat.

1298 1182 1411 1224 CAP.
1448 1185 1489 1222 2.
1532 1179 1873 1233 Autophrodates]
1928 1180 2036 1223 Cod.
2073 1182 2128 1223 P.

1243 1245 1442 1286 Danielis
1462 1245 1790 1297 Autophrodates.
1819 1244 2001 1296 Longol.
2041 1246 2128 1286 Aa·

1242 1310 1537 1361 drophrodates.
1590 1307 1677 1349 Sed
1706 1307 2019 1348 emendandum
2046 1307 2131 1349 Aa·

1244 1372 1495 1425 taphrodates
1509 1386 1522 1412 .-
1563 1370 1775 1426 quomodo
1795 1369 1910 1423 apud
1929 1370 2129 1411 Frontin.

1244 1437 1403 1488 legitur
1432 1435 1505 1476 lib.
1534 1447 1565 1476 1.
1598 1435 1788 1486 Strateg.
1816 1436 1859 1474 4.
1927 1432 2030 1474 Fuit
2059 1433 2129 1475 bic

1243 1500 1391 1552 Lydiae
1411 1505 1621 1552 satrapes,
1635 1498 1691 1538 de
1706 1510 1789 1551 quo
1811 1497 2027 1539 Diodorus
2046 1508 2128 1540 xv.

1243 1563 1354 1609 hanc
1376 1563 1514 1616 ipsam
1541 1562 1762 1603 historiam
1792 1574 1970 1603 narrans
1989 1561 2130 1604 diver·

1244 1627 1300 1668 sis
1317 1627 1664 1669 circumstantiis.

1301 1692 1397 1741 Eos,
1412 1692 1480 1743 qai
1490 1690 1731 1743 defecerunt]
1760 1690 1929 1743 Lycios,
1945 1690 2132 1743 Pisidas,

1245 1754 1525 1807 Pamphilios,
1536 1754 1711 1802 Cilices,
1726 1754 1871 1807 Syros,
1886 1753 2130 1804 Phoenices‚

1246 1823 1293 1858 et
1328 1817 1639 1870 propemodum
1685 1817 1850 1859 omneis
1891 1817 2134 1860 maritimos

1247 1882 1444 1933 populos,
1463 1886 1513 1922 ut
1530 1881 1668 1935 inquit
1683 1881 1900 1922 Diodorus
1917 1892 1994 1923 xv.
2028 1882 2132 1934 Sed,

1247 1945 1362 1998 quod
1395 1944 1503 1986 dicit
1538 1945 1724 1997 Probus,
1759 1943 2133 1998 Autophrodatem

1238 2007 1402 2060 jussum
1424 2021 1515 2050 esse
1536 2022 1562 2050 a
1592 2010 1728 2061 Rege,
1755 2020 1830 2049 eos
1858 2008 1972 2049 bello
1992 2020 2136 2061 perse·

1248 2071 1337 2124 qui,
1355 2071 1427 2125 qui
1446 2071 1500 2112 ab
1519 2071 1613 2124 ipso
1632 2069 1898 2119 defecerant,
1914 2066 2134 2112 Diodorus

1248 2145 1315 2184 eo,
1332 2145 1457 2187 quem
1477 2134 1680 2186 iudicavi,
1698 2134 1809 2175 libro
1830 2133 1978 2187 tradit,
1998 2133 2134 2175 Auto-

1248 2198 1502 2249 phradatem
1523 2210 1652 2240 unum
1670 2197 1801 2239 fuisse
1830 2209 1885 2238 ex
1913 2198 1984 2251 iis,
2012 2199 2087 2253 qui
2107 2211 2134 2240 a

1250 2260 1369 2313 Rege
1414 2261 1644 2302 Persarum
1689 2260 1957 2304 defecerant.
1989 2293 1995 2297 .
2039 2263 2134 2304 Hos

1248 2324 1362 2364 enim
1383 2331 1623 2377 enumerat,
1642 2325 1974 2367 Ariobarmiem
1994 2326 2134 2380 Phry-

1247 2387 1327 2438 giae
1343 2393 1576 2441 satrapem,
1591 2388 1665 2442 qui
1684 2394 1730 2429 et
1746 2389 2003 2431 Mithridate
2023 2402 2135 2432 mor·

1249 2456 1339 2503 tuo,
1370 2452 1463 2505 ejus
1493 2452 1614 2505 regni
1647 2465 1826 2505 compos
1858 2459 1906 2494 et
1936 2454 2132 2496 dominus

1249 2513 1392 2556 factus
1407 2521 1531 2566 erat3
1562 2516 1805 2557 Mausolum
1818 2516 1959 2558 Cariae
1978 2517 2135 2571 dynas-

1251 2585 1340 2630 ten‚
1372 2580 1688 2632 multorumque
1724 2580 1916 2622 locorum
1949 2581 2134 2623 munito-

1251 2653 1343 2682 rum
1373 2647 1503 2696 atque
1534 2642 1704 2684 urbium
1732 2643 1998 2685 dominatum
2026 2644 2136 2686 obti-

1251 2710 1445 2757 nentem,
1476 2718 1655 2760 quorum
1691 2707 1896 2759 princeps
1931 2711 1979 2748 et
2016 2708 2136 2760 regia

1251 2774 1347 2809 erat
1366 2769 1718 2811 Halicarnassus:
1748 2769 1960 2811 Orontem
1978 2769 2135 2824 Mysiae

1251 2834 1478 2886 Satrapen,
1489 2831 1862 2885 Autophrodatem
1875 2833 2026 2886 Lydia
2039 2847 2051 2875 ε
2077 2846 2136 2876 ex

1253 2897 1429 2938 Ionibus
1448 2903 1593 2938 autem
1611 2897 1785 2950 Lycios,
1802 2897 1989 2950 Pisidas,
2006 2897 2134 2939 Pam-

1252 2960 1420 3012 philios,
1443 2963 1524 3001 διο.
1555 2973 1685 3013 supra
1713 2967 2001 3002 enumeratos.
2058 2960 2136 3003 At-

1253 3025 1325 3076 qui
1347 3024 1404 3072 hi,
1433 3023 1506 3077 qui
1525 3035 1550 3064 a
1570 3023 1695 3076 Rege
1714 3024 1946 3065 Persarum
1964 3023 2136 3068 defece-

1251 3093 1367 3136 rant,
1386 3087 1599 3128 Orontcm
1629 3100 1804 3128 summm
1831 3080 2135 3142 imperii'prae·

1249 3149 1458 3202 fecerunt,
1470 3163 1652 3203 eumque
1669 3151 1974 3203 imperatorem
1992 3162 2043 3192 ac
2057 3150 2135 3191 du-

1250 3226 1343 3255 cem
1362 3215 1494 3255 totius
1508 3215 1726 3256 exercitus
1741 3214 2013 3267 delegarunt.
2048 3213 2135 3254 Hic

1251 3284 1394 3319 autem
1414 3279 1638 3331 imperium
1672 3277 1871 3329 adeptus,
1899 3276 2133 3330 stipendio-

1251 3355 1333 3396 que
1367 3342 1500 3383 vicies
1532 3342 1649 3383 mille
1681 3342 1861 3382 militum
1891 3352 2032 3381 annuo
2063 3351 2135 3381 ac-

1252 3411 1398 3460 cepto,
1418 3418 1488 3447 eos
1510 3406 1643 3460 quise
1663 3405 1704 3446 ei
1731 3403 2020 3463 crediderant,
2037 3414 2133 3457 pro·
