2306 3900
305 253 412 307 588

307 386 444 439 probe
473 384 677 426 intuearis
711 385 896 438 Ducem,
927 385 1020 438 ejus
1051 386 1191 426 salute

307 450 521 490 exercitus
556 449 825 490 incolumitas
858 450 1123 501 continetur,
1146 454 1192 490 et

307 512 452 563 capite
473 512 616 552 ablato
637 511 826 566 reliquus
847 518 1023 553 truncus
1042 524 1088 552 se
1108 525 1192 553 non

308 586 480 615 movere
511 575 669 615 nedum
689 575 850 626 spirare
870 576 1046 629 poterit.
1100 576 1194 627 Ἰφι·

307 637 449 690 κράτης
457 604 524 679 τέν
536 638 756 691 στρατηγὸν
765 638 897 690 εἴκαζε
909 640 1067 693 κεφαλῇ
1069 669 1078 680 .
1096 638 1193 679 ὅταν

308 702 342 743 δ’
361 703 382 741 ὁ
409 702 629 755 στρατηγὸς
657 703 865 753 ἀπόληται,
887 702 934 743 τὸ
961 705 1039 744 πᾶν
1069 702 1194 756 ἄχρη-

307 779 403 806 στον
415 766 581 818 οἴχεται.
610 767 766 821 Itaque
780 773 986 821 quantum
1008 767 1194 808 audacia

309 830 449 871 Ducis
477 835 639 871 temere
665 843 711 871 se
738 830 942 883 periculis
973 829 1194 872 offerentis

309 893 452 934 damni
485 894 692 944 concitet,
735 892 958 933 manifeste
993 898 1192 945 apparet.

308 957 434 998 Vidit
477 957 519 997 id
562 955 759 1010 profecto
805 956 1044 997 Perdiccas
1079 955 1194 1008 apud

229 1053 241 1060 .
311 1021 435 1061 Curt.
456 1022 531 1062 lib.
552 1033 595 1061 x.
611 1025 684 1063 24.
711 1022 724 1044 ‘
739 1021 857 1061 Illud
884 1021 996 1061 scire
1026 1019 1196 1060 debetis

310 1083 542 1124 militarem
575 1084 666 1124 sine
697 1084 808 1125 duce
837 1084 1008 1126 turbam
1040 1096 1195 1136 corpus

311 1157 403 1187 esse
422 1146 515 1186 sine
538 1146 722 1198 spiritu!
780 1145 966 1187 Avidum
1001 1145 1198 1198 praecipi-

311 1210 419 1250 tium
452 1210 613 1262 Cyrum
641 1209 867 1251 Juniorem
899 1221 1074 1250 monere
1112 1221 1198 1250 non

312 1273 483 1314 destitit
520 1275 768 1326 Clearchus,
810 1286 864 1315 ne
901 1286 1083 1327 corpore
1120 1286 1197 1314 suo

312 1337 448 1377 vellet
465 1336 715 1389 periclitari,
728 1351 824 1378 cum
840 1338 943 1379 nihil
956 1342 1030 1379 aut
1045 1350 1198 1390 parum

313 1402 590 1442 emolumenti
609 1413 661 1442 eo
677 1399 823 1453 posset
841 1401 1055 1442 exercitui
1069 1401 1198 1441 adde·

313 1476 383 1505 re:
413 1464 546 1504 exitio
578 1476 681 1504 vero
712 1464 934 1505 universos
966 1465 1105 1517 ipsum
1134 1477 1198 1505 se-

315 1532 496 1578 quentes
519 1527 710 1568 traheret
736 1528 779 1567 in
809 1527 1063 1580 perniciem.
1120 1529 1200 1569 Lu-

312 1590 389 1630 bet
404 1589 531 1630 verba
544 1590 739 1642 Polyaeni
754 1590 962 1631 advocare
977 1602 1000 1631 e
1015 1590 1126 1630 libro
1144 1602 1196 1631 n.

314 1652 535 1706 Κλέαρχος,
552 1653 707 1707 inquit,
726 1651 837 1705 Κύρῳ
854 1651 927 1703 μὲν
939 1653 1199 1699 συνεβούλευ-

314 1733 358 1758 εν
374 1717 493 1758 αὑτὸν
509 1717 563 1769 μὴ
586 1715 825 1768 κινδυνεύειν,
850 1716 942 1757 ἀλλ’
969 1716 1110 1770 ἑφορᾷν
1126 1715 1201 1765 τὴν

312 1781 461 1833 μάχην·
491 1780 712 1833 μαχόμενον
741 1780 818 1834 ’γὰρ
834 1779 954 1832 μηδὲν
969 1778 1076 1832 μέγα
1097 1795 1196 1830 συμ-

311 1844 462 1897 πράξαι·
517 1843 691 1885 παθόντα
730 1842 772 1884 δὲ
824 1842 974 1884 πάντας
1008 1841 1202 1885 ἀπολέσαι

315 1907 406 1950 τοὺς
423 1909 510 1959 μετ’
527 1909 661 1949 αὐτοῦ.
703 1909 731 1951 J
737 1909 793 1948 ul.
807 1908 994 1960 Capitol.
1008 1907 1050 1948 in
1066 1908 1205 1948 Maxi-

316 1973 442 2014 minis
455 1973 644 2025 judicat,
664 1973 976 2024 Imperatorem
997 1972 1058 2013 uti
1077 1984 1204 2013 manu

318 2043 364 2080 et
376 2036 506 2089 ferro,
516 2049 611 2077 esse
628 2036 895 2076 barbaricam
910 2035 1205 2076 temeritatem

318 2114 415 2154 cap.
433 2105 498 2141 12.
526 2100 539 2123 ‘
558 2100 754 2149 Habuit,'
788 2099 944 2153 inquit,
967 2100 980 2121 ‘
996 2100 1077 2140 hoc
1109 2099 1206 2140 bar·

317 2158 478 2205 baricae
500 2163 770 2214 temeritatis,
787 2169 837 2203 ut
864 2168 1040 2215 putaret
1066 2164 1207 2216 Impe-

318 2232 510 2273 ratorem
531 2240 658 2267 manu
689 2228 823 2267 etiam
844 2239 921 2267 sua
941 2239 1111 2278 semper
1143 2228 1206 2268 uti

320 2289 509 2330 debere)
562 2289 738 2341 Quippe
772 2289 814 2328 in
848 2289 965 2329 bello
997 2291 1204 2342 pleraque

320 2355 332 2375 ‘
351 2351 557 2404 auspiciis
577 2356 623 2391 et
655 2351 863 2401 consiliis,
889 2363 1015 2404 quam
1036 2352 1135 2392 telis
1154 2364 1204 2392 ac

321 2417 516 2457 manibus
536 2414 774 2468 geruntur?
802 2415 942 2456 Tacit.
962 2414 1076 2455 Ann.
1095 2426 1204 2456 xm.

321 2484 362 2520 6.
405 2479 600 2520 Gebhard.

350 2576 354 2580 .
380 2544 495 2589 Quod
514 2543 556 2583 in
573 2543 661 2594 ejus
675 2542 790 2583 unius
804 2542 978 2597 pernicie
993 2543 1139 2595 patrioe
1152 2543 1207 2584 si-

323 2614 406 2648 tam
430 2606 621 2659 putabant
637 2607 817 2657 salutem,
832 2606 1004 2646 universi
1032 2605 1075 2646 in
1089 2619 1208 2646 unum

322 2672 511 2724 impetum
529 2669 732 2721 fecerunt]
762 2668 881 2710 Infra
897 2670 1106 2719 Eumene,
1132 2671 1207 2721 (ne

325 2735 419 2787 quis
453 2734 644 2775 diversos
671 2733 890 2773 existimet
919 2732 1154 2785 scriptores
1173 2732 1209 2787 z)

325 2800 337 2820 ‘
359 2797 493 2849 Cujus
511 2797 554 2835 in
575 2796 765 2848 pernicie
782 2796 968 2847 positam
997 2809 1116 2848 spem
1136 2797 1210 2836 ha-

327 2861 514 2899 buissent
535 2858 758 2900 victoria»)
796 2859 1013 2899 Caeterum
1029 2860 1210 2911 pruden-

326 2922 533 2962 tissimum
549 2922 630 2961 hoc
650 2921 871 2961 consilium
892 2933 1108 2973 nunquam
1129 2935 1211 2963 non

327 2990 487 3024 eventu
514 2983 620 3023 felix
647 2983 742 3023 fuit.
799 2985 911 3024 Nam
940 2984 1082 3025 occiso
1101 2985 1211 3025 duce

327 3048 590 3101 reliquorum
603 3046 782 3086 militum
799 3046 932 3085 virtus
947 3058 1079 3098 caeca,
1095 3059 1213 3089 man·

329 3125 396 3165 ca,
416 3117 548 3164 atque
565 3109 739 3149 inutilis.
778 3109 862 3152 Qui
879 3110 1097 3161 negotium
1116 3123 1212 3151 cum

328 3180 531 3227 serpente
549 3173 800 3225 incepisset,
829 3173 864 3212 is
893 3174 1057 3226 impetu
1086 3174 1128 3214 in
1148 3187 1214 3215 ca-

330 3247 412 3290 put
431 3236 567 3289 facto,
586 3248 722 3289 eoque
750 3237 928 3287 obn-ito,
945 3237 1048 3276 nihil
1071 3249 1095 3276 a
1116 3237 1213 3278 reli-

333 3313 416 3352 quo
448 3311 629 3351 corpore
663 3311 788 3339 noxae
822 3305 1003 3342 metuat.
1071 3300 1213 3353 Hujus

332 3361 545 3403 simulacri
581 3362 673 3413 ipse
709 3363 1028 3415 Epaminondas
1062 3369 1214 3404 auctor

332 3431 399 3467 est
431 3423 545 3476 apud
579 3424 777 3476 Polyaen.
814 3426 887 3466 lib.
920 3438 974 3467 11.
1015 3425 1214 3477 Μέγιστον

335 3487 420 3541 ἔχιν
440 3487 650 3533 συλλαβὼν
676 3485 790 3538 ἔδειξε
815 3489 1014 3543 Θηβαίοις,
1037 3490 1100 3532 καὶ
1121 3489 1213 3532 ποίν-

688 267 866 306 No'rAE
909 266 1243 307 vARloRUM
1286 268 1350 306 ΙΝ
1393 270 1443 308 G.
1483 269 1751 309 NEPOTIS

1251 401 1331 427 των
1343 385 1517 427 ἐναντίον
1528 386 1602 435 τὴν
1615 384 1792 439 κεφαλὴν
1799 384 1870 424 τοῦ
1882 383 2012 437 θηρίου
2026 397 2117 427 συν-

1251 449 1403 502 τρίψας,
1430 450 1586 503 Ὅρᾶτε,
1607 447 1701 501 ἔφη,
1714 447 1776 488 ὅτι
1792 446 1841 487 τὸ
1858 447 1996 488 λοιπὸν
2018 450 2131 498 σᾶμα

1254 511 1454 565 ἄχρηστον
1462 515 1533 561 τῆς
1548 514 1722 565 κεφαλῆς
1741 508 1960 562 οἰχομένης.
2005 510 2134 553 Quod

1254 575 1594 616 Lacedaemoniis
1614 574 1897 615 constitutum
1915 572 2076 624 fuerat,
2091 571 2137 612 id

1255 650 1282 677 a
1303 638 1502 679 Romanis
1522 638 1711 678 crebrius
1727 636 1988 678 factitatum.
2043 636 2139 676 Cae-

1254 711 1323 748 sar
1348 701 1403 741 B.
1419 700 1473 742 G.
1491 701 1567 741 lib.
1587 704 1718 742 v.58.
1744 701 1757 723 ‘
1777 699 1988 751 Praecipit
2005 703 2139 752 atque

1255 763 1478 803 interdicit
1498 763 1724 815 Labienus,
1741 775 1886 804 omnes
1909 775 2039 803 unum
2064 768 2147 815 ped

1255 831 1403 867 terent
1430 826 1786 879 Indutiomarum,
1804 842 1859 870 ne
1878 830 1973 883 quis
1994 842 2141 884 quem-

1257 902 1382 942 quam
1396 891 1515 942 prius
1531 891 1933 945 vulneraret,quam
1945 892 2065 932 illum
2079 892 2140 932 in-

1260 952 1492 994 terfectum
1507 954 1673 995 videret
1685 955 1711 994 ι’
1737 956 1839 997 Tac.
1856 953 1971 998 Ann.
1985 967 2056 998 111.
2072 959 2141 998 73.

1259 1019 1271 1039 ‘
1287 1018 1382 1057 Dat
1407 1017 1626 1070 negotium
1656 1018 1815 1070 Blaeso,
1847 1026 2030 1060 caeteros
2049 1020 2142 1072 qui·

1260 1079 1359 1120 dem
1397 1080 1451 1121 ad
1481 1093 1600 1133 spem
1636 1082 1867 1133 proliceret
1899 1094 2018 1123 arma
2051 1083 2142 1133 sine

1260 1155 1371 1184 noxa
1408 1144 1618 1196 ponendi;
1667 1146 1802 1197 ipsius
1839 1151 1983 1187 autem
2021 1145 2143 1192 ducis

1262 1219 1432 1260 quoquo
1448 1208 1575 1248 modo
1590 1208 1835 1260 potiretur!
1891 1208 2015 1249 Idem
2029 1208 2143 1250 Ann.

1260 1283 1324 1312 ιν.
1340 1275 1406 1313 25.
1425 1274 1438 1295 ‘
1456 1271 1668 1313 Differtur
1683 1285 1759 1325 per
1773 1273 2144 1325 manipulos,Tac-

1260 1334 1488 1387 farinatem
1522 1348 1683 1387 omnes,
1703 1341 1850 1377 notum
1872 1341 1938 1377 tot
1968 1337 2144 1389 praeliis,

1261 1403 1586 1439 consectentur:
1609 1411 1706 1450 non,
1718 1399 1798 1439 nisi
1814 1399 1923 1440 duce
1942 1398 2147 1447 inter-fem

1261 1466 1319 1514 to,
1340 1462 1528 1514 requiem
1543 1463 1646 1503 belli
1664 1461 1785 1503 fore!
1814 1464 1940 1505 Idem.

1281 1549 1283 1552 v
1315 1525 1440 1578 Sparo
1475 1526 1625 1566 eminus
1663 1527 1903 1579 percussum]
1949 1528 1961 1550 ‘
1984 1527 2146 1580 Sparus

1262 1588 1358 1640 est,’
1377 1589 1516 1642 inquit
1530 1590 1719 1640 Servius,
1744 1590 1756 1612 ‘
1774 1591 1976 1631 rusticum
1996 1592 2148 1642 telum,

1262 1652 1306 1692 in
1340 1652 1512 1692 modum
1550 1653 1651 1705 pedi
1688 1652 1940 1695 recurvum?
2033 1653 2147 1696 Vide
2170 1701 2172 1705 v

1264 1716 1456 1767 Festum,
1489 1716 1696 1765 Nonium,
1724 1717 1977 1768 Varronem,
2005 1716 2148 1758 Sisen-

1264 1793 1379 1830 nam,
1417 1787 1463 1820 et
1495 1780 1612 1822 alios.
1673 1780 1814 1821 Vetus
1851 1781 2118 1824 Glossarium
2133 1796 2146 1823 ι

1264 1843 1436 1897 sparus.-
1464 1842 1561 1884 εἶδος
1574 1843 1766 1897 ἀκοντίου,
1779 1857 1904 1896 genus
1921 1845 2006 1886 teli.
2046 1846 2146 1889 Quo

1266 1907 1412 1948 Graeci
1423 1906 1770 1960 frequentissime
1785 1908 2032 1965 utebantur.
2052 1909 2148 1955 Cae÷

1267 1976 1406 2011 terum
1427 1983 1510 2011 non
1531 1972 1808 2013 consentiunt
1822 1972 1876 2013 de
1897 1985 2151 2026 percussore

1265 2033 1534 2086 Scriptorum
1549 2032 2150 2089 opiniones,quemadmodum

1268 2098 1475 2150 gentium,
1513 2111 1616 2150 quas
1655 2099 1882 2152 conjungit
1913 2100 2151 2140 Pausanias

1267 2160 1310 2200 in
1331 2160 1555 2202 Arcadicis
1573 2174 1586 2201 ε
1614 2162 1626 2184 ‘
1643 2161 1984 2214 Epaminondam
2005 2168 2150 2203 autem

1267 2225 1453 2265 occisum
1486 2237 1580 2265 esse
1616 2226 1940 2266 Mantineenses
1974 2220 2150 2279 quidem

1267 2299 1293 2326 a
1323 2288 1613 2328 Machaerione
1644 2289 1830 2341 quodam
1858 2289 2152 2329 Mantineensi

1267 2347 1451 2389 dicunt:
1475 2348 1793 2389 Lacedaemonii
1827 2361 1929 2390 vero
1956 2349 2154 2391 similiter

1268 2424 1293 2451 a
1310 2411 1636 2452 Lacedaemonio
1670 2412 1868 2465 quodam,
1894 2418 1941 2453 et
1961 2414 2000 2454 ei
2019 2414 2154 2454 homi·

1267 2475 1311 2514 ni
1332 2475 1634 2516 Machaerionis
1653 2488 1807 2516 nomen
1837 2475 1969 2516 fuisse
1989 2477 2153 2518 volunt.

1267 2537 1353 2577 Sed
1381 2536 1496 2578 fama
1515 2544 1581 2578 est
1600 2538 1714 2590 apud
1738 2538 2036 2592 Athenienses,
2054 2553 2153 2582 cum

1268 2615 1352 2656 qua
1370 2604 1648 2644 consentiunt
1661 2600 1868 2656 Tbeb'aui,
1884 2605 2153 2653 vulneratum

1270 2678 1365 2707 esse
1385 2667 1724 2719 Epaminondam
1744 2678 1768 2706 a
1788 2667 1970 2719 Gryllo,'
2007 2668 2158 2717 Xeno·⁴

1271 2729 1442 2782 phontis
1461 2729 1562 2771 filio.
1590 2730 1703 2769 Vide
1724 2731 1961 2783 sequentia.

1328 2793 1585 2842 Mortiferum
1602 2805 1644 2833 se
1657 2794 1794 2833 vulnus
1803 2795 2012 2847 accepisse]
2039 2796 2156 2837 Mor·

1272 2856 1378 2907 tale,
1396 2857 1572 2907 lethale,
1596 2854 1816 2905 θανάσιμον.
1869 2857 1943 2897 Sic
1971 2858 1985 2881 ⁴
2006 2859 2158 2900 morti-

1273 2920 1410 2961 ferum
1432 2921 1587 2961 bellurn
1602 2921 1614 2939 '
1633 2921 1784 2974 *Ennio
1801 2922 2046 2963 Telamone.
2091 2923 2158 2965 M.

1273 2983 1434 3023 Tullius
1456 2996 1534 3036 pro
1564 2984 1740 3024 Sextio:
1785 2985 1798 3006 ‘
1821 2984 1959 3036 Plaga
1987 2985 2156 3027 insana-

1274 3045 1372 3086 bilis
1404 3046 1478 3085 illa
1509 3053 1552 3085 et
1586 3044 1838 3086 mortifera!
1893 3047 2047 3088 Cicero
2077 3060 2156 3102 pro

1275 3109 1420 3160 Sylla:
1449 3109 1461 3131 ‘
1486 3108 1670 3161 Accepit
1700 3109 1823 3160 Sylla
1855 3110 2086 3152 vehemens
2110 3117 2159 3152 et

1274 3172 1547 3213 mortiferum
1567 3172 1749 3213 vulnus.'
1831 3184 1834 3187 ’
2159 3201 2161 3203 -

1331 3233 1379 3274 Si
1398 3235 1571 3286 ferrum,
1600 3239 1704 3288 quod
1721 3250 1772 3277 ea·
1788 3238 1923 3278 hastili
1939 3238 1982 3278 in
2001 3251 2158 3291 corpore

1275 3303 1529 3351 remanserat,
1567 3301 1825 3353 extraxisset]
1883 3301 2002 3341 Ferri
2041 3304 2158 3354 spari

1277 3370 1521 3404 extractum
1543 3365 1613 3404 alii
1632 3365 1821 3405 historici
1857 3364 2065 3416 spiculum
2085 3378 2158 3407 vo-

1277 3433 1394 3476 cant,
1413 3433 1488 3467 aut
1507 3427 1687 3467 hastam.
1729 3427 1825 3466 Val.
1846 3427 1967 3468 Max.
1985 3427 2060 3467 lib.
2083 3440 2157 3470 111.

1278 3497 1318 3534 2.
1375 3492 1644 3544 Interpretes
1679 3491 1907 3534 Pausaniae
1946 3491 1990 3533 iu
2022 3491 2157 3536 Arca·
