2306 3900
316 236 422 292 564

316 367 561 414 Κλεόβουλος
578 367 599 407 ὁ
615 366 760 408 Λίνδιος
775 366 971 421 ἐρωτηθεὶς
990 366 1063 408 ὑπό
1079 381 1195 415 τινος,

313 433 401 472 τίνα
418 434 478 472 δεῖ
486 431 657 482 μάλιστα
673 430 957 484 ‹pontimi-edam
986 430 1104 485 εἶπεν,
1118 435 1196 473 τῶν

311 493 383 545 μὲν
396 494 520 546 φίλων
533 494 602 535 τὸν
615 494 767 548 φθόνον,
790 498 868 537 τῶν
888 494 937 536 δὲ
961 496 1107 549 ἐχθρῶν
1122 497 1197 546 τὴν

313 557 537 608 ἐπιβουλήν.
603 562 701 602 Nec
738 562 907 604 abludit
941 564 1194 605 Demonax:

311 621 493 663 Ἐλάσσω
507 623 607 664 κακὰ
623 622 844 676 πάσχουσιν
870 625 906 666 οἵ
923 625 1105 680 ἅνθρωποι
1122 625 1195 666 ὑπὸ

311 689 389 728 τῶν
407 687 554 741 ἐχθρῶν
577 688 604 737 ἢ
633 689 704 729 ὑπὸ
716 693 795 731 τῶν
810 691 948 742 φίλων.
999 690 1096 732 Τοὺς
1124 690 1197 742 μὲν

309 750 387 803 γὰρ
402 749 560 804 ἔχθρους
574 752 733 795 δεδιότες
750 753 1029 806 φυλάσσονται·
1052 756 1137 796 τοῖς
1153 753 1195 795 δὲ

311 812 440 864 φίλοις
449 815 675 866 ἆνεῳγμένοι
688 815 777 869 εἶσὶ,
791 817 855 858 καὶ
866 818 1195 870 γίνονπαισφαλε-

309 876 368 929 pol
383 877 447 918 καὶ
465 878 778 926 εὐεπιβούλειννοι.
808 883 934 923 Idem.

366 941 653 995 Ariobarzane,
678 945 866 997 praefecto
894 946 1037 998 Dffliae
1062 949 1102 986 et
1131 946 1196 985 Io-

306 1010 406 1062 niae]
434 1011 546 1052 Vide
563 1010 801 1052 Diodorum
821 1009 896 1051 lib.
915 1003 1007 1050 xv(
1021 1009 1092 1050 Ab
1111 1021 1196 1050 uno

307 1074 494 1126 Satrape
531 1073 751 1117 interdum
785 1074 929 1125 plures
962 1073 1196 1126 provinciae

308 1136 581 1188 regebantur.
637 1136 709 1177 Sic
740 1136 989 1176 Herodotus
1008 1148 1053 1177 v.
1075 1136 1198 1178 01·oe-

312 1206 402 1240 tem
420 1199 536 1250 νόμον
552 1199 621 1241 τόν
634 1214 678 1241 τε
692 1199 868 1253 Φρύγιον,
885 1200 948 1241 καὶ
967 1200 1114 1253 Λύδιον,
1132 1200 1195 1241 καὶ

309 1262 473 1303 Ἰωνικὸν
491 1264 727 1306 obtinuisse
747 1264 896 1306 refert.
950 1264 1081 1318 Apud
1112 1264 1195 1306 Ar-⁴

310 1327 473 1367 riannm
495 1339 557 1368 vl.
580 1329 782 1370 Stesanor
812 1330 1010 1382 ὁἈρειων,
1038 1328 1101 1369 καὶ
1121 1332 1198 1371 Eoi-²

307 1388 436 1442 γάρων
453 1391 671 1442 Satrapes.
715 1391 883 1432 Ibidem
903 1393 1194 1444 Phratapher-

307 1465 383 1494 nes
421 1455 643 1507 Παρτυαίων
671 1454 733 1495 καὶ
770 1455 987 1508 Ὗκρανίων.
1041 1456 1127 1496 Sed
1147 1462 1193 1496 et

309 1517 460 1557 Xerxe
492 1523 717 1570 regnante,
762 1530 892 1560 unum
925 1514 1192 1572 eundemque

307 1583 380 1629 τῆς
412 1580 564 1633 Συρίας,
584 1581 648 1622 καὶ
675 1583 861 1634 Φοινίκης,
892 1582 954 1622 καὶ
982 1583 1194 1635 Σαμαρείας

309 1643 484 1697 ἔπαρχον
503 1644 652 1693 fuisse,
686 1658 740 1686 ex
761 1647 954 1699 Josepho
983 1641 1060 1687 lib.
1080 1658 1132 1687 11.
1153 1651 1188 1687 8.

307 1715 354 1749 et
373 1709 510 1750 Esdra
531 1721 599 1750 111.
622 1714 663 1751 6.
695 1715 840 1762 patet:
872 1710 1025 1764 quibus
1058 1706 1100 1751 in
1135 1711 1193 1750 lo·

306 1772 370 1812 cis
391 1770 562 1825 ἔπαρχος
589 1773 848 1825 appellatur,
876 1773 949 1826 qui
981 1773 1085 1814 alias
1119 1774 1191 1814 Sa-

238 1847 241 1850 *
307 1841 474 1889 trapes.
502 1838 744 1879 Brissom‘us.

361 1899 504 1940 Nihiw
529 1901 707 1954 segnius]
740 1901 790 1941 Si
817 1901 1002 1954 Nepotis
1033 1903 1194 1956 stylum

305 1962 461 2014 calleo,
476 1962 610 2003 ducor
626 1963 681 2004 ad
692 1963 955 2004 credendum
969 1965 1194 2018 scripsisse

304 2025 429 2066 nihilo
446 2027 619 2078 sequius,
637 2033 711 2067 aut
727 2027 852 2067 secius
863 2042 879 2076 ‚·
907 2033 957 2068 ut
985 2028 1085 2069 alibi
1106 2041 1192 2069 non

304 2099 415 2130 raro.
471 2090 524 2130 In
545 2090 720 2131 Conone
742 2091 807 2131 bis
828 2104 840 2141 ;
867 2091 913 2131 in
933 2092 1078 2132 Dione
1096 2105 1107 2141 ;
1127 2092 1193 2133 bis

304 2151 564 2194 Hannibale.
619 2155 733 2194 Nam
761 2160 807 2194 et
844 2158 924 2195 ‘eo
954 2155 1118 2195 secius’
1147 2156 1191 2196 in

304 2215 536 2268 Pomponii
555 2216 696 2258 Attici
718 2219 807 2258 vita
840 2219 883 2258 in
918 2219 1117 2259 Miltiade
1145 2225 1192 2260 et

304 2277 495 2319 Eumene
529 2279 656 2320 dixit.
692 2279 846 2322 Schott.
918 2282 1019 2322 Non
1052 2282 1190 2323 audeo

304 2340 464 2380 nudam
483 2341 652 2382 Schotti
683 2343 978 2394 conjecturam
1001 2343 1091 2383 sine
1112 2345 1192 2384 Co-

304 2403 447 2443 dicum
480 2417 655 2444 assensu
694 2405 910 2456 amplecti.
985 2407 1093 2447 Vult
1125 2406 1188 2446 di·

304 2478 434 2519 cere3
464 2468 717 2509 auxiliorum
746 2467 974 2509 frustratio
994 2482 1079 2510 non
1099 2482 1191 2522 seg-

303 2531 467 2581 niorem
490 2531 679 2572 reddidit
699 2533 931 2581 Datamen,
956 2533 1056 2585 quin
1077 2533 1190 2573 solus

302 2593 389 2634 suis
409 2594 568 2635 viribus
588 2594 715 2648 Thyn
735 2596 1006 2648 persequi,et
1025 2595 1078 2636 ad
1099 2595 1191 2636 offi-

302 2656 416 2696 cium
459 2656 669 2698 reducere
705 2664 1021 2710 perseveraret.
1065 2659 1190 2701 Curt.

301 2719 379 2759 lib.
400 2732 465 2761 lv.
481 2724 548 2762 38.
564 2723 577 2744 ‘
591 2720 734 2762 Batim
754 2722 930 2774 egregia
951 2722 1068 2762 edita
1086 2735 1191 2776 pug-

302 2794 359 2822 na
394 2783 626 2836 multisque
662 2784 910 2826 vulneribus
943 2783 1191 2826 confectum

302 2843 583 2886 deseruerant
615 2847 696 2900 sui,
727 2859 809 2888 nec
840 2853 983 2888 tamen
1018 2849 1190 2901 segnius

302 2907 496 2957 praelium
535 2908 815 2960 capessebat.’
872 2910 1082 2950 Salustius
1113 2911 1191 2953 Ju-

301 2973 484 3022 gurtha:
532 2973 721 3024 ‘Magna
771 2979 904 3027 atque
941 2975 1112 3015 insolita
1142 2987 1189 3016 re

301 3035 507 3086 perculsi,
541 3035 673 3075 nihilo
713 3037 883 3089 segnius
915 3037 1076 3077 bellum
1112 3050 1188 3090 pa-

300 3095 426 3137 rare.'
480 3097 627 3138 Valer.
651 3098 722 3140 lib.
744 3110 815 3140 ιιι.
835 3102 875 3140 6.
905 3103 944 3140 1.
963 3100 974 3123 ‘
992 3101 1088 3141 Nec
1106 3101 1187 3142 hac

304 3170 350 3196 rc
384 3159 601 3211 segniores
630 3160 819 3201 Poenicis
847 3161 1106 3203 exercitibus
1125 3162 1188 3203 in-

302 3221 404 3260 tulit
425 3222 603 3263 manus.’
637 3223 837 3265 Gebhard.

357 3292 464 3332 CAP.
488 3297 528 3333 3.
564 3294 800 3345 Cnjusfacti
820 3309 867 3336 ne
880 3296 994 3349 prius
1002 3297 1117 3347 famu
1135 3300 1187 3339 ad

303 3353 473 3403 Regem,
488 3369 601 3406 quam
619 3358 701 3408 ipse
715 3361 951 3410 perveniret,
970 3362 1079 3402 dedit
1097 3375 1185 3413 ope-

300 3417 404 3468 ram]
431 3419 583 3459 'Voluit
615 3433 718 3472 ergo
737 3429 781 3462 et
801 3429 951 3464 auctor
980 3431 1023 3465 et
1044 3426 1184 3466 nunti·

699 250 878 290 NOTAE
917 248 1249 292 VAR10RUM
1295 249 1356 289 IN
1402 250 1451 288 C.
1491 250 1754 292 NEPO'I'IS

1255 380 1305 409 us
1324 368 1486 411 venire.
1541 368 1654 410 Vide
1693 368 1889 410 Curtium
1921 368 2032 410 libro
2059 381 2135 411 nr.

1259 431 1457 473 Gebhard.
1516 432 1636 482 Cujus
1657 432 1773 483 facti*
1791 445 1839 473 ne
1865 433 1979 485 prius
1998 432 2136 485 sama]

1253 495 1606 537 sicclaudianus
1636 497 1904 538 celeritatem
1935 496 1979 536 iu
2007 508 2140 550 expe·

1255 559 1488 600 ditionibus
1503 559 1723 600 stiliconis
1739 571 1906 614 quoque
1921 572 2139 601 commen·

1256 622 1348 674 dat,
1367 621 1514 664 dicens
1544 635 1641 664 eum
1660 622 1791 664 fuisse
1819 635 2038 664 emensum
2071 633 2142 665 sis-⁴

1256 699 1381 740 peras
1395 688 1555 729 etiam‘
1573 693 1795 741 praevento
1826 699 1997 728 rumore
2018 688 2137 728 vias!

1256 752 1316 791 Et
1335 751 1418 792 alio
1449 752 1492 792 iu
1518 752 1615 792 loco
1648 751 1831 792 eundem
1863 751 1919 791 ob
1953 751 2138 792 eandem

1257 819 1460 863 virtutem
1477 818 1672 868 laudans,
1700 819 1815 871 quod
1834 817 2034 858 nimirum
2053 817 2141 858 vic-

1256 882 1371 922 toria
1389 882 1482 932 ejus
1503 885 1604 921 ante
1621 881 1755 922 fuerit
1782 882 1973 934 cognita,
2009 893 2138 935 quam

1258 945 1312 985 de
1330 944 1445 985 bello
1474 945 1728 996 innotuerit,
1750 944 1920 998 inquit:
1946 945 1960 967 ‘
1979 944 2138 984 Rumo-

1258 1020 1436 1062 remque
1472 1007 1538 1049 sui
1584 1008 1798 1061 praevenit
1831 1008 1977 1048 laurea
2006 1006 2138 1049 belli?

1258 1072 1400 1111 Ernst.

1261 1157 1265 1160 -
1311 1135 1527 1176 Hominem
1545 1135 1712 1175 maximi
1730 1135 1919 1188 corporis]
1947 1134 2144 1192 Ejusm03>

1258 1201 1302 1241 di
1321 1201 1364 1241 in
1385 1201 1488 1241 Asia
1503 1203 1639 1253 nasci,
1676 1202 1811 1243 tradit
1843 1202 2138 1255 Hippocrates

1256 1265 1330 1305 lib.
1358 1265 1412 1305 de
1431 1266 1545 1317 aere,
1564 1266 1697 1319 aquis,
1715 1272 1760 1306 et
1778 1267 1896 1307 locis.
1939 1266 2046 1306 Erat
2065 1278 2138 1307 au-

1257 1333 1344 1368 tem
1376 1329 1519 1381 Thyus
1556 1329 1782 1369 Asiaticus.
1810 1329 1928 1380 Mag.
1982 1328 2139 1369 Similis

1256 1396 1432 1431 staturae
1452 1390 1628 1431 fuerunt
1644 1392 1911 1432 Proaeresius
1926 1392 2039 1445 apud
2057 1392 2141 1432 Eu-

1256 1456 1447 1506 napium,
1463 1455 1734 1496 Andronicus
1756 1456 2001 1496 comnenus
2022 1454 2138 1507 apud

1255 1519 1478 1570 Nicetam‚
1514 1519 1708 1559 Tiberius
1727 1520 1840 1572 apud
1874 1520 2141 1570 Suetonium,

1255 1583 1471 1622 Maximus
1509 1583 1624 1634 apud
1652 1582 1971 1635 Capitolinum;
2002 1589 2048 1624 et
2066 1583 2139 1623 ille

1255 1644 1309 1698 de
1331 1657 1414 1697 quo
1435 1647 1692 1697 tempestive
1706 1646 2023 1698 Vespasianus:
2053 1651 2137 1686 Μα-

1254 1706 1327 1759 nep&
1358 1707 1486 1760 βιβὰς,
1529 1706 1700 1762 κραδάων
1727 1707 1970 1759 δολιχόσκιον
2001 1707 2137 1761 ἔγχος.

1255 1770 1459 1812 Kenchen.

1313 1833 1465 1886 Niger]
1493 1832 1607 1887 Ergo
1621 1836 1763 1889 Thyus
1779 1847 1982 1890 procerus
1995 1835 2079 1877 fuit
2095 1841 2141 1877 et

1257 1895 1528 1949 suffusculus‚
1561 1903 1610 1938 ut
1647 1899 1700 1938 de
1730 1898 1914 1953 quodam
1951 1899 2140 1953 loquitur

1257 1960 1483 2013 Apuleius.
1532 1958 1686 2006 vQualis
1719 1964 2040 2017 Epaphroditus
2069 1964 2141 2004 ille

1257 2024 1575 2066 Grammaticus
1595 2026 1710 2078 apud
1729 2027 1920 2084 Sumam,
1952 2027 2072 2081 cujus
2090 2026 2140 2083 rig

1256 2090 1367 2138 σῶμα
1385 2087 1433 2136 ἧν
1448 2087 1571 2140 μέγας
1588 2089 1652 2147 καὶ
1668 2089 1804 2141 μέλας.
1833 2091 1956 2133 Idem.

1312 2153 1468 2204 Capillo
1487 2153 1620 2206 longo]
1661 2154 1894 2195 Suetonius
1930 2154 1944 2176 ‘
1960 2153 2138 2195 submis-

1254 2214 1409 2255 siorem
1426 2215 1438 2233 ³
1459 2222 1601 2268 vocat,
1620 2229 1745 2270 quem
1765 2218 1838 2257 alii
1854 2218 1866 2241 ‘
1881 2218 2022 2259 crines
2041 2229 2139 2271 pas-

1253 2277 1350 2318 sos!
1414 2278 1562 2320 Graeci
1599 2281 1615 2303 ‘
1635 2280 1897 2322 Hectoream
1943 2281 2140 2323 comam)

1251 2339 1363 2379 Vide
1378 2338 1672 2393 Lycophronis
1692 2343 1974 2384 Scholiasten.
2009 2363 2013 2366 ·

1304 2403 1516 2455 Barbaque
1546 2409 1634 2446 erat
1659 2406 1837 2458 prolixa]
1875 2405 2139 2459 Approbant

1251 2464 1350 2505 libri
1366 2470 1411 2506 et
1431 2478 1632 2507 censores
1651 2470 1854 2520 promissa.
1881 2469 2135 2511 Justindib.

1252 2539 1315 2570 vt.
1340 2529 1354 2552 ‘
1370 2530 1527 2581 capillo
1548 2530 1766 2584 barbaque
1787 2531 2036 2583 premissis?
2049 2533 2136 2573 Ta·
2172 2579 2181 2586 ,

1253 2592 1361 2632 citus
1394 2591 1551 2634 Annal.
1588 2605 1638 2635 ιι.
1673 2594 1936 2636 39o‘donec
1967 2597 2135 2638 crinem

1252 2654 1515 2709 barbamque
1572 2658 1875 2710 promitteret!
1965 2660 2104 2701 Varro
2119 2664 2133 2701 ε’

1253 2717 1409 2759 ‘Quod
1439 2724 1530 2759 tum
1567 2725 1693 2760 erant
1724 2721 1766 2760 in
1800 2721 1978 2762 Graecia
2010 2735 2135 2764 coma

1255 2781 1478 2833 promissa,
1510 2794 1606 2822 rasa
1629 2782 1777 2835 barba,
1805 2785 1931 2837 pallia
1962 2786 2135 2826 trahen-

1254 2845 1346 2884 tes?
1398 2844 1512 2885 Vide
1549 2846 1752 2898 Nonium,
1789 2848 1861 2900 qui
1902 2842 2137 2900 promittere

1252 2908 1447 2960 exponit,
1485 2908 1553 2948 ad'
1578 2910 1914 2962 magnitudinem
1952 2911 2133 2951 nutrire.

1257 2971 1457 3012 Gebhard.
1515 2971 1642 3013 Adde
1680 2973 1868 3014 Festum.
1923 2973 2134 3016 Refertur

1249 3032 1330 3073 hoc
1349 3033 1403 3072 ad
1423 3033 1775 3086 Philosophorum
1800 3035 1984 3083 schema,
2014 3042 2066 3085 ut
2083 3036 2135 3077 li-

1252 3101 1356 3147 quet
1374 3107 1428 3136 ex
1456 3097 1686 3148 Strabone,
1716 3098 1905 3148 Juliano,
1935 3099 2137 3153 Apuleio,

1250 3164 1297 3199 et
1317 3160 1422 3201 aliis.
1477 3161 1899 3202 Lacedaemoniorum
1919 3163 2015 3215 lege
2035 3174 2135 3203 cau-

1251 3228 1341 3263 tum
1361 3228 1481 3273 erat3
1511 3236 1566 3263 ne
1583 3225 1651 3264 cui
1672 3223 1736 3265 fas
1758 3231 1886 3277 esset,
1901 3225 1973 3265 τὸν
1987 3224 2136 3275 μύστα-

1248 3283 1477 3338 καπρέφειν.
1535 3286 1619 3327 Adi
1639 3288 1917 3328 Plutarchum
1931 3293 1979 3328 et
1996 3287 2135 3341 Hesy-

1250 3349 1404 3389 chium.
1442 3350 1701 3390 Keachenius.

1305 3413 1467 3465 Optima
1487 3418 1592 3455 veste
1611 3413 1805 3464 contexit]
1851 3413 1994 3454 Editio
2010 3413 2131 3454 Pari·
2156 3450 2162 3458 .
