2306 3900
317 231 461 287 xxvi

363 359 473 421 genti
489 366 704 418 metaphor.
720 363 976 418 significante,
1002 364 1194 418 dignitate

363 420 546 472 statuque
574 418 698 468 veluti
721 431 793 458 suo
815 418 924 470 pelli.
944 418 1071 467 Tacit.
1087 417 1196 460 Arm.

363 473 419 521 iv,
436 477 492 514 60
518 477 531 496 ‘
551 471 582 512 si
591 471 677 524 jam
690 471 923 522 labefactum
933 471 1197 512 demovisse&

361 526 470 566 Anu.
487 525 542 572 vi,
554 529 608 566 29
636 530 648 548 ‘
661 525 905 577 Mamercum
915 524 1096 572 labefecit
1106 526 1197 567 Ma·

363 578 490 622 cronis
507 577 678 631 odium')
720 596 722 598 ’

311 631 545 682 collaudare
562 631 731 684 aliquem
757 632 810 680 iv,
827 633 855 672 2
881 630 1051 672 officinm
1076 630 1198 672 alicu-

369 684 429 725 ‘us
455 698 546 731 xxv,
563 687 591 725 4

313 699 515 790 CoJuegam
538 738 681 777 habere
709 737 880 789 aliquem
907 736 950 776 in
977 737 1199 785 consulatu,

363 803 526 832 censura
551 790 655 838 xxiV,
675 794 698 831 1
735 790 898 842 collegae
931 790 1073 837 dantur
1107 791 1202 830 huic

365 843 443 898 (sc.
473 845 633 896 gerend.
662 843 754 882 bell.
784 843 826 882 in
853 843 1015 894 imperio
1031 843 1200 891 militari,

366 903 436 936 aut
470 897 640 949 gerenda
674 895 834 948 repub.)
873 894 945 942 vii,
973 899 1014 936 8.
1044 900 1070 941 7
1116 897 1198 938 col·

366 951 471 1002 legas
489 956 694 1001 expectare
726 948 831 1004 (scil.
861 947 1088 1003 legationis)
1115 950 1159 996 ii,
1175 953 1201 990 7

364 1003 508 1042 habere
524 1003 596 1043 hos
621 1015 685 1049 xit,
703 1005 730 1042 7

314 1052 507 1108 Colligere
517 1069 674 1095 manum
685 1054 862 1108 (copias)
887 1054 956 1101 vii,
968 1058 992 1095 7
1021 1053 1204 1107 colligere

368 1122 416 1148 ex
433 1108 527 1160 fuga
544 1109 712 1160 reliquos
738 1107 847 1157 xxiii,
864 1111 892 1148 6

315 1161 660 1255 Collsslsltffuirinalis
686 1175 776 1208 xxV,
792 1164 842 1201 13
871 1159 994 1214 (Mss.
1006 1160 1117 1213 quid.
1137 1160 1204 1199 ‘in

366 1228 392 1253 v
447 1229 470 1255 e

316 1213 519 1309 Collocar)e
548 1267 837 1307 multitudinem
863 1266 905 1305 in
923 1266 1022 1319 agris
1040 1266 1117 1321 (sc.
1134 1267 1205 1306 de·

368 1323 509 1361 ductos
523 1321 705 1412 colonos?
733 1321 760 1368 i,
777 1325 803 1363 2
830 1319 892 1374 (h.
911 1333 947 1360 e.
959 1333 1071 1372 agros
1085 1320 1205 1372 assig-

368 1387 476 1421 nare,
505 1387 603 1427 quos
632 1387 679 1413 co
696 1380 778 1421 ant,
805 1373 938 1426 ibique
965 1373 1205 1413 domicilium

368 1427 506 1480 figant.
537 1426 715 1480 Buchn.)
749 1427 867 1466 alicui
897 1426 1018 1465 filiam
1042 1440 1132 1472 xxv,
1153 1429 1206 1467 19

368 1479 460 1520 Sic:
505 1479 688 1520 collocari
717 1478 794 1532 (sc.
830 1480 872 1518 in
906 1479 1206 1527 matrimonium,

540 1614 554 1633 ο
680 1624 682 1627 -
717 1615 727 1625 ·
1191 1607 1208 1616 “

346 1682 350 1686 p
371 1644 431 1679 ter
463 1644 730 1690 paupertatem
761 1638 943 1682 collocari
968 1651 1049 1677 non
1074 1644 1209 1690 posset

371 1705 434 1738 xv,
452 1695 478 1737 8
507 1692 698 1731 collocata
712 1690 754 1730 in
772 1691 902 1731 littore
915 1690 1096 1743 praesidia
1113 1690 1208 1744 (po-

371 1745 459 1790 sita,
478 1743 712 1796 constituta)
740 1744 847 1791 xxiii,
867 1743 919 1784 11

319 1797 502 1849 Colloqui
533 1810 606 1849 per
638 1797 897 1837 internuntios
933 1796 1001 1843 vii,
1018 1801 1043 1837 5
1087 1797 1209 1837 collo·

372 1851 519 1903 quendi
533 1850 617 1889 dies
629 1849 849 1903 (colloquio
863 1849 1102 1902 destinatus)
1127 1851 1207 1897 xiv,

374 1908 424 1946 11
454 1903 706 1955 colloquendi
730 1908 886 1956 tempus
917 1915 1080 1950 sumere,
1112 1902 1209 1950 ibid.

371 1956 613 2008 colloquium
639 1955 806 2007 alicujus
832 1963 965 2008 petere
989 1956 1068 2003 xiv,
1089 1959 1142 1997 10
1168 1956 1212 1996 in

372 2010 612 2061 colloquium
638 2009 772 2049 venire
803 2009 855 2049 de
886 2023 927 2050 re
967 2010 1047 2056 xiv,
1080 2013 1130 2050 11
1168 2009 1210 2048 in

372 2062 570 2114 colloquio
587 2062 825 2115 aliquamdiu
842 2076 928 2102 esse
945 2062 1020 2116 (de
1035 2062 1124 2115 ipso
1145 2074 1210 2102 ac-

375 2121 419 2157 tu
436 2115 708 2169 colloquendi)
735 2116 815 2162 xiV,
834 2119 886 2157 11

321 2167 494 2210 colonos
529 2168 681 2209 mittere
716 2169 847 2222 aliquo
892 2168 921 2216 i,
954 2173 978 2209 l
1024 2180 1212 2208 arcessere

374 2221 565 2262 Corintho
592 2235 656 2269 xx,
671 2226 695 2262 3
725 2221 962 2269 deducendi,
976 2221 1212 2268 collocandi,

374 2274 592 2322 muniendi,
621 2275 826 2314 ordinandi
842 2275 940 2314 ratio
967 2275 997 2321 i,
1016 2278 1044 2316 2
1084 2280 1213 2314 tot.—

374 2327 532 2367 colonia
543 2341 567 2366 a
581 2327 744 2367 Cimone
758 2328 968 2367 constituta
981 2326 1131 2378 Amphi
1159 2327 1214 2365 oli

375 2392 416 2426 v,
435 2383 462 2419 2
487 2379 530 2418 in
560 2379 752 2419 coloniam
778 2380 932 2420 mittere
952 2379 1102 2431 aliquos
1143 2380 1213 2418 de-

378 2432 522 2471 ducere
536 2446 584 2472 eo
597 2431 792 2484 colonos),
805 2432 902 2472 ibid.
948 2431 1071 2485 (Sunt
1081 2437 1212 2472 autem

378 2484 544 2524 coloniae
561 2483 740 2525 civitates
757 2498 805 2524 ex
822 2485 901 2524 alia
917 2485 1076 2524 civitate
1092 2485 1215 2524 veluti

376 2543 615 2589 propagatae.
643 2537 749 2577 Gell.
776 2538 855 2585 xvi,
876 2541 941 2579 13.
966 2549 1128 2590 quarum
1143 2539 1214 2578 de-

379 2591 646 2630 ducendarum
661 2603 796 2631 causas
812 2597 1018 2643 ceteraque
1035 2591 1216 2643 exposuit

377 2643 512 2696 Sigon.
530 2645 582 2683 de
599 2644 721 2697 antiq.
738 2643 818 2696 jur.
843 2644 934 2684 Ital.
964 2644 1030 2688 lib.
1058 2648 1098 2685 2.
1117 2657 1154 2684 c.
1172 2648 1215 2686 2.

379 2696 446 2736 De
469 2697 560 2749 jure
591 2710 721 2736 earum
748 2710 813 2750 ap.
842 2697 966 2736 varias
983 2703 1120 2748 gentes
1134 2711 1215 2740 me-

380 2751 584 2792 morabilia
613 2757 704 2789 sunt
737 2763 827 2803 quae
859 2750 1018 2803 collegit
1056 2750 1216 2792 Hemic.

381 2802 562 2844 Valesius
579 2803 620 2842 in
639 2810 773 2843 annot.
790 2804 841 2843 ad
859 2803 1063 2843 collectan.
1079 2803 1218 2845 Const.

381 2855 626 2909 Porphyrog.
644 2857 780 2897 Boecl.
804 2856 1100 2898 Atheniensium
1112 2857 1218 2897 colo·

381 2909 467 2948 nias
485 2910 644 2962 collegit
659 2915 700 2950 et
718 2909 878 2962 digessit
893 2910 1043 2950 Mem-⁵.
1057 2909 1218 2954 Fortun.

382 2960 508 3006 Attic-
525 2975 614 3014 cap.
640 2967 680 3004 6.
708 2962 1089 3004 Lacedaemoniorum
1113 2963 1218 3004 idem

384 3013 427 3054 in
446 3015 657 3061 miscellan.
674 3015 844 3068 Lacon.)

333 3066 536 3108 Columnae
562 3068 620 3118 iii,
637 3073 663 3110 2
703 3069 850 3122 pedum
880 3081 928 3109 ex
959 3069 1129 3121 onyche,
1156 3067 1218 3109 Fr.

335 3173 508 3214 Comites
525 3175 576 3215 de
594 3175 673 3215 suis
690 3174 902 3228 adjungere
921 3173 1037 3216 alicui
1062 3174 1157 3223 xvii,
1173 3178 1201 3216 6

335 3225 522 3271 Comitari
547 3228 625 3281 (sc.
653 3227 791 3280 funus)
818 3228 926 3275 xviii,
951 3232 1016 3270 13.
1056 3241 1148 3276 ην,
1164 3231 1219 3272 22

387 3278 482 3340 (Est
502 3282 606 3320 enim
630 3283 730 3322 inter
746 3295 862 3323 voces
877 3282 972 3322 huic
986 3282 1113 3322 officio
1131 3295 1221 3334 pro·

389 3343 508 3446 πππε
533 3335 833 3447 ππππππππ
851 3334 1219 3453 suffit-⁶223:

390 3443 564 3478 comitari
593 3440 707 3480 funus
721 3454 733 3490 ς
759 3442 828 3488 ire,
857 3443 987 3485 venire
1023 3454 1217 3495 exequias.

1128 242 1334 290 INDEX

1310 363 1488 413 Boecler.
1527 362 1647 404 Adde
1662 362 1866 410 Heinsium
1889 363 2141 411 adOr'fiium·

1309 417 1387 471 Ep.
1403 421 1444 459 2.
1471 416 1634 457 Heroid.
1654 430 1709 457 vs.
1727 417 1830 471 119)

1258 470 1380 520 Come
1415 470 1615 524 ingenium
1650 470 1788 525 (facile
1822 472 1874 512 ad
1905 471 2143 517 audiendum

1311 531 1589 630 praeqeptoriem
1606 530 1649 564 et
1665 531 1765 564 artes
1791 525 2016 578 capiendas.
2041 525 2143 570 Loci

1312 590 1400 618 cen.
1450 591 1490 627 ζ,

1260 631 1449 672 Cominus
1467 643 1640 684 pugnare
1666 629 1735 677 xii,
1752 634 1781 672 4
2096 661 2098 667 ,

1260 682 1435 731 Comites
1448 683 1557 729 ,mira
1567 682 1666 738 (pro
1684 681 1871 723 civilitate
1888 681 2017 723 cultus
2033 689 2076 725 et
2090 683 2149 724 af-

1313 736 1536 799 fabilitatis)
1560 737 1609 799 i,
1644 739 1671 777 8
1715 734 1935 799 (quomodo
1976 742 2022 798 et
2044 735 2149 799 ‘alibi

1313 790 1923 892 flssszszmffiffljr
1941 789 2150 890 ἑὼὲῖῗπ

1315 893 1496 946 Augusto
1524 907 1590 947 ap.
1621 894 1731 935 Suet.
1766 906 1804 934 c.
1838 897 1908 935 5⁸.
1958 893 2050 937 Tito
2085 908 2151 948 ap·

1316 948 1435 993 eund.
1446 960 1483 988 c.
1495 951 1534 988 8.
1562 953 1604 987 et
1613 947 1738 988 Tacit.
1749 945 1854 988 Hist-
1870 959 1912 994 v,
1927 949 2020 994 1,2.
2045 946 2154 988 Dm-

1316 1013 1359 1040 so
1387 1000 1498 1045 Ann.
1524 1001 1553 1048 i,
1577 1003 1646 1046 33,
1669 1003 1710 1045 Δ.
1738 1000 1843 1040 adde
1871 998 1990 1041 'fines-
2018 1000 2153 1043 Buch-

1315 1053 1412 1094 neri.
1448 1053 1527 1097 Sed
1554 1054 1597 1093 in
1623 1053 1706 1098 Ms.
1722 1052 1829 1097 Dan.
1845 1058 1890 1092 et
1905 1052 2058 1094 Schotfi
2071 1059 2155 1095 erat

1317 1112 1330 1130 ‘
1349 1107 1604 1153 communitas
1621 1106 1647 1156 ;’
1674 1106 1795 1159 idque
1820 1105 1963 1152 rectius
1979 1106 2156 1160 videtur)

1317 1161 1477 1200 comitas
1509 1159 1595 1212 ejus
1625 1172 1707 1200 non
1741 1160 1826 1201 sine
1860 1160 2065 1204 severitate
2094 1167 2156 1200 est

1319 1226 1410 1261 xxv,
1429 1217 1481 1255 15
1522 1214 1582 1267 (v,
1599 1212 1726 1258 Tacit.
1752 1212 1860 1253 Ann-
1884 1211 1931 1261 ii,
1948 1216 2017 1262 ⁷2,
2034 1217 2076 1256 8.
2101 1213 2158 1262 vi,

1266 1265 1478 1361 comitiuin
1509 1318 1617 1373 (scil.
1646 1319 1810 1371 Spartae,
1837 1317 2093 1372 Xenophonti
2107 1317 2159 1359 τὸ

1319 1371 1516 1426 ἑφορεῖον)
1542 1373 1635 1420 xvii,
1660 1377 1688 1414 4
1727 1372 1855 1426 (Usus
1883 1377 1958 1419 est,
1986 1378 2032 1415 ut
2062 1371 2157 1412 alibi

1320 1439 1442 1478 saepe,
1467 1425 1650 1466 Romana
1665 1439 1778 1472 voce,
1806 1438 1894 1477 quae
1924 1425 2075 1465 Graecae
2097 1438 2158 1466 re·

1320 1480 1543 1532 sponderet,
1572 1480 1622 1518 ob
1641 1478 1965 1528 similitudinem3
1990 1491 2083 1519 narn
2114 1484 2159 1517 ut

1320 1533 1468 1585 Spartoe
1486 1533 1528 1572 in
1546 1530 1719 1584 ἐφορείῳ,
1746 1532 1801 1572 sic
1818 1531 1960 1576 Romae
1975 1531 2020 1571 in
2037 1531 2159 1573 comi·

1322 1585 1378 1625 tio
1410 1586 1580 1638 populus
1611 1584 1880 1625 conveniebat.
1935 1585 2098 1627 comitii
2122 1597 2160 1625 a.

1323 1651 1461 1678 vocem
1484 1639 1604 1679 habes
1631 1644 1674 1678 et
1690 1639 1797 1689 apud
1828 1638 2058 1685 Ciceronem
2089 1637 2160 1678 Or.

1324 1704 1394 1742 pro
1426 1691 1573 1738 Sextio,
1608 1691 1762 1731 Livium
1789 1690 1842 1738 xl,
1859 1694 1928 1733 29.
1968 1691 2074 1738 Ptin.
2102 1691 2161 1731 N.

1323 1744 1378 1837 Ig-
1406 1744 1512 1792 xviii,
1543 1749 1609 1786 15.
1645 1744 1771 1785 Tacit.
1789 1742 1898 1786 Anu.
1925 1744 2009 1792 xiii,
2025 1749 2094 1787 58.
2120 1749 2165 1786 et

1271 1811 1440 1890 congia
1457 1797 1665 1894 gmicorum
1687 1848 1793 1903 (scil.
1811 1848 1852 1894 in
1872 1849 2014 1902 quibus
2037 1849 2165 1903 agitur

1324 1904 1376 1943 de
1390 1903 1598 1944 amicorum
1611 1901 1888 1956 dignitatibus)
1913 1915 2003 1951 xxv,
2018 1906 2046 1945 4
2073 1903 2164 1957 (Ad

1325 1958 1411 1997 haec
1428 1957 1633 2004 ventitare,
1650 1956 1785 2008 ibique
1801 1955 2035 2008 petitionem
2047 1956 2166 1999 aurici

1326 2011 1555 2051 auctoritate
1585 2015 1627 2049 et
1657 2009 1839 2062 suffragio
1863 2009 2019 2062 juvare,
2045 2009 2165 2051 officii

1327 2069 1422 2107 erat.
1448 2062 1608 2115 Boecl.)

1275 2117 1529 2161 Commeare:
1568 2121 1788 2157 commeant
1819 2127 1954 2157 omnm
1988 2115 2064 2157 hac
2099 2116 2165 2156 via

1326 2170 1437 2217 xviii,
1480 2173 1507 2212 8
1552 2168 1771 2222 (quandam
1813 2169 2165 2219 consuetudinum

1327 2223 1597 2275 frequentiam,
1625 2222 1797 2262 studium
1813 2222 1888 2263 hac
1907 2234 2004 2263 voce
2019 2223 2164 2271 notari,

1327 2276 1506 2317 observat
1523 2275 1661 2317 Boecl.
1679 2275 1964 2317 Chrestomath.
1981 2274 2093 2328 Ter.)

1276 2329 1505 2369 Commeatu
1524 2327 1631 2367 omni
1648 2327 1796 2379 privare
1813 2328 1948 2367 urbem
1973 2326 2163 2380 (annonas

1330 2379 1602 2432 subvectione)
1630 2379 1660 2426 i,
1691 2383 1718 2420 7
1764 2379 1855 2419 Sica
1884 2381 2162 2421 commeatibus

1329 2433 1499 2486 privatur
1529 2433 1665 2472 civitas
1695 2431 1960 2485 (intercipitur
1973 2432 2013 2473 ei
2030 2440 2165 2486 portus

1328 2492 1370 2527 et
1385 2486 1625 2527 subvehondi
1642 2485 1830 2538 facultas)
1856 2485 1936 2533 xix,
1948 2489 1977 2527 2

1276 2538 1583 2581 Commemoravi
1600 2539 1652 2578 de
1670 2551 1718 2577 eo
1735 2550 1852 2590 supra
1864 2537 1982 2592 (dixi,
1994 2538 2167 2592 narravi)

1330 2606 1370 2640 x,
1387 2596 1415 2635 6
1440 2597 1758 2635 commemoratur
1786 2593 1862 2632 hoc
1890 2590 1933 2631 in
1961 2592 2167 2634 virtutibus

1330 2644 1512 2697 alicujus,
1531 2645 1650 2684 Praef.

1279 2699 1562 2742 Commendare
1605 2697 1722 2737 alicui
1766 2711 1926 2750 regnum
1979 2697 2167 2752 (undere.

1332 2764 1591 2794 successorem
1622 2750 1773 2802 facere)
1810 2751 1920 2798 xviii,
1935 2754 1964 2793 2
2003 2751 2168 2805 (dicitur

1331 2818 1380 2846 ea
1396 2805 1450 2852 vi,
1477 2817 1556 2858 qua
1573 2804 1744 2844 morituri
1761 2804 2066 2845 necessitudines
2078 2817 2168 2846 suas

1331 2859 1486 2911 aliaque
1523 2858 1656 2898 amicis
1687 2858 1957 2899 commendare
1981 2857 2167 2899 diceban-

1298 2950 1301 2953 .
1331 2919 1415 2951 tur:
1438 2911 1519 2952 vid.
1536 2910 1707 2951 Brisson.
1734 2910 1903 2951 Formul.
1921 2914 1963 2952 7.
1988 2910 2168 2953 Boecler.

1331 2965 1487 3004 Terent.
1529 2964 1609 3005 Ad.
1638 2963 1694 3010 iii,
1711 2968 1753 3010 5,
1772 2967 1822 3004 11
1852 2963 1950 3004 ‘ille
1980 2963 2053 3005 tibi
2082 2977 2167 3004 mo·

1333 3018 1435 3060 riens
1451 3030 1524 3057 nos
1540 3016 1853 3057 commendavit)
1907 3015 2026 3058 Adde
2049 3016 2167 3059 Thes.

1331 3068 1563 3122 BuchnerI).
1607 3069 1892 3110 commendatio
1937 3075 2047 3113 unta
2089 3070 2165 3111 oris

1333 3129 1452 3176 atque
1482 3121 1666 3163 orationis
1684 3128 1728 3162 ut
1753 3123 1822 3170 vii,
1841 3127 1864 3164 1
1893 3121 1967 3177 (de
1991 3122 2167 3165 antimo

1332 3177 1604 3218 commendata
1637 3175 1782 3216 viribus
1815 3176 1994 3223 actionis,
2028 3180 2074 3220 ut
2106 3175 2166 3217 lo-

1331 3230 1463 3282 quitur
1492 3229 1660 3276 Quintil.
1685 3229 1739 3275 xi,
1762 3232 1802 3270 8.
1827 3229 2071 3281 naturalique
2083 3228 2167 3268 vnl-

1333 3289 1396 3322 tus
1425 3283 1548 3335 gratia
1577 3289 1617 3322 et
1644 3282 1921 3334 pronuntiandi
1936 3280 2167 3323 excellentia

1332 3336 1488 3376 valente
1505 3350 1516 3376 z
1539 3349 1579 3376 v·
1598 3335 1760 3377 Cresoll.
1788 3335 1856 3375 lib.
1870 3337 1912 3376 2.
1939 3333 2078 3374 Vacat.
2097 3346 2167 3374 au·

1333 3390 1496 3430 tumnal.
1530 3402 1572 3441 p.
1606 3391 1700 3430 218.
1726 3387 1864 3430 Boecl.
1893 3385 2032 3426 Tacito
2060 3386 2166 3427 Hist.

1334 3443 1390 3489 iii,
1410 3447 1446 3483 1.
1473 3448 1534 3482 est
1560 3447 1572 3466 ⁸
1586 3443 1702 3483 decor
1715 3439 1841 3493 oris')z
1858 3440 2163 3481 commendatio-
