2306 3900
270 247 389 301 lviii

309 383 406 436 cipit
446 382 551 429 xviii,
583 385 607 421 7
670 381 820 433 imperii
869 380 1140 428 auctoritatem

311 439 416 490 apud
447 450 536 476 suos
563 442 783 479 commento
799 441 1013 481 assecutus,
1043 435 1140 474 ibid.

310 491 433 531 vincit
460 489 704 541 Antigonum
744 488 852 537 xviii,
873 493 898 529 8
937 487 1145 528 veterano-‘

311 559 392 584 rum
412 544 570 583 licentia
583 543 806 596 impeditur,
838 543 936 583 ibid.
973 542 1142 595 Antigo-

305 609 399 638 num
417 598 694 637 adventantem
710 597 864 636 deludit
886 603 968 638 arte
988 597 1096 644 xviii,
1116 601 1144 638 9

311 652 376 692 cui
391 652 552 704 perfidia
580 651 744 690 militum
770 651 928 690 deditur
965 650 1074 698 xviii,
1091 653 1144 692 10

313 713 354 746 et
389 711 656 746 conservasset
683 705 764 752 ille,
792 705 889 744 ibid.
940 705 1015 744 nisi
1045 704 1146 744 invi·

312 761 379 800 dia
401 758 553 800 consilii
580 759 699 798 totius
715 757 933 798 obstitisset
969 759 1076 805 xviii,
1093 762 1146 799 12

312 814 430 866 igitur
454 814 494 852 in
525 814 660 852 duram
693 812 911 852 custodiam
942 812 1147 864 conjectus

314 867 424 915 xviii,
444 871 492 908 ll
533 867 724 906 insciente
741 867 913 917 denique
943 867 1146 918 Antigono

313 921 542 961 interficitur
556 921 662 968 xviii,
676 924 730 961 12
757 927 798 959 et
812 922 861 966 ab
873 932 920 959 eo
936 919 1147 960 honorifice

312 976 514 1015 funeratur
539 974 646 1021 xviii.
661 978 712 1014 13

262 1030 458 1069 Eumenes
469 1041 535 1068 rex
556 1029 819 1081 Pergamenus
833 1025 1036 1067 Romanus
1052 1028 1149 1067 ami·

313 1096 383 1123 cus
402 1081 590 1136 (vincitur
604 1088 689 1122 astu
702 1081 955 1134 Hannibalis)
973 1081 1082 1128 xxiii,
1098 1085 1145 1122 11

263 1137 511 1190 Eumolpidae
549 1135 617 1182 vii,
634 1140 661 1177 4
701 1135 872 1189 (familia
905 1136 1147 1175 sacerdotum

315 1191 464 1230 Athen.
504 1191 553 1230 ab
582 1189 777 1241 Eumolpo
807 1189 928 1237 dicta,
969 1203 1069 1242 quos
1109 1196 1149 1230 et

316 1244 484 1285 concilio
514 1244 674 1298 publico
693 1243 904 1295 aliquando
934 1243 1150 1296 praefuisse,

317 1305 452 1338 auctor
466 1305 527 1338 est
542 1298 658 1338 Alex.
686 1299 736 1337 ab
747 1297 862 1337 Alex.
889 1298 942 1344 iv,
964 1301 1028 1338 11.
1048 1299 1151 1338 adde

319 1352 459 1392 Lamb.
491 1353 533 1392 in
557 1354 597 1392 h.
617 1352 643 1391 l.
663 1352 815 1391 Meurs.
842 1351 1017 1392 Eleusin.
1059 1365 1148 1405 cap.

321 1409 385 1447 13.
413 1412 454 1446 et
472 1407 642 1446 Loceen.
658 1405 773 1456 Ind.)

267 1460 442 1500 Evocare
459 1459 628 1512 aliquem
646 1458 807 1512 (accire,
838 1458 888 1498 ad
920 1472 960 1498 se
993 1458 1153 1511 vocare)

322 1515 376 1561 ix,
389 1519 412 1555 5
443 1513 585 1566 (alibit
621 1512 770 1563 excire)

267 1566 426 1620 Europa
440 1570 541 1621 (una
553 1567 709 1608 etribus
728 1566 822 1605 Orb.
852 1571 934 1605 vet.
959 1564 1154 1618 partibus)

320 1622 350 1668 i,
379 1626 419 1662 3.
452 1622 525 1671 xii,
554 1624 594 1661 2.
622 1621 664 1666 ii,
693 1624 719 1660 2
749 1619 918 1671 Europae
948 1620 1156 1659 succubuit

321 1674 421 1715 Asia
438 1675 511 1730 (de
528 1673 754 1715 Graecorum
771 1673 939 1725 viribus)
966 1671 1008 1720 ii,
1027 1677 1050 1712 5
1091 1673 1153 1726 (v.

322 1728 420 1768 Asia

270 1728 454 1835 Europaii
473 1781 681 1827 adversarii
709 1782 781 1836 (ab
815 1780 974 1833 Europa
1006 1779 1158 1832 hostes)

325 1837 433 1884 xviii,
452 1840 477 1878 3

270 1890 521 1944 Eurybiades
535 1903 599 1930 rex
617 1889 1004 1930 Lacedaemoniorum
1030 1888 1072 1935 ii,
1087 1892 1113 1928 4

272 1943 472 1997 Eurydice
484 1950 605 1983 mater
621 1944 821 1984 Perdiccae
835 1949 876 1982 et
894 1942 1072 1996 Philippi
1091 1942 1161 1990 ii,3

273 1998 556 2052 Eurysthenes‚
572 2011 636 2038 rex
655 1998 783 2050 Spart.
812 1997 907 2046 xvii,
924 2001 962 2037 l.
977 2000 1003 2038 7

272 2052 332 2091 Ex
351 2052 530 2106 (originis
559 2051 884 2105 significationem
917 2052 1052 2098 habet,
1084 2050 1164 2090 sive

328 2111 366 2147 l.
395 2103 654 2146 Nativitatem
666 2105 831 2158 alicujus
843 2105 1049 2159 exprimas,
1074 2104 1139 2158 ut)
1155 2119 1164 2142 ε

328 2174 376 2200 ex
387 2160 503 2201 fratre
525 2167 567 2200 et
585 2173 713 2200 sorore
729 2161 812 2199 uati
837 2158 917 2206 xiv,
936 2163 963 2200 2
990 2158 1104 2212 (Sive
1122 2163 1163 2201 2.

330 2215 498 2255 Causam
517 2215 587 2261 rei,
605 2214 669 2267 ut)
686 2229 696 2252 :
727 2227 806 2267 qua
823 2227 873 2253 ex
891 2227 932 2253 re
951 2212 1163 2264 majoribus

327 2269 442 2308 rebus
457 2281 622 2320 praeesse
636 2269 770 2320 coepit,
783 2266 878 2306 ibid.
899 2279 976 2319 qua
987 2267 1166 2306 exreira·

330 2329 409 2368 tus,
421 2321 592 2373 privatus
613 2322 653 2360 in
665 2323 759 2360 urbe
773 2321 914 2360 mansit
925 2321 1028 2367 xxiv,
1042 2324 1069 2361 2
1088 2331 1167 2372 qua

331 2389 378 2414 ex
410 2387 451 2413 re
481 2375 623 2414 nobilis
653 2375 752 2413 inter
779 2374 949 2424 aequales
973 2373 1167 2413 ferebatur

331 2442 424 2475 xxv,
437 2433 458 2468 1
475 2428 567 2481 (ubi
585 2434 596 2452 ⁴
611 2441 691 2482 qua
707 2441 754 2467 ex
774 2427 826 2467 re'
842 2426 992 2480 integre
1008 2426 1167 2478 ponitur

329 2496 399 2535 pro
414 2488 427 2506 ‘
441 2482 587 2535 quare,'
597 2483 623 2521 i.
640 2496 676 2522 e.
691 2483 741 2521 ob
752 2494 870 2534 quam
881 2494 1050 2521 causam.
1058 2479 1142 2532 Sic)
1157 2495 1166 2518 :

331 2549 378 2576 ex
399 2549 478 2589 quo
503 2536 661 2583 accidit,
692 2542 735 2574 ut
752 2534 904 2588 (unde)
922 2549 1011 2582 xxv,
1029 2538 1084 2576 20
1119 2548 1166 2574 ex

333 2603 413 2643 quo
444 2590 578 2636 fiebat,
614 2597 658 2629 ut
687 2589 755 2637 vii,
774 2593 799 2631 7
829 2602 908 2642 qua
939 2603 985 2629 ex
1016 2601 1055 2627 re
1084 2600 1168 2628 cre·

335 2651 443 2684 verat
455 2657 544 2683 cum
562 2644 679 2691 fama,
710 2650 791 2682 tum
807 2643 964 2695 opibus,
983 2642 1082 2682 ibid.
1116 2655 1165 2681 ex

334 2711 382 2737 eo
396 2698 511 2737 facile
523 2697 667 2749 conjici
687 2697 831 2750 poterit
845 2697 928 2744 xiii,
942 2701 969 2738 4
988 2710 1036 2737 ex
1055 2697 1169 2750 quib.

336 2752 452 2791 civib.
481 2752 532 2791 de
545 2751 684 2791 ceteris
703 2758 864 2803 possent
876 2751 1055 2803 judicare
1101 2764 1166 2796 xv,

334 2809 362 2846 6
390 2819 438 2845 ex
457 2806 508 2845 ali
539 2818 588 2845 ua
602 2819 642 2845 re
674 2805 838 2857 adipisci
866 2805 1027 2858 gloriam
1055 2805 1123 2852 xii,
1141 2808 1167 2844 2

334 2859 446 2912 (Sive
461 2863 501 2900 3.
510 2819 697 2907 {editum
716 2858 779 2912 ut)
796 2874 805 2898 :
825 2872 872 2900 ex
887 2858 1052 2899 metallis
1069 2859 1171 2899 redit

334 2911 505 2964 pecunia
522 2913 680 2966 publica
706 2913 748 2961 ii,
768 2917 794 2953 2
830 2925 879 2953 ex
908 2912 1074 2953 metallis
1100 2926 1168 2965 pe-

339 2967 474 3006 cunias
506 2979 664 3019 magnas
691 2967 820 3007 facere
865 2980 904 3014 ν,
921 2971 942 3007 1
991 2980 1038 3006 ex
1059 2967 1170 3006 novis

337 3020 594 3072 vectigalibus
626 3026 669 3059 ut
695 3027 799 3060 esset
829 3020 1010 3072 pecunia,
1038 3020 1170 3060 effecit

338 3074 448 3121 xxiii,
467 3078 492 3115 ⁷
506 3074 615 3128 (Sive
627 3078 667 3116 4.
679 3074 850 3121 Sumtus,
871 3074 934 3127 ut)
950 3087 1023 3113 rex
1037 3074 1171 3125 praeda

339 3129 533 3180 tripodem
549 3141 705 3168 aureum
731 3128 898 3181 Delphis
914 3128 1046 3181 posuit
1071 3128 1124 3175 iv,
1146 3132 1167 3169 1

340 3194 388 3220 ex
423 3183 594 3222 hostium
621 3182 753 3235 praeda
794 3195 922 3222 muros
971 3182 1171 3222 restituere

342 3234 424 3280 xiii,
443 3239 470 3276 4
516 3250 563 3275 ex
589 3248 658 3277 sua
683 3248 723 3275 re
751 3236 929 3276 familiari
954 3250 1007 3278 m.
1051 3234 1172 3280 restit.

342 3287 439 3327 ibid.
486 3302 532 3328 ex
559 3303 629 3330 sua
657 3305 697 3331 re
724 3290 901 3330 familiari
926 3290 1059 3337 dabat,
1083 3302 1172 3342 quae

344 3341 477 3381 amicis
492 3356 591 3394 opus
602 3346 754 3384 fuerant
792 3358 880 3392 xxv,
899 3348 923 3385 7
972 3357 1018 3384 ex
1036 3357 1172 3383 manu-

343 3392 420 3435 biis
445 3408 578 3436 ornare
609 3411 737 3438 arcem
779 3412 817 3445 v,
837 3402 864 3439 2
922 3412 970 3437 ex
1005 3398 1175 3449 pecunia

347 3448 505 3500 publica
523 3449 683 3490 classem
704 3451 895 3491 aedificare
908 3453 986 3505 (sic
1003 3465 1044 3504 q.
1057 3452 1171 3494 edd.:

347 3515 420 3541 nos
437 3501 521 3543 sine
534 3505 794 3556 provocabulo
812 3506 1020 3551 edidimus,
1039 3517 1088 3545 ea
1105 3517 1173 3557 pe-

350 3555 487 3610 cunia)
504 3557 547 3605 ii,
562 3561 589 3600 2
618 3558 729 3612 (Sive
747 3564 787 3598 5.
812 3571 931 3598 unum
944 3565 1013 3597 aut
1026 3558 1175 3612 aliquot

1078 254 1279 297 rNDEx

1258 392 1282 416 e
1299 377 1444 426 multis,
1475 378 1566 430 ut):
1596 390 1642 416 ex
1659 377 1812 429 ephoris
1839 376 2001 429 quidam
2019 377 2101 418 lure

1261 433 1548 473 descenderunt
1575 433 1627 478 iv,
1648 435 1672 471 4
1700 430 1992 484 Tissaphernes,
2026 432 2098 483 qui

1258 500 1309 526 ‘ex
1327 486 1473 526 intimis
1492 486 1592 539 regis
1610 487 1660 524 ab
1690 485 1862 524 amicitia
1880 484 1966 537 ejus
1985 485 2094 525 defe-

1261 547 1366 582 cerat
1392 541 1446 587 ix‚
1465 544 1492 582 2
1533 554 1579 580 ex
1597 540 1656 579 his
1675 540 1791 579 rebus
1807 539 1991 578 memoria
2009 539 2096 591 dig-

1262 595 1323 634 nis
1341 593 1471 635 elucet
1481 595 1645 633 maxime
1659 594 1862 633 inventum
1875 593 1976 645 ejus,
1989 595 2096 644 quod

1262 649 1336 689 &c.
1351 650 1417 696 xii,
1435 653 1456 689 1
1471 648 1583 702 (Sive
1595 652 1634 689 6.
1648 654 1791 687 statum
1806 647 1987 699 priorem,
2003 646 2067 699 ut)
2087 662 2096 684 ε

1263 717 1311 742 ex
1342 704 1486 756 hyeme
1516 703 1688 755 marique
1719 701 1928 753 scopuloso
1958 713 2098 740 navem

1264 770 1414 796 servare
1452 770 1544 802 xxv,
1576 760 1629 796 10
1670 769 1719 795 ex
1747 754 1927 807 procellis
1953 755 2099 797 civilib.

1263 813 1317 849 ad
1345 808 1655 849 incolumitatem
1686 808 1878 861 pervenit,
1914 803 2013 849 ibid.
2050 822 2100 848 ex

1264 863 1368 903 bello
1399 863 1523 901 otium
1552 862 1688 901 insulae
1713 861 1940 906 conciliavit
1982 876 2046 909 xx,
2073 866 2099 903 3

1265 917 1352 971 (Sic
1379 916 1580 956 Velleius:
1615 922 1626 938 ⁰
1641 930 1688 956 ex
1721 915 1926 956 consulatu
1944 916 2101 955 sortitus

1263 976 1326 1010 est
1354 971 1503 1010 Asiam'
1542 969 1586 1017 ii,
1618 973 1687 1017 33,
1715 974 1754 1011 1.
1789 975 1801 993 ‘
1828 982 1883 1009 ex
1895 969 2101 1018 consulatu

1248 1025 1471 1069 ,obtinebat
1488 1023 1732 1076 Hispaniam’
1775 1022 1819 1069 ii,
1849 1023 1919 1068 78.
1951 1027 1992 1064 3.
2034 1024 2102 1063 ubi

1266 1079 1430 1118 Vossius
1445 1085 1454 1101 ‘
1470 1093 1516 1118 ex
1530 1077 1748 1118 consulatu’
1756 1077 1861 1118 male
1872 1077 2102 1130 interpreta-

1270 1141 1332 1173 tur
1361 1132 1542 1173 ‘consuL'
1573 1132 1652 1172 vid.
1678 1131 1798 1172 Thes.
1842 1131 2000 1171 Buchn.
2044 1131 2103 1173 sie

1265 1186 1477 1227 Suetonius
1491 1193 1531 1226 et
1548 1186 1613 1225 alii
1632 1199 1751 1238 saepe.
1772 1186 1852 1224 vid.
1868 1185 2007 1225 Boecl.
2019 1185 2106 1225 ind.

1266 1240 1410 1281 Vellei.
1453 1255 1490 1279 v.
1519 1239 1602 1292 Ex)
1631 1240 1743 1293 (Sive
1762 1244 1803 1280 7.
1830 1238 2004 1279 Patriam
2034 1245 2104 1279 aut

1267 1295 1411 1343 locum,
1425 1295 1490 1348 ut)
1506 1310 1516 1333 ε
1537 1308 1584 1333 ex
1596 1293 1768 1334 Arcadia
1786 1294 1929 1346 hospes
1946 1292 2108 1346 quidam

1267 1355 1350 1389 erat
1368 1362 1456 1389 cum
1489 1362 1536 1388 eo
1576 1348 1646 1395 vii,
1674 1351 1726 1389 10
1765 1347 1854 1402 (ubi
1884 1354 2016 1387 tamen
2038 1347 2104 1389 alii

1269 1402 1454 1442 omittunt
1473 1402 1800 1454 praepositionem.
1841 1400 1905 1442 Sic
1921 1401 2011 1441 'rhu
2051 1402 2107 1440 'd-

1270 1457 1314 1496 ἐκ
1332 1457 1620 1506 Λακεδαίμωνος
1649 1454 1884 1495 Παυσανίας.
1914 1453 1965 1493 Χί
1996 1455 2036 1494 hi
2053 1453 2109 1494 in.

1271 1508 1429 1562 Σέξτος,
1459 1512 1482 1550 ὁ
1501 1511 1546 1550 ἐκ
1563 1510 1736 1550 Βοιωτῶν
1752 1468 2008 1561 φιλόσοφοςς.
2040 1508 2108 1548 ille

1270 1577 1320 1603 ex
1351 1564 1497 1604 ultimis
1528 1564 1637 1604 terris
1657 1564 1859 1603 certiorem
1883 1562 1980 1603 fecit
2001 1561 2107 1602 Atti-

1271 1630 1361 1656 cum
1389 1631 1478 1664 xxv,
1497 1621 1551 1657 20
1593 1616 1672 1668 (sic
1701 1617 1808 1656 enim
1827 1617 1985 1669 legend.
2007 1627 2106 1668 pro:

1272 1670 1362 1710 exul
1395 1677 1477 1711 tum
1496 1671 1555 1710 his
1572 1669 1715 1724 terris).
1742 1683 1790 1710 ex
1808 1670 1937 1710 insula
1952 1667 2110 1723 conspi-

1272 1726 1446 1765 ciebatur
1465 1725 1575 1764 lucus
1601 1723 1632 1770 i,
1651 1728 1676 1765 7
1705 1737 1754 1764 ex
1772 1736 1852 1776 quo
1871 1724 1959 1778 loco
1978 1730 2112 1777 posset

1273 1779 1413 1826 audiri,
1447 1779 1480 1819 si
1508 1778 1596 1830 quis
1624 1778 1720 1831 quid
1753 1777 1986 1830 loqueretur*
2002 1779 2056 1826 iv,
2082 1782 2108 1819 4

1274 1846 1322 1872 ex
1351 1834 1528 1885 proximo
1558 1833 1689 1872 locum
1719 1832 1798 1872 fors
1816 1831 1960 1872 obtulit
1984 1833 2064 1880 xvi,
2082 1836 2110 1873 2

1246 1916 1250 1918 -
1275 1901 1322 1926 ex
1352 1888 1448 1940 fuga
1474 1886 1654 1939 plerique
1686 1899 1729 1926 se
1761 1886 1804 1925 in
1821 1886 2012 1939 templum
2028 1885 2112 1927 Mi-

1275 1954 1405 1981 nervae
1418 1941 1674 1993 conjecerunt
1691 1939 1785 1988 xvii,
1803 1942 1831 1981 4
1859 1953 1909 1980 ex
1921 1953 2002 1980 una
2017 1940 2114 1979 urbe

1276 2001 1409 2035 nostra
1441 2001 1564 2035 totam
1607 1993 1801 2035 Graeciam
1845 1994 2005 2035 liberavi
2038 1993 2112 2047 (de

1277 2049 1402 2102 copiis
1420 2063 1467 2089 ex
1487 2062 1566 2088 una
1583 2049 1676 2089 urbe
1691 2047 1848 2101 petitis)
1862 2061 1926 2096 xv,
1940 2052 1964 2088 5
1985 2047 2115 2102 (Sive.

1277 2103 1465 2156 denique,
1497 2104 1684 2150 Modum,
1717 2101 1810 2155 ut):
1839 2115 1887 2142 ex
1921 2102 2114 2142 sententis

1277 2158 1392 2197 rebus
1407 2158 1573 2211 peractis
1591 2157 1662 2210 (ex
1679 2153 1796 2209 voto)
1823 2155 1917 2203 xxii,
1931 2159 1956 2197 3
1985 2156 2114 2195 minus

1280 2225 1329 2250 ex
1363 2212 1559 2252 sententia
1586 2224 1665 2251 rem
1694 2217 1864 2263 gesserat
1906 2210 1977 2258 vii,
1990 2213 2019 2252 ,7
2067 2223 2114 2249 ex

1280 2266 1433 2304 consilii
1450 2266 1644 2305 sententia
1660 2265 1701 2303 in
1720 2264 1938 2305 custodiam
1954 2263 2115 2316 conjec-

1281 2325 1342 2356 tus
1388 2321 1466 2366 xix,
1502 2323 1526 2358 3
1588 2332 1640 2357 ex
1682 2331 1789 2358 more
1821 2318 2026 2358 Persarum
2063 2318 2115 2355 ad

1283 2372 1546 2411 Cliiliarchum
1566 2372 1730 2411 accessit
1773 2371 1827 2416 ix,
1846 2375 1870 2412 3
1914 2384 1964 2410 ex
1997 2378 2115 2423 pacto

1245 2462 1249 2465 .
1282 2427 1470 2475 postulat,
1490 2431 1535 2464 ut
1562 2424 1687 2477 (κατὰ
1703 2423 1920 2478 συνθήκην)
1936 2425 1975 2471 ·i,
1995 2428 2022 2465 2
2067 2438 2114 2464 ex

1281 2478 1447 2518 Senatus
1479 2479 1659 2518 consulto
1700 2477 1762 2518 his
1796 2491 2023 2530 responsum
2057 2486 2117 2518 est

1282 2533 1389 2578 xxiii,
1407 2537 1432 2573 7
1475 2546 1524 2572 ex
1549 2531 1696 2572 foedere
1730 2532 1898 2584 pecunia
1926 2531 2117 2571 Romanis

1282 2588 1542 2638 pendebatur,
1564 2586 1669 2626 ibid.
1709 2586 1775 2639 (in
1809 2585 1951 2638 quibus
1986 2591 2118 2626 tamen

1282 2641 1457 2693 quinque
1479 2641 1625 2679 ultimis
1650 2640 1839 2692 exemplis
1865 2640 1982 2680 etiam
2000 2651 2118 2680 causa

1282 2695 1376 2734 facti
1396 2695 1508 2734 simul
1529 2693 1711 2746 affertur)
1831 2729 1834 2732 .

1227 2746 1376 2788 Exacui
1392 2749 1447 2788 ira
1459 2749 1633 2801 (irritari,
1648 2747 1864 2807 exasperari
1880 2762 1890 2786 :
1910 2748 2120 2801 respondet

1283 2801 1423 2842 Graeco
1440 2801 1735 2856 παροξύνεσθαι)
1762 2800 1844 2850 xix,
1861 2805 1889 2842 4

1229 2855 1494 2897 Exadversum
1528 2857 1706 2896 Athenas
1737 2856 1783 2909 (e
1823 2855 1997 2908 regione,
2047 2853 2118 2894 Gr.

1284 2909 1441 2963 ἀντικρὺ
1452 2908 1639 2964 Ἀθηνῶν)
1652 2910 1696 2958 ii,
1708 2913 1733 2950 3
1753 2909 1993 2962 (Terentius,
2010 2921 2123 2948 nunc

1285 2977 1373 3003 cum
1406 2964 1555 3004 Dativo
1572 2964 1775 3011 construit,
1807 2975 1913 3002 nunc
1941 2962 2119 3002 absolute

1284 3025 1459 3071 usurpat.
1531 3018 1670 3058 Cicero
1715 3017 1814 3056 dixit
1866 3017 2119 3063 exadversus,

1283 3074 1484 3125 quomodo
1513 3079 1555 3111 et
1586 3071 1780 3122 Noster):
1812 3083 1902 3111 curn
1932 3071 2118 3110 exadver-

1285 3140 1352 3166 sus
1381 3126 1668 3179 Thrasybulum
1703 3125 1910 3165 fortissime
1928 3136 1983 3176 pu
2038 3130 2120 3163 aret

1286 3180 1534 3233 (quanquam
1548 3179 1762 3219 obsistendi
1777 3179 1997 3232 significatu
2036 3175 2118 3223 viii,

1287 3239 1313 3275 2
1343 3234 1548 3286 (Ceterum
1567 3234 1662 3272 alibi
1679 3234 1734 3272 ita
1751 3231 1918 3285 Noster)
1935 3246 1946 3271 x
1978 3243 2026 3270 ex
2046 3231 2118 3268 ad-

1285 3302 1394 3328 verso
1415 3287 1516 3327 Padi
1547 3288 1680 3327 fauces
1704 3287 1802 3341 (nisi
1830 3287 1930 3326 forte
1945 3284 2120 3336 leg..ex·

1284 3341 1503 3396 adversus),
1517 3341 1579 3381 Fr.
1591 3346 1632 3383 7.
1936 3365 1938 3368 -

1233 3397 1462 3448 Exagitatus
1508 3394 1719 3436 a-Groecia
1760 3393 1804 3440 ii,
1851 3396 1879 3433 9
1941 3389 2119 3444 (Butbn.

1286 3450 1495 3502 Thesaur.)

1232 3503 1456 3543 Exanimari
1470 3502 1545 3555 (de
1559 3498 1770 3552 moriente)
1796 3512 1860 3544 u,
1873 3502 1903 3538 9

1234 3557 1461 3598 Exardescit
1476 3556 1621 3595 bellum
1649 3554 1740 3601 xxii,
1759 3557 1785 3594 2
1814 3552 1901 3606 (Sic
1917 3551 2043 3593 Tacit.
2064 3552 2121 3593 H..
