2306 3900
287 250 397 303 626

287 380 444 423 Siciliae
483 379 635 420 tabulis
667 379 890 420 inventum
937 384 1032 420 estt
1081 381 1170 420 Ex-

288 454 509 484 ·rmc’roru
546 443 856 484 TvnaumcAE.
914 443 1041 486 Quod
1078 443 1174 484 sine

289 506 418 547 dubio
434 505 698 547 Timoleonti
717 512 912 547 erectum
931 512 1012 547 est.
1031 507 1171 547 Ernst.

341 571 491 610 Maluit
523 583 563 610 se
580 570 713 621 diligi,
740 583 854 623 quam
885 571 1027 623 metui]
1070 571 1170 613 Jus-

290 633 368 673 tin.
399 633 474 674 lib.
493 645 560 675 lx.
584 637 624 674 9.
669 633 846 674 ‘Amari
878 639 1004 686 pater
1033 634 1173 686 malle,

288 695 359 735 hic
381 695 546 737 metui.’
593 696 705 737 Vide
724 697 991 750 Berneggeri
1006 699 1170 741 Quaest.

291 760 476 801 Miscell.
495 763 589 801 207.
617 766 664 802 et
696 762 916 802 Forstner.
949 761 1005 801 ad
1032 760 1170 801 Tacit.

291 820 405 863 Ann.
425 835 485 864 v1.

364 887 504 939 Neque
528 890 662 938 postea
698 886 925 940 Syracusis]
989 887 1172 927 Brevius

289 950 384 991 haec
403 950 538 992 Attic.
563 951 720 992 ‘Hunc
750 951 793 990 in
827 950 941 990 omni
972 961 1174 1002 procura-

289 1013 406 1056 tione
427 1013 610 1064 reipubl.
640 1019 831 1053 actorem
869 1018 1174 1066 auctoremque

289 1074 537 1116 habebant.'
569 1075 695 1115 Gebh.

346 1137 457 1178 CAP.
470 1139 510 1177 4.
551 1135 648 1177 Sine
666 1138 744 1177 ullo
771 1136 901 1177 morbo
922 1137 1070 1177 lumina
1086 1149 1174 1178 ocu-

289 1201 414 1240 lorum
431 1200 582 1252 amisit]
609 1201 890 1241 Plutarchus:
916 1201 990 1249 ἤδη
1006 1199 1174 1253 πρεσβύ-

288 1277 398 1315 τερος
423 1261 476 1302 ὢν
492 1262 752 1314 ἀπημβλύνθη
779 1263 853 1312 τὴν
871 1264 971 1316 ὄψιν,
1000 1262 1085 1304 εἶτα
1110 1280 1174 1305 τε-

289 1324 387 1366 λέως
407 1325 579 1379 ἐπηρώθη
603 1327 688 1377 μετ’
716 1326 863 1377 ὀλίγον.
919 1329 998 1369 Est
1029 1333 1175 1369 autem

290 1388 496 1437 διαστολή.
551 1390 663 1430 Sunt
695 1390 806 1430 enim
835 1390 1020 1431 ‘lumina
1039 1390 1174 1441 solis‚'

289 1453 301 1474 ‘
322 1453 481 1492 lumina
501 1452 630 1494 vitae.'
678 1454 854 1494 Luci-et.
870 1454 944 1493 lib.
965 1464 1034 1494 111.
1064 1453 1076 1474 ‘
1090 1454 1174 1493 Lu-

294 1515 407 1555 mina
426 1515 483 1557 sis
505 1515 672 1567 oculis,'
700 1515 742 1555 id
764 1521 849 1567 est,
878 1527 1049 1556 suorum
1077 1527 1175 1556 ocu-

290 1578 445 1630 lorum,
484 1584 532 1619 ut
569 1579 883 1631 interpretatur
929 1578 1174 1619 Lambinus.

294 1643 457 1694 Multos
489 1642 560 1695 qui
599 1646 646 1681 et
675 1640 809 1682 oculis
845 1641 967 1693 capti
998 1640 1176 1692 fuerint,

292 1706 598 1758 moderateque
643 1716 740 1744 eum
789 1716 935 1744 casum
982 1704 1177 1757 tulerint,

293 1772 517 1809 enumerat
532 1769 686 1809 Cicero
705 1767 882 1807 Tuscul.
902 1778 946 1807 v.
967 1771 1012 1808 et
1033 1766 1172 1807 Mare.

291 1831 570 1883 Spalatensis.
591 1830 754 1871 ‘Sc-hott.

350 1895 538 1935 Veniebat
568 1898 701 1934 autem
730 1893 772 1934 in
799 1893 1015 1946 theatrum]
1060 1893 1173 1934 Nam

295 1957 462 1998 Graecis
499 1962 545 1997 et
594 1956 917 1997 Graeciensibus
958 1956 1174 2013 plerisque

292 2021 506 2062 theatrum
521 2031 599 2072 pro
613 2019 747 2071 curia,
759 2017 872 2072 foro,
885 2019 1060 2060 comitio
1076 2019 1173 2060 fuit.

290 2084 404 2124 Vide
423 2083 615 2135 Lipsium
633 2082 686 2122 ad
703 2081 848 2123 Taciti
866 2092 917 2123 11.
937 2081 1053 2123 Hist.
1068 2082 1176 2123 Ber·

294 2159 423 2199 negg.
444 2146 496 2186 ad
526 2145 684 2188 Justin.
707 2156 825 2186 xxu.
843 2148 883 2186 2.
924 2145 995 2186 J0.
1018 2146 1176 2186 Pricae-

292 2223 363 2251 um
384 2215 474 2250 not.
495 2209 549 2249 ad
572 2208 721 2250 Actor.
743 2220 844 2249 xix.
862 2211 930 2249 29.
951 2209 1111 2250 Bosius.

355 2273 523 2324 Propter
540 2272 799 2313 valetudinem
829 2276 960 2311 vectus
985 2272 1178 2321 ‚iumentis

282 2334 455 2386 junctis]
502 2335 645 2386 Supra
675 2335 717 2374 in
753 2335 1001 2375 Phocione:
1049 2335 1061 2357 ‘
1079 2347 1177 2375 cum

293 2403 476 2450 propter
492 2403 666 2439 aetatem
687 2397 871 2448 pedibus
881 2397 974 2450 jam
995 2409 1081 2439 non
1104 2410 1174 2438 va-

293 2461 420 2511 leret,
437 2460 716 2512 vehiculoque
735 2459 1011 2511 portaretur!
1032 2460 1174 2501 Suvar.

291 2523 341 2563 ‘O
360 2521 401 2563 δὲ
421 2521 668 2574 κομιζόμενος
684 2522 730 2563 δι’
748 2522 891 2575 ἀγορᾶς
918 2521 981 2563 ἐπὶ
999 2521 1178 2576 ζεύγους,

293 2586 387 2641 πρὸς
430 2585 478 2625 τὸ
516 2584 674 2639 θέατρον
711 2584 926 2639 ἐπορεύετο.
972 2588 1176 2629 Plutarch.

294 2649 452 2691 Similis
471 2647 640 2703 Appius
667 2649 878 2692 Claudius
898 2648 942 2691 iu
961 2649 1076 2691 Hist.
1095 2650 1178 2690 Ro-

294 2725 438 2754 mana.

350 2775 469 2816 Nihil
503 2774 608 2815 enim
638 2784 808 2827 uuquam
848 2786 968 2827 neque
998 2775 1178 2829 insolens,

292 2851 414 2892 neque
427 2837 660 2890 gloriosum]
707 2836 910 2878 Meminit
928 2838 974 2880 J.
1008 2837 1178 2891 Lipsius

297 2905 343 2948 in
360 2909 453 2948 not.
473 2904 527 2944 ad
547 2903 681 2944 Polit.
700 2902 776 2943 lib.
797 2914 848 2943 11.
868 2904 935 2944 15.

348 2967 401 3009 Se
417 2967 459 3011 in
477 2979 522 3009 ea
538 2979 582 3007 re
593 2966 688 3007 Diis
698 2966 904 3018 mximas,
916 2965 1006 3018 ξω]
1035 2966 1177 3008 Recte

294 3031 469 3073 additur
499 3030 765 3085 praepositio,
796 3041 893 3083 quae
924 3030 968 3069 in
1001 3030 1179 3070 novissi-

294 3095 375 3138 mis
404 3093 663 3137 editionibus
700 3104 784 3134 non
818 3098 1064 3144 comparet:
1093 3104 1178 3133 non

298 3159 412 3199 enim
431 3158 583 3199 dicunt
602 3157 764 3207 Latini,
786 3156 954 3196 Gratius
971 3168 1090 3206 agere
1104 3155 1178 3196 ali·

297 3235 370 3275 qua
389 3234 434 3262 re
445 3235 461 3270 ς
490 3221 565 3262 sed
583 3220 628 3263 in
645 3219 778 3272 aliqua
792 3230 836 3261 re
844 3231 860 3266 ;
875 3219 938 3270 de,
956 3224 1000 3257 et
1016 3230 1088 3270 pro
1099 3231 1116 3266 ‚·
1134 3218 1178 3257 in

296 3284 450 3335 quibus
470 3284 635 3325 voculae
661 3282 747 3322 illae
781 3282 894 3323 idem
916 3282 1030 3335 quod
1051 3293 1178 3334 prop·

298 3352 381 3387 ter.
436 3346 508 3385 Sic
536 3357 647 3386 xxv.
669 3349 735 3386 11.
764 3345 777 3367 ‘
795 3345 923 3385 Cavit
953 3357 1006 3384 ne
1037 3344 1180 3397 aliqua

296 3407 343 3451 in
362 3418 409 3448 re
428 3407 722 3459 plecteretur?
777 3408 847 3448 Sic
867 3419 927 3448 tv.
948 3411 988 3448 2.
1008 3407 1020 3430 ‘
1037 3407 1080 3447 in
1095 3419 1178 3460 quo

297 3468 415 3516 facto
430 3468 601 3514 domum
615 3473 858 3514 revocatus.
872 3480 937 3513 lv.
959 3474 995 3514 1.
1017 3481 1094 3512 xv.
1110 3472 1178 3513 10.

660 264 854 315 ἸΝΟΤΛΕ
894 263 1226 304 vARlORUM
1268 264 1334 304 {N
1376 266 1427 306 G.
1466 266 1729 305 Nsst’o'rls

1231 380 1246 404 ‘
1264 383 1518 433 reprehendi
1537 383 1581 423 in
1600 383 1742 436 aliqua
1760 380 1837 422 re!
1873 381 2066 423 Vorstius.

1284 443 1390 496 aigi]
1422 445 1524 486 Geri
1541 445 1641 486 Vct.
1661 445 1810 486 Codex
1830 449 1876 484 et
1893 445 2046 496 Ultnj.
2062 449 2110 486 ut

1234 519 1352 559 supr.
1371 507 1414 548 in
1432 509 1593 558 Dione,
1612 514 1657 548 et
1673 507 1812 549 Attici
1831 507 1932 547 vita.
1953 506 2111 548 Schott.

1279 571 1473 612 Sacellum
1480 571 1738 625 Αὐτοματίας]
1751 569 1987 622 Aoo-optari«,
1999 571 2112 611 Deoe

1233 644 1402 674 nomen.
1447 632 1559 676 Vide
1579 635 1862 676 Plutarchum
1879 633 1967 687 περὶ
1986 633 2114 686 elisap-

1232 695 1347 746 μένης
1363 711 1374 738 z
1394 703 1440 739 et
1458 699 1697 751 Gyraldum
1714 700 1757 738 in
1771 699 1889 740 Hist.
1903 699 2115 749 Deorum,

1233 761 1452 813 Syntagm.
1470 766 1538 803 16.
1592 762 1634 802 Ν
1638 774 1691 802 on
1707 767 1992 815 assequuntur
2009 772 2116 811 rem,

1233 823 1323 875 qui,
1354 835 1430 874 per
1450 835 1609 875 casum,
1638 824 1745 874 sive,
1781 829 1832 864 ut
1862 823 2113 874 Lambinus,

1234 896 1312 936 per
1330 896 1476 925 casum
1503 883 1746 937 fortuitum,
1776 890 1962 926 vertunt.
2018 885 2115 925 Me-

1234 947 1318 987 lius
1339 947 1582 999 thmder,
1608 947 1621 970 ‘
1640 948 1815 987 Fortem
1849 946 2114 988 Fortunam.’

1237 1002 1382 1050 Coluit
1406 1010 1520 1050 haud
1550 1009 1679 1050 dubie
1713 1022 1811 1050 cum
1845 1009 2000 1050 Siculis
2030 1009 2113 1050 hoc

1235 1086 1393 1114 numen
1422 1075 1666 1126 Timoleon,
1699 1086 1750 1115 eo
1787 1078 2008 1126 respectu,
2029 1085 2116 1126 quo

1236 1137 1428 1178 Fortuna
1449 1138 1637 1178 omnium
1661 1137 1894 1188 actionum,
1923 1136 2116 1177 laborum

1235 1200 1514 1242 humanorum
1553 1200 1726 1241 domina
1761 1206 1805 1240 et
1847 1198 2114 1240 moderatrix

1236 1264 1400 1304 credita
1435 1269 1531 1314 est3
1581 1269 1632 1305 ut
1664 1264 1721 1304 sit
1752 1263 1827 1303 illa
1862 1261 2116 1315 ipsa-&quoii

1235 1326 1356 1379 τύχη,
1385 1328 1458 1369 cui
1492 1328 1629 1374 multa
1666 1326 1809 1368 Graeci
1847 1326 2115 1379 Romanique

1234 1395 1510 1431 monumenta
1528 1393 1848 1430 consecrarunt.
1879 1388 2010 1440 Cujus
2028 1389 2118 1429 cul-

1236 1457 1325 1495 tum
1339 1465 1392 1493 ex
1407 1453 1545 1493 veteri
1559 1451 1804 1504 Astrologia
1819 1451 2117 1492 deducendum

1235 1519 1430 1556 autumat
1448 1515 1659 1555 seldenus
1679 1514 1732 1555 de
1751 1515 1833 1555 Dis
1855 1514 1990 1568 Syris,
2008 1516 2117 1567 Syn·

1236 1584 1372 1630 tagm.
1401 1589 1434 1619 1.
1465 1581 1506 1618 3.
1562 1577 1730 1618 Retulit
1766 1577 1819 1617 ad
1849 1578 1977 1629 hujus
2004 1579 2123 1619 Deae'

1237 1643 1430 1695 auspicia
1455 1654 1506 1682 ac
1535 1653 1710 1693 numen,
1738 1641 1940 1694 quidquid
1967 1641 2120 1684 hahuit

1234 1709 1454 1749 Timoleon
1493 1721 1795 1758 successuum;
1843 1708 1956 1749 unde
1991 1713 2118 1760 patet

1238 1772 1405 1812 scilicet
1424 1783 1478 1812 ex
1499 1773 1593 1825 ipso
1626 1776 1751 1811 textu
1781 1771 1913 1824 qualis
1944 1771 2042 1812 Dea
2071 1775 2119 1811 et

1237 1848 1322 1888 quo
1345 1834 1431 1875 fine
1450 1836 1583 1876 culta.
1613 1834 1839 1874 Boeclerus.

1293 1899 1404 1939 CAP.
1424 1904 1464 1940 5.
1510 1898 1653 1939 Natali
1672 1898 1736 1938 die
1754 1909 1822 1936 suo
1843 1895 1951 1944 fecit
1968 1896 2118 1948 omnia]

1238 1961 1538 2001 Memorabilia
1557 1972 1644 2000 non
1664 1971 1800 2012 pauca
1819 1959 1873 1998 de
1903 1963 2119 1999 certorum

1238 2025 1404 2064 dierum
1423 2023 1651 2064 eventibus
1683 2021 1920 2063 observatis
1949 2021 2123 2074 collegit

1238 2088 1491 2128 Forstnerus
1517 2087 1562 2127 in
1595 2086 1702 2128 Not.
1733 2086 1788 2126 ad
1816 2085 1960 2126 Tacit.
1990 2084 2066 2126 lib.
2086 2096 2120 2125 1.

1239 2152 1364 2193 Idem.

1296 2213 1468 2259 Quidam
1492 2210 1751 2265 Laphystius]
1799 2209 1852 2250 In
1885 2211 1992 2251 Mss.
2028 2211 2119 2264 qui-

1239 2276 1433 2328 busdam,
1467 2282 1513 2317 et
1531 2276 1752 2328 impressis
1773 2274 1996 2315 codicibus
2015 2275 2120 2327 legi-

1242 2344 1312 2380 tur
1349 2350 1433 2378 non
1466 2338 1722 2391 Laphystius,
1769 2336 1846 2377 sed
1879 2337 2118 2378 Lamestius.

1239 2403 1535 2442 Veruntamen
1550 2414 1605 2442 ex
1625 2401 1876 2451 Plutarcho,
1895 2406 1941 2440 et
1968 2400 2119 2452 proba·

1242 2463 1420 2505 tissimae
1451 2463 1553 2503 fidei
1589 2463 1906 2515 exemplaribus
1938 2471 2121 2516 apparet

1239 2526 1467 2580 legendum
1485 2538 1580 2566 esse
1596 2526 1846 2578 Laphystius.
1863 2526 1982 2578 Mag.
2012 2525 2116 2568 Plu-

1241 2590 1415 2632 tarchus
1431 2587 1624 2641 Λαφύειον
1638 2594 1780 2629 vocat.
1808 2589 1966 2629 Rosius.

1300 2653 1574 2695 Vadimonium
1608 2664 1724 2704 quum
1760 2652 1874 2691 vellet
1906 2651 2122 2705 imponere]

1240 2717 1326 2756 Ms.
1346 2721 1494 2756 noster
1514 2714 1664 2755 Codex
1695 2714 1803 2766 legit
1826 2713 2121 2756 Budimonium.

1242 2778 1369 2821 Quod
1398 2778 1514 2820 idem
1546 2771 1806 2818 vocabulum
1838 2782 1921 2817 est.
1973 2776 2045 2818 Sic
2077 2777 2123 2818 in

1241 2842 1453 2894 Excerpt.
1490 2854 1546 2882 ex
1577 2842 1728 2881 Veter.
1759 2838 1930 2879 Lexicis
1949 2839 2124 2879 Graeco-

1241 2904 1424 2955 Latinis,
1457 2917 1555 2956 quae
1590 2903 1648 2944 H.
1683 2902 1927 2954 Stephanus
1958 2901 2121 2943 edidit:

1239 2966 1370 3016 Ὁμιλ.
1396 2969 1438 3013 β.
1466 2966 1671 3018 scriptum
1703 2971 1794 3005 est:
1823 2961 1971 3013 ἐγγύην
1989 2964 2122 3015 φεῦγε·

1241 3029 1503 3070 badimom'um
1511 3027 1628 3079 fuge,
1650 3039 1726 3079 pro
1745 3027 1979 3070 vadimonio.
2011 3027 2122 3070 Quoe

1243 3091 1523 3143 transpositio
1568 3092 1791 3131 literarum
1833 3086 2124 3142 pueris'nota

1243 3160 1322 3197 est.
1353 3154 1492 3196 Ernst.

1296 3216 1403 3267 Lege
1419 3228 1536 3267 agere
1554 3215 1721 3267 diceret]
1768 3215 1877 3255 Mox
1924 3214 1937 3237 ‘
1952 3213 2116 3271 legibus

1244 3279 1464 3332 experiri!
1520 3280 1637 3332 Lege
1675 3278 1886 3321 Brissonii
1903 3276 2121 3319 formulas.

1244 3343 1399 3385 Schott.

1299 3406 1479 3458 Namque
1496 3405 1539 3445 id
1557 3408 1602 3445 ut
1631 3402 1862 3455 Laphystio,
1893 3400 2120 3453 caeterisque

1243 3468 1399 3523 liceret]
1425 3467 1684 3510 Plutarchus
1697 3478 1708 3508 ε
1719 3463 1796 3507 Ὧν
1811 3462 2035 3518 Λαφυστίου
2048 3463 2121 3517 μὲν
