2326 3944
631 281 728 322 ⁴11.
777 281 1291 334 THEMlsTocLEM,
1330 279 1465 322 cAP‘.
1502 268 1591 323 10.

227 397 355 449 facit,
377 398 547 452 junctis
578 396 714 439 fuisse
744 398 960 441 videntur.
1013 399 1114 440 Mos

228 463 342 504 enim
375 464 574 517 antiquus
603 460 702 515 fuit,—
731 461 929 504 defuncti
949 466 1114 503 statuas

227 529 456 582 sepulchro
486 528 724 581 imponere.
766 529 888 579 Mag.
947 527 1021 568 Sic
1052 526 1116 568 fo-

228 603 322 633 rum
354 591 613 643 Antiochiae,
647 590 922 642 Germanici3
962 591 1115 643 Mega-

227 656 415 697 rensium
441 655 612 698 Coraebi
643 655 889 697 Mausolaeis
921 654 1129 697 celebra--

227 719 372 761 batur.
426 720 513 762 Qui
541 720 723 760 eximius
754 719 889 760 honor
906 719 1021 772 apud
1041 731 1116 760 an-5

229 783 386 835 tiquos.
439 783 596 824 Strabo
622 781 834 836 περίβολον
865 787 995 824 vocat
1013 794 1116 824 con·

229 845 432 888 ditorinm
467 844 720 898 Alexandri,
756 846 868 901 quod
903 846 945 887 in
974 845 1123 887 medio

227 907 312 950 fuit
343 900 459 950 urbis
493 908 788 951 Alexandriae.
850 909 973 950 Idem
1007 910 1116 959 σῆμα

228 972 423 1024 appellat
448 970 568 1012 illum
587 972 728 1013 locum
747 971 852 1026 (nou
871 972 984 1012 enim
1002 974 1116 1023 σῶμα

229 1033 476 1088 legendum)
503 1036 548 1075 iu
568 1048 654 1089 quo
686 1034 932 1089 καιμαιτήρια
964 1043 1115 1091 regum

231 1110 282 1140 ac
300 1098 623 1152 imperatorum.
677 1099 764 1140 Sed
783 1100 1033 1152 notandum,
1050 1112 1117 1142 so-

227 1161 281 1203 lis
310 1161 504 1203 Ducibus
532 1161 639 1203 illud
671 1174 935 1204 concessum.
1004 1163 1116 1204 Vide

230 1225 424 1268 Servium
467 1225 698 1278 Sulpitium
750 1227 805 1268 ad
862 1227 1117 1269 Ciceronem

228 1289 307 1331 m».-
320 1301 380 1332 ιν.
398 1290 538 1342 Epist.
556 1290 611 1330 ad
629 1290 785 1332 Famil.
824 1289 948 1331 Infra
964 1291 1117 1343 Nepos

230 1354 287 1395 de
324 1353 494 1395 Dione:
536 1354 552 1377 ‘
573 1353 626 1394 Iu
662 1355 786 1406 urbe,
832 1354 1116 1396 celeberrimo

229 1419 326 1459 loco
345 1417 482 1459 elatus
509 1418 698 1470 publice,
726 1420 942 1472 sepulchri
970 1430 1126 1460 monn--

229 1486 375 1523 mento
393 1481 576 1522 donatus
596 1481 692 1523 est!
725 1482 927 1524 Kenchen.

284 1546 352 1586 De
378 1545 487 1596 cnjus
511 1549 637 1586 morte
662 1546 922 1598 multimodis]
965 1545 1118 1587 Conci-

233 1611 312 1651 s‘im
330 1610 556 1651 deterioris
575 1616 691 1652 notae
708 1610 808 1652 libri
822 1612 958 1652 multis
975 1611 1117 1653 modis.

232 1667 452 1727 Excerpta
470 1674 726 1726 multimodis,
756 1675 970 1728 quomodo
989 1675 1128 1716 eden-1

233 1736 333 1779 dnm
371 1739 616 1780 curavimus
649 1741 880 1780 secundum
922 1746 1117 1782 veterum

231 1802 487 1854 scripturam
508 1807 556 1843 et
573 1802 828 1855 analogiam
864 1803 1120 1844 Multimodis

233 1864 455 1918 antiquum
502 1865 753 1907 adverbium
799 1867 914 1919 apud
951 1867 1119 1908 Turne-

232 1926 333 1967 bum
358 1926 537 1968 Advers.
558 1928 586 1969 l.
603 1939 668 1968 vr.
691 1931 759 1969 14.
801 1929 900 1970 Nec
918 1930 1045 1971 aliter
1063 1942 1118 1971 ex

232 1991 319 2031 suis
338 1991 456 2032 libris
476 1991 662 2044 optimus
689 1989 890 2033 Gifanius
920 1993 1119 2034 Conlect.

234 2055 407 2096 Lucret.
440 2067 538 2107 pag.
569 2057 663 2095 3⁷9.
699 2060 746 2096 et
777 2055 906 2098 Joan.
941 2051 1118 2096 Savaro.

232 2118 357 2160 Ideni.
414 2117 669 2172 Appuleius,
693 2119 708 2142 ‘
725 2131 903 2172 quarum
923 2120 1120 2160 substan-

233 2182 296 2222 tia
335 2182 588 2223 multimoda
625 2187 892 2235 potestatum
934 2184 1120 2224 coitione

234 2243 489 2287 conficitur!
542 2246 682 2287 Vetus
710 2245 843 2299 poeta
862 2246 976 2299 apud
996 2246 1121 2288 Cice-

232 2320 381 2350 ronem
398 2308 452 2350 de
469 2309 655 2352 Oratore
675 2323 686 2351 :
713 2311 726 2332 ‘
743 2309 1012 2350 Multimodis
1027 2322 1120 2350 sum

222 2372 555 2414 circumventus
572 2372 740 2424 morbo,
771 2373 954 2425 exsulio,
989 2378 1120 2427 atque

233 2432 409 2489 ibopia.'
438 2436 637 2477 Gebhard.
691 2435 806 2477 vide
839 2435 1044 2478 Juretum
1076 2435 1119 2476 in

233 2497 474 2551 Symmach.
508 2499 536 2540 l'.
566 2502 670 2540 3111.
736 2498 802 2539 De
833 2499 944 2549 cnjus
977 2498 1121 2551 morte]

235 2560 524 2615 Hieronymus
554 2561 727 2614 epistol.
762 2570 828 2603 xi.
867 2561 921 2602 ad
954 2563 1118 2614 Nepot.

232 2625 254 2648 ‘⁴
270 2624 456 2678 Sapiens
477 2624 544 2665 vir
580 2624 764 2665 Graeciae
799 2625 1123 2679 Themistocles,

235 2697 333 2727 cum
355 2687 733 2739 expletis-centum
768 2693 813 2729 et
849 2695 1015 2742 septem
1048 2701 1121 2731 an·

235 2749 300 2789 nis
327 2760 373 2789 se
404 2749 514 2789 mori
547 2755 766 2801 cerneret,
782 2751 945 2792 dixisse
965 2751 1120 2804 fertur,

237 2822 285 2851 se
313 2810 479 2863 dolere,
507 2811 620 2864 quod
657 2817 747 2852 tum
783 2813 1063 2865 egrederetur
1095 2827 1121 2855 e

235 2874 342 2927 vita,
367 2875 539 2927 quaudo
566 2886 718 2928 sapere
745 2876 980 2929 coepisset.'
1001 2870 1120 2919 'sed

235 2938 305 2978 vel
351 2943 578 2990 corruptus
619 2939 759 2991 locus,
807 2941 1122 2995 legendumque

237 3001 541 3053 Theophrastus,
573 3002 641 3042 vel
672 3009 844 3044 sanctus
878 3010 1005 3057 pater
1037 3017 1122 3047 me·

235 3064 370 3105 moria
385 3065 533 3117 lapsus
554 3070 632 3107 est.
687 3065 788 3108 vid.
808 3067 1049 3110 Casaubon.
1065 3068 1121 3110 ad

234 3128 521 3181 Theophrasti
547 3130 751 3173 Charaet-
786 3144 830 3184 p.
849 3135 918 3175 97.
945 3139 992 3175 et
1010 3133 1122 3177 Phil.

237 3193 438 3235 Carolum
456 3195 561 3236 Var.
580 3195 682 3249 lect.
702 3207 754 3236 n.
774 3200 814 3239 ⁷.

290 3256 432 3297 Morbo
461 3256 673 3309 mov-tuum]
717 3258 1016 3312 Thucydides:
1045 3266 1130 3301 rto-¹

236 3317 364 3368 σῆσας
380 3318 422 3360 δὲ
438 3322 609 3374 τελευτᾷ
623 3320 698 3361 τὸν
709 3320 810 3367 βίον.
838 3320 1022 3364 Ιλιηώίη.

256 3391 263 3396 ·
298 3383 495 3425 Venenum
512 3398 586 3425 σιια
601 3391 736 3437 sponte
753 3385 953 3437 sumsisse]
987 3387 1122 3427 Tauri

239 3448 503 3501 sanguinem,
537 3450 647 3503 quod
683 3450 907 3491 celerrime
928 3450 1055 3491 cocat
1075 3456 1121 3491 et

1951 270 2058 323 451

1176 400 1393 443 durescat.
1422 401 1535 443 Plin.
1551 401 1732 443 Aristot.
1749 399 1931 444 Diodor.
1986 400 2062 440 Vi-

1177 463 1305 504 detur
1336 470 1479 504 autem
1516 465 1632 506 istud
1669 462 1926 505 sacrificium
1965 476 2062 517 per-

1178 539 1308 580 agere
1329 529 1515 568 voluisse
1531 528 1652 569 brevi
1669 528 1806 569 iturus
1826 528 1870 569 in
1886 528 2073 581 expedi-⁶

1177 592 1338 631 tionem
1355 591 1508 632 Dianae
1526 590 1751 645 Λευκόφρυῖ.
1778 592 1921 632 Valet.
1941 591 2063 633 Max.

1176 655 1207 696 l.
1229 664 1273 696 V.
1298 658 1340 695 6.
1382 655 1728 707 ‘Themistocles‚
1759 666 1889 709 quem
1928 655 2070 712 virtus

1178 729 1257 758 sua
1275 718 1499 770 victorem,
1523 717 1679 771 injuria
1697 718 1862 758 Patriae
1881 719 2065 772 impera·

1177 787 1316 822 torem
1334 781 1564 822 Persarum
1594 781 1777 833 fecerat,
1806 786 1855 821 ut
1884 781 1918 821 si
1939 781 1992 822 ab
2012 787 2066 821 ea

1177 845 1468 898 oppugnanda
1492 845 1748 897 abstineret,
1776 843 1979 885 instituto
2000 857 2066 886 sa-

1177 906 1342 948 crificio
1374 913 1608 960 exceptum
1643 913 1796 961 patera
1826 907 1938 948 tauri
1971 902 2068 948 sau-

1177 971 1350 1023 guinem
1366 971 1548 1012 hausit:
1579 976 1624 1012 et
1653 977 1755 1012 ante
1780 971 1918 1024 ipsam
1939 983 2066 1027 *aram

1178 1034 1301 1087 quasi
1319 1034 1515 1087 quaedam
1546 1035 1721 1087 pietatis
1754 1035 1872 1075 clara
1890 1033 2069 1075 victima

1178 1096 1398 1138 concidit!
1449 1097 1714 1139 Scholiorum
1746 1097 1914 1139 Auctor
1945 1098 1989 1138 in
2011 1098 2071 1139 A·

1179 1159 1434 1212 ristophanis
1463 1161 1657 1214 equites:
1683 1161 1750 1202 Ἐν
1770 1157 1985 1214 Nemo-iq
2002 1174 2070 1211 Ὑε-

1178 1222 1338 1274 νόμενος
1370 1222 1675 1278 θ’ὖωντελευτᾷ,
1703 1225 1766 1266 καὶ
1783 1225 1883 1276 μετὰ
1895 1223 2069 1266 ’θάνατον

1177 1285 1250 1327 τὸν
1277 1286 1568 1341 μισοβάρβαρον
1597 1288 1879 1341 ἐνδεικνύμενος
1908 1289 2067 1343 τρόπον.

1179 1352 1238 1392 Et
1256 1352 1402 1404 paullo
1421 1359 1545 1405 post:
1575 1351 1788 1404 Σύμμαχος
1806 1352 1851 1394 δέ
1862 1361 1959 1405 φησι
1975 1353 2067 1406 ψεύ-

1179 1415 1311 1454 δεσθαι
1355 1412 1442 1468 περὶ
1485 1415 1806 1466 Θεμιστοκλέους.
1859 1417 1950 1457 οὔτε
1990 1416 2070 1470 γὰρ

1177 1477 1396 1531 Ἡρόδοτος,
1409 1479 1500 1520 οὔτε
1514 1480 1746 1530 Θουκυδίδης
1766 1482 1924 1535 ἴστορεῖ.
1947 1481 2066 1522 ’Ἔστι

1177 1542 1277 1593 ’γοῦν
1301 1541 1378 1582 ἀπὸ
1405 1542 1651 1595 Σοφοκλέους
1665 1540 1844 1593 Ἑλένης·
1900 1543 2006 1595 Ἐμοὶ
2025 1544 2070 1585 δὲ

1178 1607 1335 1656 λῷστον
1344 1604 1439 1656 αἷμα
1455 1605 1600 1660 ταύρου
1611 1607 1651 1658 ’γ’
1672 1608 1832 1658 ἐκπιεῖν,
1854 1605 1929 1648 Καὶ
1946 1607 2000 1659 μή
2017 1622 2070 1659 γε

1177 1668 1302 1709 πλείω
1326 1670 1440 1710 τῶνδ’
1465 1668 1575 1722 ἔχειν
1605 1670 1834 1723 δυσφημίας.
1887 1669 1996 1712 Τινὲς
2026 1669 2073 1711 δέ

1179 1732 1395 1785 φασιν,’ὅτι’
1412 1736 1620 1786 Σοφοκλῆς
1643 1735 1731 1788 περὶ
1757 1733 2070 1785 Θεμιστοκλέους

1177 1796 1298 1837 τοῦτό
1332 1806 1443 1850 φησι·
1479 1796 1686 1850 ψεύδονται
1720 1797 1775 1849 δὲ,
1810 1798 1854 1838 οὗ
1871 1797 1951 1851 γάρ
1983 1798 2070 1837 ἐστι

1178 1859 1354 1902 πιθανόν.
1438 1861 1665 1914 Opinionis
1714 1861 1940 1913 originem,
1985 1874 2070 1914 qua

1179 1926 1334 1966 hausto
1352 1925 1560 1965 immolati
1593 1925 1702 1965 tauri
1734 1925 2071 1977 sanguine'she-

1181 1990 1421 2029 mistoclem
1461 1988 1542 2029 sibi
1579 1995 1761 2029 mortem
1807 1989 2070 2028 conscivisse

1182 2051 1462 2101 credebatur,
1477 2050 1641 2103 speriti
1671 2060 1829 2103 nempe
1846 2061 1899 2090 ex
1917 2050 2069 2090 vitiosa

1181 2115 1410 2167 Sophoclei
1429 2113 1535 2155 dicti
1552 2115 1911 2167 interpretatione
1931 2119 2070 2154 ortam

1183 2175 1327 2232 putat,
1353 2178 1407 2218 ad
1443 2178 1680 2230 cujusmodi
1710 2176 1844 2218 fatum
1878 2177 2071 2217 allusisse

1182 2240 1396 2294 'tragicus
1423 2242 1553 2293 vulgo
1579 2239 1919 2281 existimabatur.
1977 2240 2072 2280 Etsi

1183 2302 1479 2358 Thucydides,
1499 2305 1769 2354 Herodotus,
1788 2303 1947 2356 aliique
1968 2303 2072 2343 nihil

1184 2369 1239 2410 de
1259 2370 1465 2420 sanguine
1498 2370 1668 2409 taurino
1703 2365 1988 2420 prodiderint,
2007 2373 2072 2407 ta-

1184 2442 1281 2472 men
1302 2433 1446 2484 plures
1461 2431 1656 2484 reperire
1676 2432 1794 2481 licet,
1807 2431 1961 2484 quibus
1977 2431 2069 2470 haec

1185 2495 1332 2547 opinio
1377 2495 1434 2535 sit
1470 2495 1653 2536 firmiter
1692 2500 1902 2546 accepta;
1944 2505 2071 2547 quam

1185 2559 1280 2599 illos
1299 2559 1372 2611 qui
1389 2558 1626 2612 Thucydidi
1654 2568 1866 2599 assensum
1887 2570 2072 2598 commo-

1184 2625 1304 2665 dent.
1334 2624 1546 2664 Videatur
1561 2623 1716 2663 Cicero
1727 2622 1898 2663 Bruto:
1926 2627 1940 2646 ‘
1959 2623 2071 2663 Nam

1185 2700 1310 2740 quem
1329 2687 1616 2739 Thucydides,
1639 2686 1711 2739 qui
1731 2692 1776 2725 et
1797 2685 2090 2726 Atheniensis·

1185 2756 1296 2803 erat,
1324 2756 1370 2791 et
1401 2762 1564 2790 summo
1591 2750 1686 2789 loco
1706 2754 1848 2799 natus,
1865 2760 2070 2787 summus-

1186 2823 1270 2868 que
1308 2814 1373 2854 vir
1410 2819 1457 2854 et
1492 2813 1638 2866 paullo
1670 2818 1800 2853 aetate
1842 2811 2073 2883 posterior,

1186 2882 1353 2918 tantum
1385 2883 1601 2917 mortuum
1630 2875 1818 2928 scripsit,
1850 2881 1896 2916 et
1921 2876 1970 2915 in
1989 2874 2073 2916 At->

1185 2940 1273 2982 tica
1301 2941 1411 2981 clam
1447 2942 1692 2981 humatum:
1733 2939 1902 2980 addidit
1934 2937 2072 2980 ¹fuisse

1185 3004 1468 3057 suspicionem
1504 3002 1586 3044 sibi
1619 3015 1783 3044 veneno
1816 3002 2090 3044 conscivisse·

1186 3075 1383 3112 mortem.
1439 3070 1570 3111 Hunc
1604 3070 1675 3111 isti
1705 3070 1841 3121 aiunt,
1862 3082 1958 3110 cum
1978 3075 2072 3110 tau-

1188 3145 1279 3174 rum
1301 3133 1621 3185 immolavisset,
1652 3134 1875 3185 excepisse
1904 3132 2071 3185 sangui·

1185 3199 1281 3238 uem
1321 3203 1489 3250 patera,
1522 3202 1567 3238 et
1605 3210 1657 3237 eo
1689 3202 1819 3248 epoto
1855 3202 2071 3237 mortuum

1186 3260 1453 3301 concidisse.’
1506 3261 1577 3300 Sic
1596 3260 1815 3300 Diodorus
1836 3259 1910 3301 lib.
1930 3271 1995 3300 xi.
2026 3266 2073 3300 et

1188 3324 1501 3376 Hieronymus:
1534 3324 1731 3363 ‘Xerxes
1760 3335 1836 3363 rex
1868 3324 2074 3376 potentis-

1188 3386 1319 3426 simus
1350 3392 1396 3426 et
1427 3386 1658 3426 ditissimus
1689 3385 1915 3427 adversum
1953 3388 2071 3427 Grae-

1187 3450 1293 3489 ciam
1314 3448 1667 3490 innumerabilem
1683 3449 1805 3491 duxit
1817 3451 2071 3500 exercitum,
