2306 3900
341 196 449 248 702

340 326 405 368 καὶ
421 326 681 378 μετονομάσάι
697 328 783 375 ’νὴνι
796 326 925 370 πόλιν.
971 329 1222 372 ’.Ῑοι-ιιαιιᾱεε

339 392 594 443 simpliciter
629 392 857 444 septimam
887 391 1008 442 dicit,
1036 403 1122 433 non
1149 403 1222 432 ex-

341 466 490 507 presso
522 454 615 506 ejus
650 467 786 495 anno:
819 455 1042 507 ‘Septima
1074 455 1221 508 Olym-

341 517 470 569 piade
509 519 742 570 Romulus„
766 519 945 571 ejusque
980 529 1222 571 germanus,

341 592 446 632 quos
464 580 578 620 inter
587 586 780 632 pastores
800 582 1011 622 enutritos
1026 581 1221 628 diximus,

341 645 525 685 collecta
562 650 778 697 pastorum
816 645 1107 696 multitudine,
1138 646 1223 685 Ro·

339 719 480 748 manae
508 707 639 748 Urbis
668 707 853 748 aedificia
882 707 1221 748 inchoaverunt!

340 769 429 810 Alii
444 770 569 812 aliter
584 771 854 820 statuebant;
872 771 1128 824 disseritque
1138 772 1222 811 ele·

341 839 495 886 gauter
531 834 766 887 Dionysius
786 834 893 875 libro
912 835 1063 885 citato,
1087 839 1132 874 et
1150 835 1224 874 So-

340 897 451 937 linus
484 909 580 949 cap.
602 901 641 937 2.
662 897 826 937 Mem-s.
885 896 1070 938 Condita
1106 897 1222 939 Urbs

338 959 438 1011 ipsis
469 959 695 1010 Palilibus,
728 959 772 998 id
791 964 872 1005 est,
895 959 1122 1003 undecimo
1143 961 1224 1000 Ca-

340 1022 489 1062 lendas
526 1022 682 1072 Maias,
710 1022 816 1061 hora
847 1028 946 1074 post
975 1023 1224 1075 secundam,

341 1090 442 1125 ante
462 1084 647 1135 tertiam,
669 1083 795 1125 sicuti
811 1085 860 1125 L.
878 1085 1105 1125 Taruntius
1127 1099 1224 1138 pro,-

341 1147 452 1188 didit
486 1148 893 1189 Mathematicorum
924 1149 1224 1203 nobilissimus,

341 1213 442 1253 Sole
470 1212 514 1252 in
529 1214 686 1264 Tauro,
716 1214 901 1253 Luna-in
921 1214 1051 1254 Libra
1065 1215 1226 1255 consti-

341 1277 462 1318 tutis.
516 1277 576 1316 Et
593 1277 674 1317 hoc
689 1283 773 1328 est,
791 1276 903 1330 quod
918 1277 1029 1317 dixit
1043 1278 1193 1318 Cicero
1210 1291 1222 1327 ;

339 1341 352 1363 ‘
370 1353 467 1380 cum
504 1340 547 1379 in
575 1340 685 1391 jugo
714 1341 834 1380 Luna
858 1339 1004 1381 esset?
1058 1341 1118 1380 Et
1145 1340 1223 1380 sub

342 1404 473 1444 Libra
508 1403 726 1444 conditam
769 1402 867 1443 ideo
904 1404 1083 1443 Romam
1114 1403 1225 1443 dixit

340 1466 560 1506 Manilius.
591 1466 768 1518 Thy-sius,
785 1466 828 1505 in
844 1466 1031 1506 Miscell.

394 1528 652 1569 Archilochus
663 1528 772 1568 Tullo
786 1528 962 1568 Hostilio
981 1529 1118 1568 Romoe
1133 1541 1224 1579 reg·-

340 1596 458 1632 mmte
465 1592 554 1641 jam
572 1596 664 1632 tunc
684 1591 887 1631 Poematis
902 1592 1030 1632 clarus
1046 1604 1093 1632 ac
1114 1592 1224 1631 nobi-

340 1655 407 1706 lis]
440 1656 539 1695 Non
558 1655 697 1695 minor
710 1656 896 1696 varietas
917 1656 1032 1696 circa
1051 1661 1223 1696 aetatem

341 1718 588 1759 Archilochi
618 1731 743 1771 quam
776 1719 971 1760 Homeri.
1026 1719 1224 1770 Herodo-

341 1788 411 1822 tus
440 1780 576 1821 refert
593 1781 734 1832 ipsum
754 1782 808 1822 ad
829 1782 1053 1835 imperium
1071 1779 1225 1835 Gygis,

340 1844 457 1896 quod
490 1844 643 1884 incidit
677 1845 720 1884 in
755 1850 922 1898 tempus
948 1846 1223 1898 Olympiadis

340 1908 574 1958 vigesimae.
629 1907 785 1949 Cicero
805 1914 1014 1961 regnante
1046 1909 1224 1949 Romulo

319 1966 497 2011 'vixisse
534 1970 671 2022 dicit3
721 1971 984 2025 Olympiade
1025 1973 1224 2012 nimirum

342 2034 526 2086 septima
564 2035 632 2074 vel
663 2041 830 2076 octava.
886 2036 927 2076 A
960 2036 1133 2077 Romuli
1152 2048 1224 2076 ex-

341 2109 466 2137 cessu
486 2096 540 2136 ad
558 2102 758 2149 Vaetatem,
790 2111 874 2151 qna
903 2100 1048 2139 Tullus
1078 2098 1227 2138 Hosti-

340 2160 422 2199 lius
453 2159 572 2211 cepit
609 2160 850 2212 imperium,
882 2166 982 2202 sunt
1008 2161 1106 2201 anni
1125 2172 1226 2213 qua-

341 2222 542 2274 draginta
561 2229 770 2275 quatuor.·
813 2223 966 2265 Potuit
982 2237 1084 2265 sane
1099 2225 1226 2264 trium

344 2287 508 2337 Regum
529 2286 651 2326 aetati
670 2299 922 2338 superesse3
955 2295 999 2328 at
1020 2294 1086 2328 tot
1107 2288 1226 2327 annis

343 2350 504 2399 clarum
538 2354 583 2390 et
613 2350 810 2393 nobilem:
829 2350 961 2391 fuisse
990 2350 1227 2400 Permatis,

342 2424 427 2453 non
463 2411 590 2452 facile
627 2413 899 2455 crediderim.
956 2415 1068 2455 Vide
1095 2415 1228 2454 Euse-

342 2476 458 2516 bium
506 2475 550 2515 in
598 2475 830 2518 chronicis.
870 2477 1070 2518 Schottus.
1136 2477 1226 2519 Hic

341 2540 354 2562 ‘
375 2537 582 2579 maximus
618 2537 776 2590 Poeta,
809 2545 884 2579 aut
913 2545 1031 2581 certe
1063 2551 1226 2580 summo

345 2601 579 2655 proximus’
599 2603 810 2655 appellari
833 2604 992 2645 meruit
1010 2603 1126 2656 apud
1144 2603 1228 2643 Va-

342 2667 420 2706 ler.
450 2666 701 2708 Maximum.
738 2666 790 2706 In
811 2667 945 2707 Suida
964 2673 1031 2709 est
1048 2668 1227 2718 γενναῖος

341 2726 518 2776 ποιητής.
574 2728 897 2780 Hippodromus
935 2730 1099 2770 Rhetor
1136 2729 1227 2769 Ho-

343 2804 506 2834 merum
544 2791 691 2843 φωνὴν,
731 2791 1033 2835 Archilochum
1077 2793 1228 2841 πνεῦμα

342 2855 528 2898 vocavit.
584 2856 866 2897 Paterculus:
890 2859 901 2879 ‘
916 2857 1071 2909 Neque
1084 2869 1229 2909 quem·

345 2929 471 2970 quam
510 2917 655 2966 alium,
694 2918 814 2970 cujus
851 2919 993 2970 operis
1044 2919 1227 2970 primum

345 2987 499 3021 auctor
527 2977 674 3030 fuerit,
713 2980 755 3019 in
784 2992 835 3021 eo
855 2980 1228 3032 perfectissimum,

345 3048 506 3095 praeter
525 3041 761 3082 Homerum
777 3048 824 3083 et
839 3042 1144 3083 Archilochum
1162 3055 1228 3083 re·

345 3105 584 3158 periemus.’
615 3106 788 3146 Colerus.
846 3105 931 3146 Adi
951 3107 1152 3147 Vossium
1174 3107 1228 3146 de

346 3168 473 3208 Poet.
495 3168 641 3209 Graec.
661 3181 759 3220 cap.
780 3173 820 3210 3.

400 3233 463 3271 M.
489 3233 662 3272 Manlius
684 3233 819 3273 Romoe
847 3234 914 3285 qui
945 3234 1080 3274 Gallos
1106 3234 1147 3273 in
1166 3233 1229 3273 ob-

345 3292 497 3333 sidione
537 3295 723 3345 Capitolii
755 3296 976 3348 obrepentes
1003 3310 1076 3349 per
1107 3299 1230 3337 ardua

345 3356 558 3407 depulerat.
603 3359 799 3399 convictus
841 3364 899 3399 est
941 3361 1163 3411 consilium.
1183 3362 1230 3400 de

348 3430 469 3469 regno
505 3423 720 3471 occupando
754 3422 910 3464 iniisse.-
955 3426 1231 3477 damnatusque

724 212 902 251 NOTAE
947 212 1275 253 vARloRUM
1317 215 1379 253 IN
1425 217 1478 254 G.
1518 217 1780 257 NEPOTIS

1282 331 1436 383 capitis,
1468 346 1493 373 a
1523 332 1630 373 Saxo
1659 333 1839 386 Tarpeio,
1871 337 1916 374 ut
1944 334 2008 376 M.
2036 334 2162 376 Varro

1283 395 1358 446 ait,
1370 408 1543 449 preceps
1558 399 1674 438 datus
1690 402 1749 438 est
1763 412 1780 446 ,·
1807 402 1852 438 ut
1873 399 2079 440 Cornelius
2091 407 2161 440 ou-

1283 463 1363 500 tem
1381 460 1514 512 Nepos
1524 461 1716 512 scriptum
1732 461 1909 513 reliquit,
1927 461 2162 503 verberando

1283 526 1440 562 necatus
1457 524 1536 576 est]
1562 524 1749 564 Manlius
1774 524 1828 563 ob
1842 523 2062 564 defensum
2082 524 2165 565 Ca-

1285 584 1482 636 pitolium
1501 585 1766 637 Capitolinus
1781 586 1937 636 dictus,
1947 584 2165 628 sexdecim

1285 658 1490 686 annorum
1510 648 1794 688 voluntarium
1826 648 2007 688 militem
2025 660 2072 689 se
2091 649 2164 690 ob-

1287 708 1400 748 tulit.
1468 709 1673 760 Triginta.
1700 715 1866 762 septem
1909 710 2165 752 militaribus

1286 770 1408 810 donis
1427 783 1452 810 a
1473 771 1559 811 suis
1582 772 1762 812 ducibus
1797 778 1988 824 ornatus,
2010 772 2165 825 viginti

1287 837 1376 872 tres
1421 833 1650 874 cicatrices
1686 836 1730 875 in
1775 828 1952 887 pectore
1996 835 2164 877 habuit.

1287 895 1427 947 Capta
1466 895 1602 946 Urbe,
1644 901 1794 937 auctor
1827 897 1873 936 in
1901 897 2165 950 Capitolium

1285 957 1493 1010 fugiendi.
1566 960 1762 1002 Quadam
1790 964 1922 1000 nocte
1965 961 2166 1013 clangore

1286 1021 1448 1061 anseris
1467 1022 1697 1074 excitatus,
1721 1023 1869 1064 Gallos
1886 1022 2168 1065 ascendentes

1286 1084 1464 1136 dejecit.
1520 1086 1734 1126 Patronus
1768 1098 1794 1125 a
1820 1085 2172 1137 civitatibus'ap-.

1287 1147 1486 1199 peilatus,
1518 1154 1564 1189 et
1595 1148 1710 1189 farre
1738 1148 1922 1189 donatus
1940 1153 2022 1190 est.
2078 1148 2168 1188 Do·

1285 1222 1402 1250 mum
1421 1211 1551 1252 etiam
1580 1211 1627 1251 in
1661 1211 1877 1263 Capitolio
1907 1209 2078 1264 publice
2100 1220 2171 1251 ae-

1286 1273 1421 1325 cepit.
1477 1275 1576 1317 Qua
1610 1273 1809 1326 superbia
1839 1274 2004 1321 elatus,
2036 1285 2167 1325 quum

1288 1349 1313 1376 a
1348 1337 1509 1378 Senatu
1545 1338 1832 1390 suppressisse
1859 1336 2049 1377 Gallicos
2075 1334 2169 1376 the-

1287 1413 1434 1441 sauros
1471 1406 1737 1453 argueretur,
1773 1406 1820 1441 et
1847 1399 2039 1444 addictos
2070 1411 2169 1451 pro-

1209 1491 1211 1496 ,
1287 1463 1384 1515 pria
1403 1476 1533 1504 manu
1569 1465 1791 1516 liberaret,
1819 1464 1943 1516 regni
1973 1462 2168 1504 affectati

1287 1528 1528 1579 suspicione
1579 1529 1624 1568 in
1670 1540 1887 1569 carcerem
1933 1528 2172 1580 conjectus,

1286 1593 1437 1645 populi
1453 1605 1667 1634 consensu
1691 1594 1900 1634 liberatus
1919 1597 2001 1633 est.
2059 1589 2170 1632 Rur-

1287 1667 1357 1695 sus
1376 1668 1504 1708 quum
1525 1656 1569 1696 in
1586 1656 1749 1696 eadem
1779 1658 1906 1708 culpa
1924 1661 1971 1697 et
1998 1655 2170 1708 gravius

1287 1724 1601 1771 perseveraret,
1639 1724 1684 1760 et
1717 1731 1813 1759 reus
1851 1719 2006 1770 factus,
2028 1723 2086 1759 .et
2114 1717 2170 1759 ob

1287 1787 1568 1833 conspectum
1588 1782 1791 1834 Capitolii
1807 1781 2035 1834 ampliatus
2051 1780 2171 1821 :salio

1287 1844 1446 1884 deinde
1483 1845 1578 1885 loco
1611 1845 1835 1886 damnatus
1869 1853 1916 1886 et
1959 1844 2033 1885 de·
2063 1856 2170 1884 saxo

1285 1908 1470 1960 Tarpeio
1489 1909 1800 1960 praecipitatus.
1829 1909 1993 1949 Domus
2012 1907 2171 1958 diruta,

1284 1975 1399 2016 bona
1417 1975 1651 2027 publicata.
1680 1975 1916 2016 Gentilitas
1931 1973 2024 2026 ejus
2045 1973 2173 2013 Man-

1287 2038 1335 2078 lii
1364 2051 1597 2090 cognomen
1613 2039 1816 2091 ejuravit,
1835 2050 1890 2078 ne
1909 2036 2002 2091 quis
2019 2040 2173 2088 postea

1289 2102 1558 2155 Capitolinus
1580 2107 1816 2143 vocaretur.
1845 2099 2010 2141 Auctor
2027 2099 2083 2139 de
2095 2098 2172 2139 Vi-

1288 2165 1346 2205 ris
1375 2164 1636 2206 Illustribus.
1692 2165 1742 2205 In
1767 2161 2029 2216 praenom'ine
2045 2161 2171 2212 hujus

1290 2229 1448 2280 triplex
1495 2228 1702 2268 dissensio
1749 2227 1863 2279 apud
1908 2225 2170 2266 Historicos.

1288 2290 1517 2341 Dionysius
1554 2290 1606 2331 Τ.
1644 2291 1854 2330 Manlium
1879 2287 2171 2340 Capitolinum

1289 2357 1449 2391 vocatf
1488 2351 1702 2390 Diodorus
1718 2350 1773 2391 A.
1792 2350 2016 2390 Manlium.
2066 2348 2173 2388 Ple-

1288 2413 1409 2465 rique
1430 2414 1494 2453 M.
1514 2413 1725 2453 Manlium
1743 2412 2043 2465 Capitolinum.
2073 2410 2169 2452 Liv.

1288 2475 1500 2528 Agellius.
1529 2475 1631 2516 Alii.
1682 2477 1833 2516 Florus
1865 2487 2032 2528 quoque
2062 2473 2172 2514 Livii

1288 2538 1562 2579 abbreviator
1580 2539 1652 2579 lib.
1669 2550 1734 2580 ιν.
1756 2539 1769 2561 ‘
1787 2540 1895 2580 Cum
1910 2535 2171 2587 obstrictos,’

1288 2603 1445 2655 inquit,
1473 2603 1585 2644 ‘aere
1612 2603 1753 2643 alieno
1785 2603 2009 2652 liberaret,
2037 2610 2172 2641 nexos

1289 2666 1550 2717 exsolveret,
1593 2666 1768 2706 crimine
1813 2664 2008 2706 affectati
2052 2662 2174 2716 regni

1288 2729 1511 2770 damnatus
1535 2728 1590 2769 de
1618 2741 1721 2770 saxo
1756 2729 1940 2781 Tarpeio
1963 2727 2170 2780 dejectus

1289 2798 1384 2833 est:
1414 2792 1458 2832 in
1478 2793 1600 2844 cujus
1633 2798 1778 2833 notam
1807 2793 1890 2834 SC.
1919 2790 2099 2841 factum,
2117 2802 2174 2831 ne

1289 2855 1360 2898 cui
1393 2855 1455 2897 de.
1485 2856 1647 2896 Manlia
1677 2861 1806 2908 gente
1838 2855 1991 2895 Marco
2016 2865 2174 2905 cogno-

1289 2931 1388 2958 men
1422 2918 1565 2959 esset.'
1619 2919 1795 2970 Syllaba
1821 2931 1864 2958 co
1893 2917 2079 2970 repetita
2110 2918 2171 2956 lo·

1289 2994 1385 3023 cum
1406 2980 1610 3032 corrupit.
1667 2982 1804 3021 Recte
1821 2981 1956 3033 igitur
1972 2980 2171 3033 Sigonius

1290 3056 1538 3096 praenomen
1565 3056 1620 3084 ex
1639 3044 1894 3086 Quintiliani
1915 3043 1987 3085 lib.
2012 3054 2088 3084 111«
2105 3054 2173 3084 re-

1291 3108 1534 3159 ponendum
1566 3106 1727 3147 docuit.
1784 3107 1913 3150 Quod
1947 3106 2091 3147 Livius
2124 3109 2172 3144 et

1291 3170 1552 3211 Plutarchus
1588 3170 1630 3209 in
1678 3170 1788 3210 libro
1830 3172 1909 3210 τῶν
1951 3165 2172 3219 κεφαλαίων

1288 3233 1568 3279 confirmant:
1599 3239 1644 3274 et
1669 3233 1774 3274 illud
1795 3234 1914 3274 Festi
1937 3243 2010 3272 seu
2029 3230 2174 3271 Paulli

1293 3295 1477 3336 Diaconi
1513 3295 1590 3336 lib.
1641 3307 1706 3337 xi.
1755 3297 1811 3336 de
1839 3295 1983 3336 sverb.
2030 3293 2171 3346 signif.

1258 3377 1266 3385 -
1292 3360 1303 3382 ‘
1327 3360 1499 3400 Manliae
1521 3359 1660 3412 gentis
1678 3359 1884 3399 Patriciae
1903 3357 2078 3397 decreto
2097 3369 2171 3397 ne-

1293 3435 1362 3463 mo
1389 3435 1446 3464 ex
1477 3435 1530 3464 ea
1558 3424 1734 3465 Marcus
1765 3421 2024 3475 appellatur,
2057 3420 2171 3473 quod
