2306 3900
0 3507 18 3758 ..Wwffl-2-w

657 255 797 295 xm.
863 255 1264 303 ΤιΜοΤΗΕυΜ,
1307 254 1443 293 cAP.
1481 238 1530 292 1.

185 378 302 419 neris
330 381 412 428 est,
440 378 638 428 respectu
665 372 824 413 habito.
878 370 1068 423 Scriptae

185 448 330 484 tamen
361 441 620 483 membranae
650 440 787 491 iwquo
813 438 1070 489 oppugnando

184 505 441 559 praeferunt,
458 516 537 558 pro
556 514 640 557 quo
658 502 786 543 bello.
834 502 960 541 Idem.

241 571 441 611 Adversus
457 566 604 620 Cotyn]
632 566 714 607 Vel
736 566 891 618 Cotym.
921 564 1070 605 Codex

185 633 238 675 P.
274 634 390 675 Dan.
431 633 588 682 Cotum,
621 629 833 683 quomodo
872 629 919 669 in
954 627 1071 680 Iphi-

187 703 320 738 crate.
373 695 461 737 Sed
502 694 574 736 hic
616 693 700 734 fuit
744 693 1071 746 Paphlagonum
1090 718 1100 724 -

188 761 297 812 Rex,
314 759 388 800 ille
407 759 639 810 Thracum,
669 756 723 798 de
755 768 839 810 quo
872 755 927 796 ad
954 755 1072 809 Iphi-

186 828 350 865 cratem
368 821 532 863 dictum
551 826 632 863 est.

159 915 162 919 ι
239 886 305 929 Ab
323 899 367 928 eo
383 886 490 927 mille
505 890 545 926 et
563 887 730 926 ducenta
753 885 906 925 talenta
924 884 1074 937 proedoe

183 949 229 991 in
243 950 444 1002 publicum
454 949 618 1007 detulit]
659 948 792 989 Secus
820 946 951 988 hodie
978 957 1074 988 nos·

187 1013 268 1054 tris
286 1012 488 1065 moribus,
506 1011 660 1065 quibus
684 1011 836 1064 praeda
862 1009 981 1052 cedit
1011 1010 1074 1062 ig-

186 1075 417 1117 navissimo
433 1076 590 1129 cuique
602 1075 870 1117 tribunorum
885 1079 962 1116 aut
975 1086 1075 1115 cen-

187 1139 430 1181 turionum:
462 1139 665 1180 vilissima
696 1150 878 1192 quaeque
906 1142 953 1178 et
982 1137 1075 1178 istis

185 1203 471 1244 Thrasonibus
503 1202 701 1244 fastidita
731 1201 908 1243 militari
935 1200 1073 1241 turbae

186 1265 502 1319 relinquuntur.
542 1266 651 1307 Cum
670 1265 783 1306 bella
801 1276 886 1304 non
905 1263 1076 1316 privata

184 1331 462 1382 auctoritate,
479 1343 566 1372 non
599 1331 771 1384 privato
802 1333 978 1380 sumptu
1004 1339 1076 1380 ge-

186 1399 352 1447 rantur,
377 1406 455 1435 cur
474 1394 576 1435 belli
605 1392 796 1434 fructum
823 1391 878 1432 ad
911 1403 958 1431 se
990 1390 1077 1443 pri-

184 1457 275 1498 vati
293 1457 490 1510 rapiant?
517 1457 680 1499 Sancta
707 1467 812 1508 ergo
836 1460 885 1496 et
919 1454 1075 1494 merito

185 1520 458 1572 suspicienda
484 1520 734 1574 antiquitas,
765 1520 779 1542 ‘
799 1530 897 1572 quae
924 1517 1075 1558 hones·

185 1583 271 1624 tius
290 1583 404 1625 bella
421 1585 574 1636 gessit,
593 1595 720 1637 quam
741 1593 855 1623 nunc
875 1579 1076 1622 amicitiae

184 1646 416 1689 coluntur.'
439 1647 599 1691 Justin.
618 1646 694 1688 lib.
715 1656 793 1688 xv.
806 1648 847 1686 2.
874 1643 1076 1685 Praedam

186 1717 332 1753 autem
379 1723 430 1753 ae
475 1710 699 1752 manubias
757 1709 814 1750 ad
858 1707 1075 1761 publicum

186 1786 325 1825 usum,
369 1779 571 1815 ornatum
617 1777 751 1826 atque
797 1770 1074 1823 splendorem

185 1837 414 1879 civitatum
447 1841 758 1879 converterunt
775 1834 923 1889 prisci,
948 1840 1077 1887 atque

186 1900 291 1942 inde
307 1912 429 1942 sacra
447 1905 580 1954 atque
598 1898 783 1953 profana
800 1903 1079 1940 monumenta

186 1969 509 2005 exstruxerunt.
556 1962 692 2004 Diod.
722 1962 799 2004 lib.
820 1972 886 2002 11.
911 1959 1010 2002 Ἀπὸ
1034 1960 1079 2002 δὲ

186 2026 335 2068 τούτων
359 2026 567 2079 ’γενόμενος
595 2027 618 2066 ὁ
655 2024 800 2077 Γέλων,
835 2025 880 2065 ἐκ
903 2023 977 2075 μὲν
1000 2027 1079 2066 τῶν

185 2090 371 2145 λαφύρων
404 2088 672 2133 κατεσκεύασε
709 2088 824 2130 ναοὺς
851 2088 1080 2140 ἀξιολόγους

186 2152 391 2207 Δήμητρος
420 2153 487 2195 καὶ
515 2152 658 2206 Κόρης.
704 2151 900 2194 Frontin.
935 2151 992 2192 de
1018 2151 1080 2193 A·

186 2218 488 2272 quaeductibus
504 2233 517 2260 z
544 2220 558 2240 ‘
575 2218 714 2258 Vetus
734 2213 849 2257 Anio
876 2220 978 2268 post
1005 2226 1079 2256 an-

186 2293 265 2323 nos
283 2293 357 2324 ιι..
393 2293 519 2336 quam
551 2279 698 2333 Appia
733 2278 947 2333 producta
979 2283 1073 2320 est:

186 2355 301 2387 anno
345 2344 404 2386 ab
454 2345 513 2387 U.
560 2344 611 2385 C.
657 2340 1079 2396 quadringentesimo

187 2408 454 2462 octogesimo
500 2407 655 2461 primo,
698 2405 874 2447 Manius
922 2404 1078 2446 Curius

187 2471 419 2523 Dentatus,
451 2470 524 2524 qui
550 2481 778 2512 censuram
798 2480 895 2510 cum
924 2468 974 2510 L.
996 2468 1080 2510 Pa-

187 2535 300 2588 pirio
335 2535 524 2577 Cursore
568 2533 718 2586 gessit,
771 2530 969 2583 Anionis,
1004 2531 1079 2585 qui

187 2610 303 2640 nunc
321 2598 480 2639 dieitur
497 2597 654 2646 Vetus,
672 2608 824 2650 aquam
840 2595 1078 2648 perducen-

189 2663 287 2703 dam
307 2662 351 2702 in
370 2662 518 2703 urbem
533 2673 587 2702 ex
607 2659 818 2702 manubiis
838 2659 894 2699 de
909 2658 1079 2711 Pyrrho

191 2726 333 2778 captis
364 2724 562 2766 curavit!
607 2724 684 2777 Sp.
723 2722 914 2764 Carvilio
950 2726 996 2764 et
1027 2722 1079 2764 L.

191 2789 369 2841 Papirio
387 2788 510 2829 Coss.
531 2786 688 2828 Cicero
708 2790 859 2827 contra
877 2785 1076 2827 Rullum:

189 2853 202 2874 ‘
220 2851 267 2892 Si
301 2856 371 2892 est
399 2861 569 2903 aequum
598 2849 766 2903 prades
785 2860 837 2890 ac
855 2848 1079 2890 manubias

187 2926 284 2956 suas
301 2914 597 2967 Imperatores
625 2924 712 2955 non
739 2912 782 2953 in
805 2917 1080 2952 monumenta

192 2970 387 3018 Deorum
406 2975 728 3027 immortalium,
745 2987 884 3029 neque
902 2974 947 3016 in
962 2974 1080 3016 urbis

189 3045 441 3082 ornamenta
458 3039 683 3092 conferre;
711 3041 788 3082 sed
816 3041 871 3083 ad
891 3042 1079 3083 Decem·

191 3106 306 3146 viros
344 3110 550 3158 tanquam
580 3104 790 3146 Domino·
827 3105 1080 3157 reportare?

193 3167 398 3208 Gebhard.
451 3166 634 3220 Detulit]
661 3168 896 3221 Ultraject.
921 3168 1079 3212 retulit.

189 3232 358 3274 Schott.

247 3296 433 3350 Cyzicum
459 3295 654 3337 obsidione
681 3293 884 3348 uberae]
914 3296 1079 3337 Diodo-

192 3372 264 3402 rus
293 3360 461 3402 Siculus
493 3358 570 3401 lib.
601 3369 682 3400 xv.
708 3356 888 3408 Τιμόθεε»
917 3359 942 3399 ὁ
966 3358 1080 3408 Ἀθη-

192 3421 306 3466 nim
332 3421 572 3478 στρατηγὸς,
598 3420 703 3475 ἔχων
734 3420 894 3473 δύναμιν
917 3421 1080 3475 πεζικήν

1907 240 2015 292 555

1133 385 1179 410 τε
1210 369 1274 410 καὶ
1305 369 1501 423 ναυτικὴν,
1535 367 1711 421 Τορώνην
1728 365 1802 417 μὲν
1819 367 1883 408 καὶ
1901 369 2018 408 Ποτί-

1132 434 1243 474 δαιαν
1276 432 1535 486 πολιορκήσας
1572 431 1668 483 εἷλε,
1708 433 1939 480 Κωικηνοῗς
1975 431 2019 472 δὲ

1131 495 1465 550 πολιορκουμένοις
1523 495 1751 545 ἐβοήθησεν.
1836 495 2018 536 Lambin.

1134 560 1318 613 Cyzicus
1355 560 1459 601 urbs
1496 560 1671 612 antiqua
1707 560 1751 599 in
1787 559 1932 612 Mysia
1963 559 2019 600 ad

1132 622 1446 675 Propontidem
1485 624 1618 676 juxta
1655 623 1941 665 Ptolemaeum
1974 628 2022 665 et

1135 688 1253 728 alios.
1299 687 1353 727 In
1373 687 1532 728 Graeco
1551 691 1619 726 est
1639 684 1819 737 Κύζικος.
1867 686 1954 727 Sed
1973 692 2021 727 et

1137 751 1305 802 Cydicos
1324 755 1371 790 et
1397 749 1583 795 Quizicus
1602 748 1826 799 dicebant,
1841 761 1919 802 pro
1942 751 2022 802 Cy-

1133 814 1236 854 zicos
1258 814 1326 853 vel
1356 813 1545 866 Cyzicus,-
1575 825 1672 866 quae
1705 813 1865 852 Chizico
1895 813 2020 854 hodie

1135 879 1252 933 apud
1267 879 1545 932 Sophianum.
1595 877 1648 918 In
1666 878 1844 931 antiquo
1862 878 2020 918 numis-

1134 948 1269 994 mate,
1285 941 1398 995 quod
1417 940 1628 982 Gordiani
1647 940 1827 993 imperio
1842 941 2022 982 circum-

1134 1005 1292 1056 fertur,
1308 1005 1404 1046 haec
1420 1004 1643 1045 literarum
1662 1003 1874 1045 formula:
1901 1008 2023 1045 NEO·

1136 1074 1308 1110 ΚΟΡΩΝ
1359 1073 1661 1110 ΚΥΙῙΚΗΝΩΝ.
1729 1069 1863 1122 Cujlis
1902 1069 2022 1109 vocis

1135 1134 1313 1175 tertium
1331 1134 1590 1174 elementum
1608 1138 1626 1172 1
1647 1145 1725 1186 pro
1742 1137 1772 1175 Ξ
1791 1142 1875 1173 non
1890 1133 2024 1174 semel

1134 1197 1399 1249 usurpabant
1429 1201 1627 1237 vetere-st
1668 1194 2023 1249 quemadmodum

1134 1259 1180 1300 in
1215 1261 1548 1311 ΑΛΕΙΑΝΔΡΟΣ,
1584 1263 1631 1300 et
1663 1258 1878 1300 sexcentis
1914 1258 2023 1299 aliis.

1136 1324 1248 1366 Quae
1266 1335 1370 1365 sane
1389 1323 1604 1375 scriptura
1631 1322 1804 1364 Criticis
1832 1334 1917 1362 non
1946 1322 2024 1362 mi-

1134 1387 1292 1428 nimam
1312 1386 1577 1427 occasionem
1595 1386 1734 1439 dedit,
1745 1391 1792 1426 ut
1809 1397 1887 1438 pro
1907 1385 2024 1438 Cyzi-

1133 1461 1216 1500 cus,
1239 1449 1416 1503 cyaeimae
1431 1449 1701 1490 inducerent.
1749 1449 1949 1489 Kenchen.

1188 1512 1473 1565 Ariobarzani]
1501 1513 1574 1554 De
1609 1523 1694 1567 quo
1714 1511 1830 1552 infra
1858 1510 1912 1552 ad
1941 1511 2025 1551 Da-

1136 1582 1306 1619 tament

1190 1643 1316 1696 Laco]
1342 1642 1587 1696 Agesilaus.
1627 1641 1766 1682 Lamb.
1785 1642 1904 1692 Mag.

1189 1707 1265 1747 lue
1283 1707 1387 1747 cives
1403 1719 1493 1747 suos
1518 1718 1616 1757 agro
1644 1710 1759 1758 utque
1780 1705 1940 1745 urbibus
1957 1715 2025 1745 aa·

1134 1771 1226 1824 geri
1244 1770 1401 1822 maluit,
1417 1783 1530 1823 quam
1547 1771 1591 1810 id
1617 1782 1784 1820 sumere,
1802 1769 1910 1820 cnjus
1932 1779 2028 1821 par-

1137 1839 1216 1876 tem
1231 1836 1387 1875 domum
1401 1846 1513 1874 mam
1520 1832 1635 1883 ferre
1650 1832 1797 1885 posset]
1818 1831 1927 1872 Boni
1945 1830 2027 1871 viri

1139 1907 1208 1939 est
1235 1897 1504 1939 abstinentes
1531 1897 1691 1938 habere
1709 1897 1855 1936 oculos
1873 1900 1920 1936 et
1936 1907 2025 1937 ma-

1139 1973 1247 2003 nus:
1268 1962 1369 2002 boni
1381 1973 1485 2003 vero
1504 1960 1627 2012 civis,
1641 1959 1875 2000 utilitatem
1893 1965 2026 2011 atque

1138 2027 1450 2068 incrementum
1489 2025 1681 2066 civitatis
1717 2024 1862 2077 potius
1897 2035 2027 2077 quam

1139 2091 1356 2143 privatum
1384 2094 1597 2142 spectare.
1671 2089 1911 2141 Utrumque
1948 2087 2027 2127 im-

1141 2152 1280 2207 plevit
1322 2153 1534 2206 praeclare
1566 2151 1840 2200 Timotheus;
1889 2149 2030 2191 conti·

1141 2216 1237 2258 nuit
1272 2228 1422 2257 manus
1458 2227 1484 2256 a
1519 2214 1696 2268 rapinis,
1731 2214 1854 2255 auxit
1883 2213 2027 2266 potius

1140 2279 1376 2332 publicum,
1405 2291 1533 2333 quam
1569 2290 1687 2319 suam
1722 2277 1910 2318 domum.
1971 2277 2028 2316 E-

1132 2337 1306 2396 jusdem
1338 2341 1613 2383 abstInentiae
1641 2341 1841 2382 laudatur
1870 2338 2026 2381 Curius

1130 2406 1198 2462 ‚ab
1228 2411 1406 2447 auctore
1435 2405 1580 2447 viror.
1637 2405 1800 2446 Illustr.
1830 2416 1929 2456 cap.
1957 2406 2026 2445 ⁸3.

1141 2471 1154 2494 ‘
1175 2470 1284 2512 Cum
1313 2469 1563 2510 interversae
1600 2468 1795 2521 pecuniae
1829 2478 2029 2518 arguere·

1141 2537 1229 2582 tur,
1260 2537 1431 2584 guttum
1461 2531 1664 2584 ligneum,
1681 2542 1766 2582 quo
1793 2529 1854 2569 uti
1882 2529 1935 2568 ad
1962 2540 2029 2567 sa-

1140 2593 1304 2635 crificia
1322 2599 1624 2643 consueverat,
1642 2592 1686 2632 in
1715 2591 1903 2634 medium
1930 2602 2028 2643 pro-

1141 2657 1257 2707 tulit,
1269 2657 1519 2710 juravitque
1549 2668 1597 2699 se
1624 2656 1732 2697 nihil
1769 2655 1952 2708 amplius
1971 2654 2028 2695 de

1140 2720 1292 2773 praeda
1323 2719 1473 2761 hostili
1499 2719 1541 2760 in
1574 2719 1748 2760 domum
1782 2730 1900 2758 suam
1928 2729 2029 2758 con·

1141 2786 1352 2828 vertisse!
1431 2787 1490 2827 Et
1535 2785 1767 2827 Mummius
1812 2797 1909 2837 cap.
1956 2787 2026 2826 60.

1140 2853 1153 2875 ⁸
1174 2849 1406 2891 Mummius
1423 2849 1675 2890 Corinthum
1702 2847 1834 2900 signis
1853 2847 2027 2888 tabulis-

1142 2925 1227 2967 que
1246 2913 1478 2966 spoliavit:
1506 2911 1662 2966 quibus
1682 2923 1779 2953 cum
1799 2915 1937 2952 totam
1960 2922 2027 2951 re-

1141 2978 1304 3030 plesset
1322 2976 1512 3027 Italiam,
1532 2975 1574 3015 in
1595 2974 1767 3015 domum
1786 2986 1902 3014 suam
1920 2973 2028 3014 nihil

1141 3037 1358 3080 contulit.’
1387 3039 1537 3079 Front.
1553 3038 1630 3079 lib.
1644 3048 1710 3079 xv.
1730 3040 1772 3079 3.
1790 3036 1804 3060 ‘
1821 3038 1870 3078 L.
1885 3037 2027 3077 Mum-

1140 3103 1268 3155 mius,
1281 3102 1354 3156 qni
1373 3102 1582 3144 Corintho
1600 3107 1732 3154 capta
1748 3112 1833 3141 non
1852 3098 2027 3140 Italiam

1141 3167 1295 3219 solum,
1313 3165 1391 3207 sed
1423 3165 1553 3207 etiam
1583 3165 1844 3217 provinciam
1867 3162 2027 3204 tabulis

1140 3231 1382 3284 statuisque
1410 3230 1650 3279 exornavit,
1678 3228 1787 3269 adeo
1815 3240 1870 3269 ex
1896 3227 2028 3270 tantis

1140 3294 1353 3335 manubiis
1372 3294 1477 3334 nihil
1497 3294 1541 3334 in
1566 3305 1688 3334 suum
1720 3292 1953 3345 convertit,
1976 3297 2027 3334 ut

1140 3358 1271 3399 filiam
1290 3358 1382 3411 ejus
1394 3357 1569 3409 inopem
1581 3357 1763 3397 Senatus
1783 3366 1838 3397 ox
1851 3356 2027 3410 publico

1140 3420 1389 3464 dotaverit.’
1444 3420 1550 3462 Cum
1573 3424 1716 3461 autem
1734 3419 1830 3461 heic
1847 3419 2026 3461 avidita-
