2306 3900
307 228 464 282 cxlvi

305 363 502 419 Vergere:
531 371 612 413 at‘x,
641 379 719 419 qua
747 367 799 407 ad
827 368 1026 410 meridiem
1056 371 1180 424 vergit

359 419 461 472 (qua
479 426 588 474 parte
605 421 802 461 meridiem
820 424 994 478 spectat)
1021 437 1060 471 v,
1079 429 1106 465 2

304 471 492 513 Veritatis
509 472 675 525 diligens
692 473 956 530 (φιλαλήθης)
968 490 1048 525 -xv,
1066 482 1091 518 3

305 525 462 566 Versari
479 528 587 579 apud
605 527 776 580 aliquem
802 528 858 575 ix,
875 533 903 571 2
930 536 1016 570 tuto
1041 531 1183 571 versari

358 580 400 618 in
435 578 657 641 propinquo
692 581 780 622 loco
820 581 864 630 ii,
894 587 922 624 8
962 585 1104 624 versari
1139 585 1181 624 in

357 633 512 672 Sabmis
555 633 677 687 (esse,
723 636 970 690 commorari)
1014 637 1136 686 xxiv,
1157 641 1179 678 1

358 686 526 726 multum
546 686 588 727 in
612 688 775 741 judiciis
798 690 956 743 privatis
981 689 1025 738 ii,
1044 696 1067 732 1
1097 703 1183 730 ver·

359 739 433 778 sari
463 740 505 779 in
535 740 639 781 bello
667 742 722 790 xi,
751 747 775 784 l
820 743 866 782 in>
892 745 1064 783 exercitu
1089 758 1128 791 V,
1155 748 1181 784 2

359 793 401 831 in
419 793 643 835 celebritate
662 795 837 848 (prodire
853 796 895 835 in
912 803 1062 849 partem
1089 798 1181 837 aedi-

359 859 425 885 um
439 847 722 899 frequentatam
739 861 928 889 concursu
945 851 1182 902 hominum),

359 899 477 939 Praef.
518 901 560 940 in
579 901 1102 955 disputanda'Philosophia,
1121 903 1183 943 Fr.

359 957 384 993 5
404 953 445 991 in
463 953 561 993 Asia
578 953 635 995 sic
650 961 834 1004 versatus,
853 962 898 995 ut
916 955 994 1010 (sic
1009 970 1051 996 se
1065 957 1184 1010 gessit

360 1012 406 1046 ut
429 1006 527 1060 διο.)
555 1007 650 1055 xvii,
666 1012 691 1048 3
722 1008 825 1048 'Side
853 1009 895 1049 in
913 1010 1112 1062 republica
1128 1011 1184 1050 ita

357 1066 529 1100 versatus
565 1067 640 1109 est,
676 1067 722 1101 ut
754 1061 829 1102 &c-
857 1076 946 1111 xxv,
964 1067 992 1104 6
1018 1063 1184 1104 multum

359 1114 402 1152 in
428 1114 599 1166 imperiis
626 1115 989 1172 magistratibusque
1013 1123 1185 1158 versatus

358 1167 388 1214 i,
405 1171 431 1208 8
459 1167 519 1222 (v.
536 1167 772 1223 Imperium)

305 1217 450 1260 Versus
482 1221 645 1262 Homeri
678 1236 717 1270 x,
750 1227 778 1264 6
822 1224 916 1277 (hos
951 1237 1006 1264 sc.
1041 1224 1083 1263 in
1104 1237 1184 1264 ore

357 1271 536 1314 ferebant
553 1275 719 1317 subinde
739 1283 916 1318 veteres:
944 1277 1006 1318 his
1031 1277 1185 1330 judicia

361 1340 432 1367 sua
465 1329 516 1369 de
551 1330 632 1369 reb.
668 1342 946 1384 sermonesque
981 1332 1101 1371 serios
1137 1344 1186 1372 ac

353 1379 513 1431 jocosos
547 1383 775 1424 efferebant.
817 1384 1020 1438 Boecler.)
1055 1398 1186 1425 versus

358 1434 645 1486 epigrammatis
666 1438 718 1474 de
736 1438 871 1487 praelio
892 1438 1104 1477 Plataeensi
1129 1438 1186 1485 iv,

362 1490 386 1528 1
414 1487 586 1538 versibus
606 1487 779 1540 aliquem
803 1488 998 1541 exponere
1024 1503 1114 1537 τιν,
1130 1495 1185 1532 18

358 1540 464 1581 facta
473 1541 612 1581 illustr.
625 1541 738 1581 viror.
757 1542 828 1581 sub
840 1542 1073 1595 imaginibus
1087 1557 1185 1596 qua-

361 1594 481 1634 ternis
514 1595 722 1647 quinisque
753 1595 927 1635 versibus
954 1595 1187 1645 describere,

358 1647 458 1693 ibid.
484 1648 607 1688 multa
618 1647 742 1688 millia
754 1660 934 1690 versuum
950 1653 1055 1697 xv,4
1083 1650 1187 1702 (vid.

359 1713 449 1753 quae
474 1701 613 1741 Lamb.
636 1715 686 1742 ex
711 1700 899 1743 Duareno
916 1703 994 1743 huc
1012 1704 1163 1743 notavit
1175 1718 1188 1754 3

359 1760 453 1795 sunt
485 1760 616 1794 autem
662 1768 810 1804 versus,
855 1761 869 1779 ‘
901 1755 1046 1805 lineae,’
1090 1769 1188 1809 quas

359 1821 558 1848 vocamus.
584 1823 622 1848 v.
652 1808 794 1848 Isidor.
820 1809 851 1857 i,
867 1813 911 1857 6,
930 1813 996 1851 14.
1035 1809 1188 1849 Horum

359 1875 522 1901 numero
540 1862 666 1902 metiri
683 1863 799 1903 libros
816 1863 1010 1913 solebant,
1021 1876 1190 1916 eumque

359 1915 404 1954 in
434 1915 573 1956 ultima
597 1929 688 1957 cera
715 1916 986 1957 ascribebant:
1014 1917 1084 1970 qui
1106 1931 1190 1957 mos

361 1974 404 2008 et
413 1968 591 2010 Hebraeis
605 1969 728 2010 critic.
736 1984 778 2010 ν.
792 1970 961 2012 Casaub.
975 1972 1029 2021 ad
1041 1971 1191 2011 Athen.

361 2021 417 2069 vi,
437 2027 503 2063 10.
529 2031 572 2063 et
600 2023 761 2064 Salmas.
780 2025 929 2078 proleg.
946 2023 991 2064 in
1007 2024 1130 2064 Solin.
1150 2030 1190 2066 5.

360 2075 499 2116 Boecl.
530 2076 641 2118 Add.
660 2078 777 2118 voss.
806 2079 858 2118 de
886 2079 990 2119 vitiis
1004 2126 1006 2130 ι
1021 2091 1132 2118 serm.
1162 2079 1190 2126 i,

362 2133 432 2170 26.
459 2136 501 2170 et
518 2143 608 2170 cum
637 2131 698 2171 his
728 2145 816 2172 com
845 2145 910 2172 ara
937 2131 1005 2173 Jo.
1029 2131 1191 2173 croium

361 2195 502 2223 sacrar.
533 2186 685 2225 observ.
717 2185 760 2225 in
833 2192 851 2226 .‘
861 2185 910 2225 Τ.
929 2199 1017 2240 cap.
1038 2189 1104 2226 11.
1123 2186 1192 2238 qui

360 2243 481 2289 negat
516 2237 558 2277 in
593 2239 656 2278 his
690 2238 956 2280 locutionibus
996 2245 1009 2263 ‘
1041 2239 1192 2287 lineas)

362 2291 433 2330 sed
451 2291 582 2343 potius
608 2292 623 2316 ‘
641 2294 847 2334 commata?
873 2293 937 2332 vel
964 2298 977 2316 ‘
997 2292 1191 2346 periodos'

363 2343 506 2381 debere
549 2345 730 2392 intelligi.
784 2346 970 2394 Denique
1015 2345 1107 2383 vide
1153 2352 1194 2382 et

362 2393 583 2445 Epistulam
608 2394 671 2433 Cl.
688 2393 883 2441 Salmasii,
899 2405 989 2445 quae
1003 2393 1045 2433 in
1063 2395 1191 2434 Sarra-

361 2446 486 2485 vianis
504 2451 612 2485 extat
627 2458 718 2498 pag.
735 2444 843 2498 235)
984 2483 986 2486 ,

308 2500 517 2540 Versuram
547 2499 676 2539 facere
702 2513 793 2547 ην,
811 2503 853 2541 2.
878 2502 907 2540 9
942 2499 1075 2554 (Inter
1109 2515 1192 2542 om-

364 2567 435 2595 nes
469 2551 747 2607 expositiones,
782 2553 898 2602 forte,
933 2554 1082 2606 optime
1113 2568 1193 2595 rem

366 2607 585 2660 expediunt
619 2605 726 2647 Festi
762 2609 880 2647 verba
897 2614 917 2647 ι’
955 2613 969 2630 ‘
999 2621 1192 2648 versuram

364 2661 508 2708 facere,
533 2666 708 2701 mutuam
725 2662 932 2714 pecuniam
950 2674 1115 2711 sumere,
1145 2676 1193 2703 ex

367 2729 418 2755 eo
448 2715 611 2754 ductum
642 2720 718 2761 est,
748 2715 857 2767 quod
883 2715 996 2755 initio
1021 2715 1092 2768 qui
1108 2729 1194 2756 mu-

369 2769 579 2808 tuabantur
595 2769 645 2808 ab
661 2767 748 2808 aliis
765 2782 860 2817 non,
879 2775 925 2808 ut
942 2769 1102 2809 domum
1118 2770 1194 2809 fer-

366 2829 468 2870 rent,
513 2822 584 2862 sed
620 2827 664 2861 ut
699 2822 784 2862 aliis
818 2823 1027 2870 solverent,
1073 2823 1196 2864 veluti

366 2882 561 2916 verterent
576 2875 820 2916 debitorem-³
874 2875 1005 2930 Atque
1023 2878 1109 2917 haec
1126 2891 1196 2916 ex·

367 2929 528 2981 plicatio
560 2929 746 2970 convenit
760 2929 931 2982 Nepotis
954 2929 1060 2972 loco.
1075 2930 1196 2971 Adde

366 2982 666 3027 Simeon-,Bosii
684 2984 939 3025 animadvers.
956 2983 1048 3023 iu'E
1079 3010 1090 3023 .
1107 2985 1194 3025 Cic.

368 3036 419 3075 ad
436 3036 560 3078 Attic.
589 3051 628 3084 v,
646 3041 688 3085 2,
709 3042 747 3078 1.
775 3052 813 3077 v.
846 3044 888 3077 et
919 3042 1004 3078 not.
1069 3038 1195 3078 mstii.

367 3089 564 3140 Donatus,
594 3096 607 3115 ·
626 3103 680 3130 aes
703 3091 872 3132 alienum
895 3105 942 3131 ex
974 3104 1050 3131 aere
1066 3091 1195 3131 alieno

370 3143 543 3184 solvere-⁹
598 3143 735 3185 Gifan.
762 3151 837 3186 tres
860 3143 989 3198 signif.
1012 3145 1195 3198 phraseos

370 3195 542 3248 collegit,
567 3199 610 3239 in
628 3199 779 3239 observ.
796 3212 915 3252 quem
931 3199 1036 3238 vide.
1087 3198 1195 3238 Illud

372 3250 517 3302 ambigi
542 3253 695 3294 interim
723 3252 788 3293 vix
812 3253 946 3300 debet,
973 3265 1080 3304 saepe
1098 3251 1196 3292 nihil

372 3301 482 3341 aliud
506 3316 606 3351 esse,
637 3320 754 3358 quam
781 3311 794 3330 ‘
813 3312 992 3346 mutuum
1017 3305 1195 3345 sumere.'

373 3356 650 3397 Consulendus
676 3360 793 3399 otiam
821 3360 884 3400 Cl.
909 3357 1087 3399 Salmasii
1111 3358 1194 3411 ple·

372 3421 446 3448 nus
460 3410 726 3450 reconditioris
744 3414 930 3453 doctrinm
957 3419 969 3436 ⁶
988 3414 1040 3453 de
1057 3411 1196 3452 usuris'

374 3463 669 3569 ‘ii’m'lefmdus
694 3478 782 3518 cap.
799 3470 840 3508 ⁷.
857 3481 898 3519 p.
919 3470 1010 3509 100.
1028 3471 1068 3508 et
1085 3479 1194 3521 seqq.

414 3529 483 3557 occ
501 3543 511 3556 .

1112 245 1314 286 INDEX

1242 371 1410 411 Vertens
1439 383 1564 412 annus
1595 371 1747 427 (totus)
1773 374 1864 423 xvii,
1883 378 1909 416 4
1948 374 2008 430 (v.
2033 376 2120 418 An·-

1296 438 1383 464 nus.
1422 425 1648 467 Macrobius
1681 427 1835 477 Satura.
1870 433 1911 471 1.
1945 442 2033 483 cap.
2067 434 2124 472 14'

1294 484 1309 501 ⁴
1328 477 1430 517 Solis
1447 491 1571 519 annus
1589 493 1637 520 eo
1654 481 1804 520 dierum
1822 494 1981 522 numero
2009 482 2120 524 colli-

1297 533 1448 584 gendus
1466 538 1540 581 est,
1557 547 1674 586 quem
1699 535 1866 588 peragit,
1897 536 1992 575 dum
2009 537 2061 575 ad
2078 536 2121 576 id

1297 585 1450 637 signum
1469 599 1511 625 se
1528 588 1660 627 denuo
1673 588 1803 636 vertit,
1818 601 1866 628 ex
1879 601 1959 641 quo
1973 589 2121 642 digres-

1298 651 1362 678 sus
1392 645 1479 691 estz
1509 639 1615 680 unde
1642 654 1767 682 annus
1790 647 1945 682 vertens
1962 649 2134 691 vocatur,

1297 697 1338 730 et
1361 692 1524 732 habetur
1551 707 1728 746 magnus,
1753 707 1875 747 quum
1900 694 2025 735 Lun'ae
2052 709 2123 736 an-

1297 757 1371 784 nus
1400 746 1525 784 brevis
1550 747 1734 798 putetur?
1790 747 1974 788 Ciceroni
1991 755 2134 795 autem,

1297 797 1430 836 Somn.
1466 798 1640 850 Scipion.
1672 812 1798 839 annus
1823 806 1837 822 ‘
1856 802 2022 850 vertens'
2053 816 2125 842 seu

1299 861 1463 903 magnus
1493 851 1663 902 dicitur3
1691 866 1780 892 eum
1806 854 1857 892 ad
1878 852 2000 902 idem,
2018 857 2125 896 unde

1300 904 1418 943 semel
1435 903 1611 957 profecta
1626 913 1733 953 sunt,
1761 912 1905 946 cuncta
1937 913 2040 948 astra
2064 922 2124 948 re·
2200 923 2201 926 ¹

1299 956 1456 1004 dierint,
1500 959 1744 1012 eandemque
1775 959 1892 999 totius
1928 960 2035 1001 coeli·
2055 962 2126 1002 de-

1300 1010 1550 1063 scriptionem
1582 1012 1710 1065 longis
1742 1013 1954 1054 intervallis
1983 1015 2126 1055 retule-

1302 1063 1391 1103 rint.
1444 1064 1597 1105 Eodem
1643 1066 1763 1106 modo
1803 1067 1968 1116 Plautus
2013 1068 2123 1109 Pers.

1299 1116 1354 1164 iv,
1379 1120 1422 1165 4,
1447 1122 1515 1159 76.
1542 1118 1642 1159 dixit
1668 1125 1681 1144 ‘
1700 1132 1873 1161 mensem
1896 1122 2124 1162 vertentem’

1299 1182 1371 1223 pro
1387 1171 1563 1226 integro)
2078 1190 2080 1192 ·

1247 1219 1557 1277 vesperascente
1568 1226 1667 1266 coelo
1694 1227 1775 1276 xvi,
1787 1230 1816 1269 2
1842 1227 2023 1282 (Tacitus
2035 1241 2128 1282 pas-

1302 1277 1391 1326 sim,
1414 1283 1432 1302 ⁴
1450 1286 1746 1333 vesperascente
1764 1280 1868 1334 die’)
2080 1298 2082 1301 ¹

1247 1329 1428 1386 Vestigia
1443 1332 1635 1374 servitutis
1644 1333 1836 1387 (indicia,
1853 1333 2129 1388 monumenta)

1299 1398 1366 1433 xx,
1385 1389 1410 1426 3
1912 1414 1914 1417 >
1986 1414 1990 1420 -

1248 1435 1379 1478 Vestis
1410 1439 1575 1480 Medica
1600 1441 1654 1488 iv,
1674 1444 1700 1482 3
1727 1440 1871 1494 (serica
1901 1453 1966 1490 sc.-
1987 1441 2130 1481 Persa-

1300 1504 1386 1531 rum
1419 1493 1627 1545 praecipuis
1658 1500 1822 1546 gestata,
1850 1500 1894 1534 et
1914 1494 2128 1548 aliquando

1301 1544 1440 1596 legatis
1471 1544 1579 1586 dono
1613 1547 1719 1587 data.
1751 1547 1836 1588 vid.
1868 1546 2043 1587 Brisson.
2076 1547 2130 1587 de

1302 1609 1411 1649 regn,
1431 1597 1540 1637 Pers·
1570 1602 1608 1637 l.
1635 1598 1734 1635 Eam
1756 1600 1824 1634 hic
1850 1599 2132 1651 usurpat'Pa'u·

1302 1650 1445 1698 sanias,
1468 1649 1542 1703 ‘qui
1560 1649 1708 1696 incivili
1726 1648 1897 1689 elatione
1911 1650 1961 1688 in'
1972 1653 2132 1695 Persam

1303 1709 1418 1742 totus*
1436 1703 1666 1744 desciverat.
1689 1701 1851 1755 Boecl.)
1876 1703 1994 1744 vestis
2017 1703 2133 1759 muli-

1304 1757 1405 1796 ebris
1430 1754 1500 1804 vii,
1519 1759 1573 1798 10
1599 1756 1876 1810 (χιτωνίᾱκους
1897 1757 2134 1812 appellatfh.

1304 1809 1333 1849 l.
1350 1809 1620 1863 Plutarchus).
1649 1808 1813 1863 optima,
1831 1822 1951 1863 quam
1967 1817 2132 1866 satrapae

1302 1862 1402 1916 regii
1418 1870 1559 1916 gerunt
1584 1862 1666 1912 xiv,
1681 1868 1707 1905 3
1734 1869 1844 1904 veste
1870 1862 2044 1918 aliquem
2071 1872 2132 1906 te-

1304 1930 1409 1970 gere,
1428 1917 1527 1956 ibid.
1733 1946 1739 1950 -
1882 1967 1884 1969 ,
2004 1933 2009 1940 ’
2081 1925 2087 1931 '

1249 1969 1604 2024 Vestitus-agrestis
1630 1970 1710 2018 xvi,
1727 1974 1756 2012 2
1781 1970 1952 2020 humilis,
1978 1971 2133 2013 obsole-

1305 2030 1368 2063 tus
1406 2025 1500 2072 xvii,
1530 2029 1557 2066 8
1613 2025 1989 2079 militaris.(oppon.
2020 2026 2134 2067 ducis

1307 2077 1490 2132 vestitus)
1516 2078 1596 2126 xiv,
1613 2083 1641 2120 9
1668 2078 1812 2119 vestitu
1839 2085 1946 2119 tecta
1969 2080 2135 2132 consilia

1306 2137 1348 2171 et
1364 2132 1587 2172 molitiones
1614 2133 1739 2181 xvi,‘2
1819 2132 1821 2135 ’
1885 2132 1888 2134 ’
1966 2144 1968 2146 ’

1251 2183 1456 2236 Veterani}
1474 2184 1615 2226 milites
1642 2184 1750 2234 xviii,
1770 2189 1822 2227 10
1848 2198 1982 2227 eorum
2013 2184 2135 2240 licen-

1306 2238 1362 2278 tia
1377 2245 1420 2280 et
1436 2239 1645 2281 insolentia
1657 2255 1660 2261 ⁷
1672 2239 1782 2287 xviii,
1799 2243 1826 2281 8
1998 2251 2000 2253 ·

1252 2291 1445 2333 Vettones
1479 2293 1707 2347 (Hispaniae
1741 2292 1927 2335 citerioris
1973 2291 2137 2346 populi)

1306 2346 1402 2390 xxii,
1427 2350 1454 2388 4
1494 2346 1727 2399 (Appianus
1762 2347 1929 2394 Iberioa,
1965 2345 2145 2398 generali,

1304 2396 1463 2433 nomine
1473 2398 1636 2446 Ἴβηρας
1656 2400 1793 2448 vocat)

1251 2446 1410 2487 vetusti
1427 2459 1552 2487 mores
1570 2446 1755 2499 Carthag.
1781 2449 1875 2495 xxii,
1892 2454 1919 2488 8

1251 2498 1406 2541 Vexare
1441 2500 1638 2553 regionem
1683 2499 1902 2554 (populari,
1946 2501 2137 2557 diripere)

1305 2554 1386 2602 aiv,
1420 2556 1462 2594 4.
1500 2558 1552 2595 10
1598 2554 1737 2594 vexari
1778 2555 1852 2608 (ab
1894 2555 2007 2596 hoste
2049 2570 2138 2610 pre-

1262 2639 1265 2642 ,
1307 2608 1384 2661 mi)
1411 2607 1518 2655 xviii,
1537 2613 1563 2649 5
1602 2609 1731 2648 vexari
1759 2608 1864 2648 bello
1890 2622 1955 2657 xx,
1973 2613 2007 2650 1·
2028 2623 2136 2664 mag—

1311 2662 1371 2702 nis
1390 2661 1597 2702 terroribus
1623 2675 1714 2710 xxV,
1730 2666 1759 2703 9
1786 2661 1939 2716 (Grave
1956 2663 2034 2704 hoc
2050 2677 2136 2704 ver-

1308 2717 1401 2755 bum
1419 2721 1493 2763 est,
1511 2728 1601 2755 nam
1619 2715 1689 2769 qui
1706 2715 1825 2755 fertur
1842 2721 1884 2756 et
1899 2721 2137 2769 raptatur-et

1305 2771 1384 2810 huc
1401 2775 1520 2822 atque
1538 2769 1632 2809 illuc
1645 2769 1882 2817 distrahitur,
1899 2770 1934 2809 is
1959 2774 1972 2794 ¹
1992 2771 2137 2811 vexari’

1309 2823 1464 2876 pro‘prie
1482 2823 1638 2870 dicitur,
1670 2823 1726 2863 ait
1744 2822 1849 2863 Gell.
1875 2823 1918 2870 ii,
1937 2826 1978 2863 6.
2014 2823 2135 2864 Adde

1309 2877 1492 2918 Macrob.
1511 2875 1667 2916 Saturn.
1694 2876 1748 2923 vi,
1767 2879 1809 2917 7.
1837 2875 2001 2930 Boecl.)

1255 2928 1334 2970 Via
1357 2929 1494 2983 Appia
1519 2944 1608 2978 xxv,
1627 2934 1681 2971 22
1718 2929 1807 2984 (De
1838 2942 1887 2970 ea
1916 2935 2009 2983 post
2037 2931 2134 2970 alios

1309 2984 1457 3036 prolixe
1468 2982 1619 3024 Auctor
1631 2983 1771 3024 Romae
1785 2983 2051 3029 Subterraneae
2065 2985 2135 3024 lib.

1310 3042 1348 3079 1.
1368 3050 1413 3078 ca
1445 3064 1456 3077 .
1476 3041 1526 3079 11
2010 3047 2014 3053 ·

1255 3089 1335 3131 Via
1350 3051 1487 3131 declem
1514 3037 1665 3131 dierum
1692 3089 1800 3138 xviii,
1819 3094 1846 3130 8
1874 3091 1938 3130 via
1954 3103 2033 3144 qua
2050 3103 2135 3131 om-

1309 3157 1379 3184 nes
1396 3151 1630 3192 commeant,
1648 3143 1747 3184 ibid.
1786 3144 1850 3183 via
1864 3156 1954 3197 quae
1972 3144 2133 3207 longum

1310 3198 1527 3239 anfractum
1561 3199 1694 3246 habet,
1730 3197 1828 3237 ibid.
1872 3197 1936 3237 via
1972 3210 2133 3250 copiosa

1309 3252 1560 3305 omniumque
1578 3264 1704 3292 rerum
1727 3251 1930 3291 abundans
1960 3251 2025 3304 (in
2055 3263 2134 3302 qua

1309 3317 1390 3344 non
1422 3305 1565 3345 desunt
1592 3305 1719 3358 copiae
1748 3318 1873 3344 rerum
1901 3303 2132 3345 necessaria-

1309 3358 1429 3411 rum),
1448 3359 1546 3399 ibid.
1585 3357 1649 3398 via
1666 3359 1830 3406 brevior,
1848 3358 1945 3398 ibid.
2000 3367 2002 3369 ’

1257 3413 1447 3453 Vicinitas
1464 3412 1556 3465 (pro
1575 3411 1637 3460 iis,
1656 3412 1725 3464 qui
1742 3413 1783 3451 in
1801 3411 1916 3451 vicin-
1931 3409 2133 3461 habitant)

1308 3466 1376 3513 vii,
1397 3469 1448 3506 10
1511 3466 1616 3507 conf.
1648 3465 1780 3507 Gifan.
1810 3464 1973 3504 observ.
2006 3463 2053 3504 1..
2081 3463 2130 3503 L.

1309 3531 1400 3571 pag.
1419 3522 1499 3560 249
