2306 3900
652 252 793 291 xm.
854 251 1258 301 summanum,
1298 251 1432 290 cAP.
1471 236 1523 289 3.

165 385 217 414 ac
247 385 475 426 progressu
513 372 830 413 continuerunt.
898 369 1048 410 Codex

164 437 421 490 Bru-gensis,
435 442 549 477 teste
570 435 734 487 Magio,
764 437 1046 487 represserunt.

164 500 223 540 Et
255 500 320 540 ita
353 499 540 553 loquitur
579 498 644 538 M.
673 498 836 538 Tullius
870 496 1046 538 Attico:

161 563 175 585 ‘
191 562 418 604 Dubitavit
440 566 631 603 nostrum
660 572 801 612 nemo,
831 560 933 613 quin
954 560 1048 601 Cae-

164 637 234 666 sar
251 625 409 665 itinera
427 623 724 677 repressisset!
755 622 957 663 Gebhard.

215 688 293 728 Ille
310 687 520 728 temeraria
544 699 636 727 usus
651 685 825 738 ratione]
851 687 1049 726 Temera-

165 751 229 791 rie
256 750 362 803 egit.
430 749 612 790 Diodor.
642 749 720 790 lib.
751 760 848 790 xvi.
894 750 972 790 Τοῦ
1006 747 1049 790 δὲ

162 812 339 868 Xdpvrros
357 812 463 866 παρὰ
490 812 607 866 φύσιν
637 811 879 864 βουλομένου
908 827 1050 864 ναυμα·

162 879 263 929 χεῒν.
291 878 412 921 Idm

219 942 292 994 Ee,
308 947 354 983 ut
371 942 416 982 in
434 954 507 982 sua
532 942 627 982 navi
642 946 747 982 esset
760 941 945 995 fortuna,
973 955 1048 995 quo

160 1005 427 1056 contenderat,
434 1005 634 1058 pervenit]
662 1007 852 1047 Fortuna
865 1007 909 1046 in
925 1006 1048 1046 navis

163 1080 294 1121 prora
322 1067 517 1122 effigiata
551 1075 627 1110 aut
663 1070 798 1122 picta,
835 1070 906 1111 cui
952 1081 1047 1110 sese

163 1132 452 1184 mancipabat.
507 1133 671 1187 Estque
708 1134 721 1157 ‘
737 1132 899 1174 tutela'
927 1130 1047 1185 rap&-

162 1207 288 1244 cmmr
311 1195 383 1234 τοῦ
403 1193 557 1247 πλοίου,
575 1208 673 1248 quae
703 1195 874 1246 navigio
893 1206 1048 1235 nomen

161 1258 428 1309 imponebat.
458 1259 668 1300 Lucianus
686 1259 842 1309 Navig.
860 1257 935 1306 τὴν
953 1257 1048 1297 ἐκώ·

161 1336 277 1371 νυμον
288 1323 360 1370 τῆς
378 1325 469 1363 νεῶς
489 1320 639 1373 ἔχουσα
654 1321 864 1371 τὴνἼσην.
893 1322 1046 1363 Keuck.

161 1385 406 1436 Lambinus,
423 1391 470 1427 ut
487 1387 524 1426 si
542 1387 585 1428 in
611 1400 682 1428 sua
699 1399 816 1427 mauu
837 1390 938 1427 esset
956 1385 1048 1436 for-

161 1453 273 1489 tuna.
328 1449 554 1490 Piccartus
575 1455 723 1491 noster
747 1449 1049 1490 Periculorum

163 1511 315 1552 Critic.
333 1512 407 1553 lib.
424 1512 628 1564 singulari
657 1525 753 1565 cap.
773 1516 838 1553 10.
867 1516 923 1563 et,
939 1515 986 1551 ut
1012 1511 1051 1551 si

160 1587 230 1614 suu
265 1575 358 1616 navi
392 1579 493 1616 esset
517 1575 703 1626 fortuna,
737 1575 860 1628 legit.
918 1573 1047 1618 Quod

162 1638 379 1691 approbat
396 1640 785 1681 Schottus'duabus
804 1640 859 1680 de
893 1639 1046 1680 causis.

164 1706 201 1744 1.
230 1703 345 1757 quod
371 1705 605 1745 Fortunam
634 1704 678 1744 in
709 1704 880 1744 navium
909 1703 1049 1756 proris

164 1766 435 1808 collocarint.
477 1770 520 1807 2.
549 1766 664 1820 quod
691 1766 969 1807 Timotheum
994 1777 1048 1807 eo

162 1827 428 1870 fortunatum
448 1828 582 1870 fuisse
607 1829 781 1882 Ulpian.
800 1829 845 1870 in
865 1829 1047 1883 Olynth.

163 1903 216 1932 11.
253 1892 555 1933 Demosthenis
574 1891 752 1944 referat,
770 1899 820 1934 ut
833 1893 1048 1934 dormiens

161 1955 415 2007 pingeretur
435 1956 520 1996 reti
534 1955 662 1996 urbes
680 1961 878 2008 captans,
897 1956 1050 1997 addita

161 2020 343 2061 muliere
379 2020 582 2062 Fortuuae
619 2021 760 2062 titulo.
827 2021 914 2062 Sed
954 2021 1049 2062 haec

161 2082 266 2123 mihi
297 2083 542 2136 scrupulum
579 2096 666 2125 non
703 2085 913 2137 eximunt,
947 2097 1050 2139 quo-

163 2147 278 2187 niam
294 2147 421 2188 video
439 2147 534 2188 hoec
561 2148 702 2188 omnia
719 2159 804 2189 non
823 2148 958 2201 magis
981 2159 1049 2188 re·

161 2208 268 2250 ferri
286 2221 413 2262 posse
441 2210 496 2250 ad
527 2211 815 2261 Timotheum,
845 2224 972 2265 quam
992 2211 1046 2251 ad

161 2270 535 2325 Iphicratem‚aut
565 2273 839 2315 Menesthea.
893 2275 940 2315 Si
974 2275 1049 2315 ha-

163 2335 259 2376 buit
290 2336 524 2377 Fortunam
555 2337 600 2377 in
630 2337 754 2378 navis
787 2350 945 2390 prora3
972 2349 1050 2378 cur

162 2399 413 2451 opinaretur
430 2412 477 2441 se
495 2401 685 2442 habere?
721 2402 947 2455 Siquidem
961 2401 1050 2455 opi-

161 2463 234 2504 nio
261 2463 392 2505 rebus
418 2464 550 2505 certis
582 2469 628 2505 et
651 2465 695 2505 in
727 2477 876 2507 sensus
907 2466 1049 2507 iucur-

164 2529 360 2570 rentibus
390 2541 476 2571 nou
512 2531 624 2572 bene
657 2531 930 2583 applicatur:
971 2531 1047 2572 sed

161 2592 332 2645 notitia,
359 2594 437 2635 sed
467 2594 664 2636 scientia.
717 2595 892 2636 Deinde
915 2606 1048 2648 quare

162 2654 426 2708 impingatur
433 2657 679 2710 Timotheo,
691 2657 807 2710 qnod
821 2657 1048 2698 temerarie

164 2718 326 2760 Chares
356 2719 565 2773 deliquit?
592 2721 666 2762 ille
694 2717 752 2761 ut*
768 2725 892 2761 vetus
918 2726 966 2761 et
984 2727 1048 2762 ta-

161 2782 267 2823 lium
284 2795 458 2824 casuum
478 2785 681 2837 providus
709 2797 807 2826 cum
828 2785 1048 2838 Iphicrate

163 2845 341 2887 classem
373 2846 584 2898 cohibuit,
618 2859 672 2888 ne
703 2846 830 2888 fleret
861 2847 1048 2889 obnoxia

163 2910 416 2963 tempestati
444 2922 496 2952 ac
533 2910 773 2953 discrimini
805 2911 961 2952 maris:
1002 2917 1049 2952 at

163 2973 232 3014 hic
251 2974 481 3016 temeraria
497 2974 666 3016 ratione
694 2985 945 3027 progressus
966 2979 1050 3023 est,

163 3037 285 3089 quasi
304 3044 502 3079 eventum
523 3043 571 3079 et
592 3049 838 3079 successum
868 3037 1050 3078 haberet

164 3101 208 3140 in
229 3107 448 3153 potestate
465 3115 477 3151 ;
504 3102 624 3155 quasi
640 3100 822 3142 fortunae
835 3101 1050 3154 imperare

163 3169 327 3216 posset,
346 3170 395 3205 ut
413 3176 492 3217 pro
524 3164 701 3206 arbitrio
732 3165 865 3218 ipsius
893 3169 1050 3206 conata

164 3227 438 3268 secundaret.
486 3226 692 3268 Gebhard.
761 3227 874 3268 Rem
908 3227 1049 3279 tangit

164 3289 414 3331 Alexander
433 3289 487 3330 ab
501 3288 749 3330 Alexandro
765 3289 874 3330 libro
888 3301 923 3332 1.
937 3289 1048 3330 Gen.

166 3354 286 3395 Dier.
305 3365 398 3405 cap.
419 3357 485 3395 13.

220 3416 308 3462 Quo
325 3418 591 3468 contenderat,
616 3415 816 3470 pervenit]
845 3414 1048 3458 Totidem

166 3482 307 3522 verbis
328 3483 371 3523 in
389 3482 592 3525 Datame.

1886 234 1996 287 559

1166 366 1438 419 Compluribus
1466 365 1622 407 amissis
1638 363 1818 416 navibus]
1849 363 1995 406 Quum

1109 431 1272 484 ingenti
1291 436 1387 472 orta
1405 431 1596 484 procella
1613 436 1659 471 et
1685 429 1820 470 invita
1839 434 1998 468 natura

1109 499 1216 538 mari
1245 509 1435 550 pugnare
1468 501 1647 538 conatus
1684 499 1818 545 esset,
1850 494 1996 546 plures

1109 573 1239 602 naves
1276 559 1435 610 amisit,
1479 560 1546 600 uti
1594 557 1730 600 refert
1777 558 1995 600 Diodorus

1109 624 1182 665 lib.
1213 635 1310 664 xvi.
1341 623 1550 675 Polybius
1579 623 1695 665 Hist.
1722 623 1796 664 lib.
1823 635 1854 664 ι.
1874 635 1917 675 p.
1937 635 1996 663 m.

1107 691 1176 729 38.
1214 690 1283 729 39.
1319 687 1374 726 de
1422 686 1624 727 Romanis
1660 686 1792 726 etiam
1835 685 1997 739 prodit,

1109 750 1226 804 quod
1263 755 1440 806 tenaces
1485 749 1696 802 propositi
1741 750 1997 803 plerumque

1109 820 1229 854 terra
1262 813 1446 854 vicerint
1472 813 1640 853 hostem
1672 812 1743 853 vel
1775 813 1997 865 equalibus

1109 877 1272 918 viribus
1303 882 1349 918 et
1379 876 1544 929 animis,
1570 877 1639 917 vel
1666 877 1731 917 his
1751 876 1995 928 majoribus.

1109 942 1171 982 At
1202 941 1371 994 quoties
1402 946 1556 981 contra
1586 951 1704 981 mare
1737 945 1813 980 aut
1844 940 1996 980 coelum

1111 1004 1309 1057 projecta
1340 1003 1522 1057 quadam
1543 1002 1728 1044 audacia
1745 1002 1998 1056 pugnarint,

1109 1079 1269 1120 suaque
1283 1067 1358 1107 illa
1376 1067 1419 1106 vi
1437 1066 1621 1119 abrupta
1637 1067 1810 1107 vincere
1829 1072 1997 1119 satege-

1110 1131 1212 1183 rint,
1229 1131 1274 1170 in
1293 1140 1468 1182 magnas
1487 1130 1755 1171 calamitates
1781 1129 1996 1171 incidisse.

1107 1194 1233 1236 Idem
1252 1201 1509 1248 experturos
1530 1195 1574 1235 in
1594 1200 1830 1247 posterum,
1858 1195 1997 1237 donec

1111 1256 1334 1298 audaciam
1352 1258 1461 1298 hanc
1473 1263 1521 1298 et
1537 1258 1783 1299 violentiam
1798 1270 1998 1299 correxe-

1111 1321 1214 1372 rint,
1244 1333 1324 1373 per
1357 1334 1484 1374 quam
1512 1322 1843 1374 omnitempore
1861 1322 1999 1363 maria

1111 1390 1333 1436 terrasque
1346 1383 1428 1424 sibi
1439 1384 1611 1436 pervias
1631 1396 1726 1425 esse
1741 1384 1905 1424 debere
1922 1396 1997 1424 au-

1110 1452 1294 1488 tumant.
1350 1447 1501 1488 Simile
1518 1447 1759 1500 arrogantis
1779 1448 1999 1488 temerita-

1110 1511 1166 1551 tis
1187 1511 1433 1564 exemplum
1452 1511 1497 1551 in
1518 1511 1718 1563 Augusto
1736 1517 1862 1552 notat
1892 1512 1999 1552 Sue-

1112 1582 1200 1615 ton.
1218 1587 1314 1627 cap.
1333 1578 1376 1615 6.
1405 1575 1418 1598 ‘
1434 1573 1524 1615 Alii
1558 1574 1722 1615 dictum
1751 1573 1999 1627 factumque
2026 1604 2029 1606 »

1111 1638 1207 1690 ejus
1220 1638 1520 1689 criminantur,
1539 1637 1660 1691 quasi
1675 1637 1879 1678 classibus
1891 1642 1999 1678 tem·

1111 1707 1283 1755 pestate
1311 1701 1494 1754 perditis
1524 1701 1847 1754 exclamaverit,
1865 1700 1999 1742 etiam

1109 1765 1245 1806 invito
1265 1765 1473 1818 Neptuno
1492 1763 1720 1806 victoriam
1743 1776 1790 1805 se
1817 1763 2000 1817 adeptu-

1110 1829 1234 1870 rum!
1258 1829 1426 1870 Loccen.

1163 1892 1393 1945 Literasque
1410 1891 1588 1932 Athenas
1603 1890 1754 1943 publice
1766 1890 1896 1942 misit]
1925 1889 1997 1930 In-

1110 1940 1282 2008 genium
1303 1957 1449 1996 talium
1468 1954 1704 2007 depingere
1729 1964 1814 1993 non
1843 1952 1999 1993 melius

1110 2019 1211 2059 novi
1238 2031 1366 2072 quam
1396 2017 1541 2058 verbis
1571 2016 1713 2058 Curtii
1744 2015 1821 2057 lib.
1843 2027 1904 2055 lv.
1930 2018 2000 2056 28.

1109 2083 1122 2106 ‘
1140 2084 1292 2123 Tantae
1312 2082 1435 2123 molis
1456 2082 1527 2129 vix
1554 2081 1644 2121 ulla
1669 2079 1856 2132 vestigia
1879 2078 1998 2119 inve-

1109 2145 1192 2197 nit,
1221 2144 1276 2185 ab
1310 2143 1478 2185 Arabia
1516 2142 1690 2183 rediens
1733 2140 1998 2182 Alexander.

1111 2208 1200 2249 Hic
1235 2207 1372 2262 (quod
1408 2207 1452 2247 in
1489 2205 1683 2246 adversis
1718 2204 1847 2244 rebus
1887 2204 2000 2245 solet

1110 2269 1225 2325 fieri)
1252 2271 1359 2312 alius
1392 2270 1436 2311 in
1474 2269 1605 2309 alium
1632 2267 1805 2319 culpam
1837 2265 1999 2306 refere-

1110 2335 1231 2386 bant,
1258 2345 1386 2387 quum
1419 2343 1567 2373 omnes
1586 2330 1730 2371 verius
1750 2330 1807 2370 de
1827 2329 2000 2370 saevitia

1110 2397 1240 2438 maris
1304 2396 1440 2450 quaeri
1502 2391 1712 2447 possent.’
1779 2393 2000 2434 Diodorus

1111 2461 1189 2502 lib.
1207 2472 1300 2502 xvi.
1327 2460 1376 2500 ‘0
1398 2457 1470 2510 μὲν
1497 2455 1629 2510 Χάρης
1645 2454 2001 2509 ἆπομαρι-υρόμενος

1111 2528 1196 2568 τοῖς
1214 2524 1471 2578 crpus-abra&
1487 2521 1645 2570 διέβαλε
1673 2519 1766 2562 τοὺς
1783 2518 1999 2573 συνάρχον-

1110 2603 1185 2631 τας
1219 2589 1271 2630 ὡς
1300 2586 1508 2640 προδότας,
1546 2584 1613 2626 καὶ
1643 2583 1741 2637 πρὸς
1767 2583 1840 2625 τὸν
1879 2585 2000 2633 δῆμον

1110 2652 1257 2705 ἔγραφε
1273 2651 1359 2704 περὶ
1377 2651 1516 2701 αὐτῶν,
1533 2649 1584 2691 ὣς
1611 2645 2000 2699 ἐγκαταλελοιπότων

1108 2715 1184 2764 τὴν
1201 2713 1432 2766 ναυμαχίαν.
1468 2713 1672 2754 Gebhard.

1166 2779 1228 2819 Ob
1255 2791 1340 2819 eam
1364 2790 1463 2828 rem,
1487 2775 1575 2828 ξω]
1602 2776 1711 2815 Mss.
1731 2775 1847 2815 Dan.
1868 2773 1998 2815 Leid.

1110 2843 1260 2884 Boecl.
1289 2847 1335 2882 et
1359 2841 1523 2894 aliquot
1555 2837 1654 2879 edd.
1675 2842 1785 2878 vett.
1804 2838 1918 2877 hunc
1935 2836 1998 2877 lo-

1110 2918 1207 2948 cum
1227 2906 1290 2947 ita
1308 2903 1536 2946 exhibentz
1569 2901 1746 2953 Populus
1767 2912 1874 2952 acer,
1888 2912 1997 2952 susp.

1109 2971 1156 3012 ob
1178 2982 1335 3023 eamque
1358 2981 1444 3010 rem
1467 2965 1634 3016 mobilis,
1653 2965 1840 3005 adversus
1855 2962 1939 3003 inv.
1958 2968 1998 3003 et

1106 3039 1191 3088 poe.
1213 3027 1264 3075 'in
1291 3034 1438 3074 crimen
1465 3028 1717 3078 vocabantur,
1740 3026 1870 3081 (editi
1886 3038 1998 3066 voea-

1110 3095 1264 3150 barm)
1292 3098 1448 3136 domum
1465 3106 1546 3134 rev.
1568 3104 1648 3132 acc.
1678 3103 1743 3143 pr.
1772 3094 1998 3141 corrupte,

1103 3161 1257 3214 judice
1285 3160 1351 3202 Cl.
1380 3157 1608 3205 Boeclero,
1643 3153 1719 3194 sed
1755 3151 1868 3192 unde
1905 3150 1997 3193 fors

1108 3237 1195 3266 non
1213 3222 1480 3266 incommoda
1498 3219 1629 3262 lectio
1651 3216 1824 3271 prodire
1844 3216 1997 3269 possit.

1109 3291 1276 3342 Magius
1285 3287 1484 3330 tentabat
1496 3299 1507 3326 ι
1524 3284 1702 3338 populus,
1711 3284 1778 3334 15¹⁶·-
1787 3283 1839 3322 ud
1851 3281 1998 3322 eritm

1108 3353 1332 3403 vocabatur,
1351 3351 1432 3392 hoc
1448 3354 1530 3398 est,
1564 3348 1617 3387 ad
1635 3344 1996 3387 obtrectationem

1109 3416 1177 3456 vel
1195 3414 1517 3456 accusationem
1548 3409 1812 3451 invitabatur
1842 3421 1893 3449 ac
1920 3420 1996 3448 ex-

1110 3479 1343 3521 citabatur.
1371 3478 1383 3501 ‘
1400 3475 1595 3519 Crimen'
1623 3486 1703 3529 pro
1733 3473 1995 3515 criminatIO-
