2306 3900
742 252 964 292 RERUM
1008 252 1085 293 ΕΤ
1125 254 1493 295 VERBORUM.

187 385 361 428 Devotio
391 389 432 428 in
451 387 542 442 pilis
556 387 699 442 scripta
722 388 799 443 (de
826 390 955 444 elogio
983 391 1063 432 sive

237 442 370 483 indice
381 443 600 483 devotionis
649 442 717 489 vii,
732 446 760 483 6

185 495 298 537 Deua
333 496 551 550 Delphicus
609 509 677 550 pro
711 495 919 549 Apolline)
955 497 1008 545 iv,
1037 504 1061 540 5

233 549 327 604 (ubi
343 557 474 591 nmen
492 552 533 590 in
542 559 625 603 opt.
634 550 740 590 libris
749 563 826 589 vox
845 556 857 574 ‘
871 550 951 591 Dei
963 552 974 568 ’
994 555 1063 592 ab-

237 603 344 656 ent)
361 603 434 644 Dii
451 605 612 657 publici,
633 604 762 656 patrii,
784 611 946 657 penates
972 605 1015 652 ii,
1036 610 1062 646 7

233 657 576 720 (conjunguntur,
590 663 636 696 ut
654 663 666 681 ⁶
681 657 840 710 publici’
853 666 992 698 notent
1006 673 1064 699 re·

232 710 418 765 ligionem
435 717 478 752 et
492 725 601 751 sacra
615 710 808 759 universa,
824 718 866 751 et
879 714 1065 766 quoniam

234 777 482 818 unaquaeque
522 764 664 806 civitas
700 772 825 806 certos
860 780 907 806 ac
942 767 1063 806 veluti

231 818 408 871 proprios
432 819 536 859 Deos
552 821 735 867 habebat,
752 820 950 860 adduntur
961 826 980 850 ·‘
994 833 1064 874 pa-

233 870 295 916 trii
307 873 331 911 :'
346 879 359 897 ‘
375 873 549 926 penates’
565 879 695 913 autem
709 886 779 913 sua
786 873 979 927 cujusque
990 875 1062 914 do-

232 927 394 967 mestica
410 940 518 967 sacra
531 934 682 967 notant.
723 927 890 980 Majoris
906 941 1061 982 expres-

230 979 351 1020 sionis
365 993 496 1028 causa,
506 981 548 1020 id
557 981 732 1021 innuitur
743 983 851 1034 quod
862 982 957 1022 alias
965 996 1061 1023 voce

228 1033 478 1075 ‘divinorum’
489 1041 659 1082 notatur,
672 1035 714 1075 in
732 1036 897 1075 formula
913 1037 1032 1076 veteri
1049 1051 1059 1076 τ

230 1091 244 1112 ⁸
257 1088 390 1128 divina
405 1090 656 1141 humanaque
672 1090 830 1129 omnia!
870 1090 972 1130 Item
989 1103 1060 1143 per

228 1145 329 1181 ‘aras
338 1142 365 1192 3’
381 1143 479 1183 utin
491 1142 581 1182 illa:
599 1149 611 1166 ‘
620 1156 704 1183 aras
716 1144 930 1197 focosque.’
942 1145 1059 1184 Mens

227 1194 307 1236 lod
323 1209 334 1235 ε
379 1196 620 1249 religionem,
638 1210 759 1245 sacra,
777 1198 938 1250 templa,
950 1211 1057 1238 com·

226 1249 336 1288 muni
350 1249 526 1303 gentium
537 1250 641 1303 jure,
658 1258 740 1290 tum
761 1252 900 1291 ceteris
925 1254 1056 1304 praesi·

226 1302 304 1342 diis
318 1309 404 1343 tum
415 1303 606 1344 moenibus
617 1305 775 1345 defendi
788 1319 904 1359 posse
921 1318 968 1346 ac
987 1308 1058 1346 de-

226 1356 333 1398 bere.
349 1357 586 1398 Nominatur
602 1361 709 1412 quod
721 1367 782 1399 est
797 1360 1056 1412 potissimum,

224 1413 579 1459 necexcluduntur,
588 1425 677 1465 quae
685 1414 737 1453 ad
748 1418 760 1436 ‘
765 1415 934 1452 humana
945 1420 987 1454 et
998 1415 1055 1453 so-

223 1464 306 1503 cos'
320 1466 531 1517 pertinent.
545 1466 706 1518 Boecl.)
725 1466 897 1506 Deorum
911 1478 1056 1507 numen

220 1516 319 1559 facit
334 1531 425 1559 cum
451 1519 500 1559 iis
517 1520 586 1572 qui
602 1520 721 1560 fidem
738 1527 893 1560 servant
918 1522 1010 1569 xvii,
1030 1525 1056 1562 2

177 1596 193 1610 ,-
245 1572 322 1612 nisi
349 1579 479 1614 tamen
509 1574 619 1614 locus
645 1581 849 1628 corruptus
878 1581 939 1614 est
954 1589 966 1625 ;
1012 1582 1057 1614 ut

277 1626 384 1667 otiss.
409 1627 608 1668 Scheffero
639 1628 797 1682 visum).
827 1628 911 1668 sine
942 1629 1055 1668 Deo-

222 1692 308 1720 rum
342 1682 504 1721 numine
520 1682 618 1721 nihil
646 1694 773 1722 rerum
800 1682 1053 1722 humanarum

220 1734 483 1798 ⁸8¹¹E¹¹¹.”’.4
529 1735 640 1776 Deos
657 1735 731 1775 sibi
746 1734 866 1775 iratos
882 1736 1054 1776 reddunt

167 1789 531 1896 Dezegjelndzxpae
541 1843 664 1890 abuti,
683 1848 728 1882 ut
743 1842 917 1895 videtur)
944 1843 1053 1892 xviii,

222 1899 274 1936 11
302 1894 437 1950 (Male
449 1904 566 1936 antea
578 1897 740 1950 vulgati,
758 1909 800 1937 se
818 1897 1011 1952 uteretur)

165 1947 316 1989 Dextra
331 1949 450 1990 fidem
465 1951 561 1990 dare
587 1951 665 1999 κίν,
684 1955 735 1991 10
762 1952 856 1990 data
879 1952 1052 2005 recipere

219 2002 312 2056 aliq.
338 2003 379 2043 in
397 2005 515 2044 fidem
539 2004 583 2051 ii,
602 2008 628 2045 8
670 2004 756 2059 (De
788 2006 864 2044 hoc
892 2019 995 2046 more
1014 2020 1052 2045 v.

217 2063 302 2096 not.
319 2058 371 2097 ad
390 2065 595 2111 utrumque
622 2059 698 2099 loc.
725 2065 767 2098 et
795 2059 970 2100 Freinsh.
1001 2061 1052 2099 ad

220 2110 331 2151 Cart.
357 2112 409 2159 vi,
428 2115 471 2159 4,
490 2113 564 2166 14)

163 2162 359 2204 Diadema
385 2165 556 2228 (regium
586 2165 727 2218 capitis
760 2165 935 2219 insigne)
961 2179 1051 2206 cum

217 2224 372 2312 en:
457 2219 1054 2314 ‘zitrss’ssztz'zsffrsmfffz

216 2325 655 2421 {iizzsszfflwsszz
681 2327 1051 2421 ¹:3⁰3‘02'53313'22·

215 2438 297 2472 tum
324 2433 588 2487 intelligamus
617 2410 834 2474 Eumenem
866 2435 1048 2474 usitatum

214 2488 325 2540 regni
355 2489 524 2535 schema,
544 2489 853 2540 reposeendique
870 2495 912 2527 et
929 2501 1049 2528 asser-

215 2541 334 2580 vandi
346 2541 577 2580 diadematis
590 2542 927 2581 consuetudinem.
946 2542 1050 2583 Boe·

215 2593 308 2634 cler.
327 2594 434 2634 Add.
453 2600 536 2633 not.
565 2601 607 2634 et
632 2594 812 2633 laudatos
845 2595 1049 2635 Freinshe-

215 2647 295 2687 mio
313 2648 365 2687 ad
379 2648 492 2690 Curt.
520 2661 559 2695 x,
575 2653 616 2695 6,
639 2653 688 2690 15

161 2699 304 2741 Dianae
333 2702 521 2755 templum
551 2703 639 2756 (ap.
714 2701 913 2758 ortynios)
942 2702 1048 2751 xxiii,

161 2807 347 2862 Dibapha
363 2806 484 2862 Tyria
512 2807 717 2862 (purpurae
749 2807 908 2862 genus),
937 2809 999 2848 Fr.
1022 2813 1048 2850 8

212 2862 285 2916 (de
302 2875 382 2915 quo
402 2862 577 2910 videndi,
604 2875 704 2915 quos
730 2863 771 2902 in
796 2869 880 2902 not.
913 2863 1048 2903 lauda-

213 2915 353 2955 vimus.
378 2916 483 2956 'l‘ert.
497 2916 550 2955 de
568 2917 669 2956 Pall.
685 2929 720 2956 c.
738 2916 785 2970 8)

162 2969 304 3010 Dicere
321 2984 331 3009 ε
359 2969 429 3022 qui
446 2970 595 3010 diceret
605 2984 656 3010 ne
669 2971 718 3010 ab
729 2970 900 3011 exercitu
919 2969 1046 3011 disce·

212 3024 324 3063 deret
349 3024 557 3077 (ediceret,
574 3031 723 3064 vetaret
758 3025 973 3071 discedere,
993 3025 1044 3065 de

213 3076 357 3116 nuncio
374 3089 398 3116 a
416 3090 504 3130 rege
518 3079 569 3117 ad
589 3079 730 3118 ducem
746 3077 885 3131 misso)
917 3078 997 3125 air,
1017 3083 1041 3119 5

211 3131 342 3169 dicere
355 3143 509 3170 causam
527 3131 632 3177 vii,4
651 3132 792 3184 capitis
809 3132 852 3179 ii,
865 3135 905 3172 3.
924 3132 1002 3178 xix,
1015 3136 1042 3173 2

211 3183 276 3276 gin
288 3182 444 3235 judicio
461 3184 619 3236 capitali
630 3197 700 3236 pro
715 3197 757 3225 se
774 3185 1041 3239 respondere).

240 3238 295 3276 ic:
315 3236 445 3277 dicere
459 3250 529 3289 pro
545 3250 584 3277 se
598 3238 660 3290 (in
673 3237 829 3290 judicio
843 3238 948 3291 scil.)
966 3239 994 3285 i,
1014 3243 1040 3280 7

210 3304 301 3330 mox
318 3305 327 3330 :
359 3292 475 3330 verba
502 3290 641 3330 facere.
655 3291 786 3330 dicere
804 3291 947 3331 diserte
974 3304 1039 3338 xv,

211 3346 238 3384 ⁸
257 3344 298 3383 in
316 3345 484 3385 dicendo
499 3345 729 3384 exercitatus
748 3357 811 3390 xv,
826 3350 851 3384 5
871 3344 1040 3383 dicendo

210 3397 336 3438 valere
348 3398 416 3446 rii,
427 3403 447 3439 1
466 3398 586 3453 (Haec
599 3410 674 3437 vox
687 3397 840 3451 proprie
852 3397 1039 3450 eloquen-

212 3450 309 3490 tiam
326 3457 440 3491 nont
462 3458 506 3492 et
523 3458 658 3492 anem.
693 3457 704 3476 ‘
718 3452 861 3492 dicitur
877 3457 1038 3491 matrem

214 3504 332 3545 Paus.
341 3503 478 3547 vixisse
485 3519 533 3548 eo
542 3505 675 3561 temp.'
682 3505 856 3556 refertur,
862 3503 1038 3555 traditur,

1922 244 2024 302 xlv,

1189 392 1276 431 sub.
1301 392 1450 432 dictum
1486 391 1547 431 vel
1579 391 1704 430 simile
1735 392 1844 444 quid.
1884 392 2019 446 Vulgo

1190 445 1444 486 Graecismum
1459 457 1543 485 esse
1556 451 1738 485 censent:
1756 446 1825 485 sed
1839 445 2019 487 Latinam

1187 500 1513 539 constructionem
1529 513 1628 546 esse,
1649 512 1695 538 ac
1711 499 1870 539 alteram
1888 501 2020 553 potius

1189 553 1385 606 vulgatam
1403 559 1415 576 ‘
1431 554 1574 593 dicitur
1591 559 1712 593 mater
1725 553 1878 593 vixisse’
1907 554 2019 594 Grae-

1191 618 1291 653 cam,
1309 608 1428 646 docet
1449 607 1622 659 Schopp.
1651 607 1694 646 in
1725 605 1900 647 Gramm.
1931 608 2020 661 phi·

1190 659 1263 700 los.
1283 666 1324 699 et
1342 661 1546 712 paradoxis
1563 660 1718 700 litterar.
1743 659 1862 700 Adde
1881 661 2021 702 Heins-

1191 714 1243 752 ad
1257 712 1377 753 ovid.
1410 714 1514 752 Fast.
1542 714 1596 760 iv,
1614 712 1729 767 507).
1774 715 1881 754 dicta
1897 721 1957 755 est
1981 717 2020 755 ei

1190 767 1390 819 provincia
1404 767 1634 820 (destinata,
1652 780 1747 820 opp.
1766 767 1891 822 datae)
1910 768 2019 817 xviii,

1190 825 1216 861 2
1242 821 1340 913 ἓξίο,
1360 826 1373 844 ‘
1388 822 1460 860 dos
1471 820 1591 860 dicta’
1609 834 1675 874 ap.
1693 821 1780 861 Cic.
1798 834 1868 873 pro
1888 822 2018 862 Flacc.

1189 880 1242 914 et·
1291 874 1425 914 onium
1448 874 1491 914 in
1507 875 1665 916 Dicere.
1686 873 1888 916 etDicere
1899 875 2019 916 diem.

1189 941 1227 966 v-
1245 929 1407 968 Salmas.
1425 929 1476 968 de
1503 930 1622 968 modo
1650 942 1755 968 usur.
1785 942 1822 969 c.
1848 933 1915 972 16.
1978 937 2020 970 et

1190 980 1283 1022 Nic.
1301 981 1441 1022 Heins-
1471 984 1522 1022 ad
1555 982 1673 1022 ovid.
1701 982 1805 1022 Fast.
1839 983 1893 1038 vi,
1920 987 2017 1026 594.

1187 1042 1230 1075 et
1243 1037 1293 1075 ad
1309 1037 1474 1076 Metam.
1493 1037 1546 1084 xi,
1564 1036 1666 1091 213)

1132 1088 1349 1130 Dictitare:
1397 1091 1536 1143 vulgus
1570 1091 1778 1131 dictitabat
1806 1096 2017 1146 tyrannum

1184 1157 1266 1183 non
1283 1144 1486 1184 ferendum
1500 1145 1654 1198 (crebro
1679 1143 1879 1198 jactabat)
1924 1159 1963 1193 x,
1991 1149 2019 1187 7

1185 1197 1369 1237 dictitant
1398 1200 1501 1238 hanc
1527 1199 1600 1238 sibi
1631 1211 1715 1238 esse
1747 1198 1842 1238 belli
1859 1211 2017 1239 causam

1183 1250 1468 1306 (praetendunt,
1484 1248 1779 1306 προφασίζονσι,
1797 1253 1874 1292 hoc
1900 1259 2016 1293 utun-

1183 1312 1246 1344 tur
1261 1306 1474 1359 praetextu)
1497 1307 1551 1354 vi,
1569 1311 1591 1347 1

1129 1358 1311 1398 Dictator
1324 1360 1467 1399 Fabius
1485 1359 1594 1406 xxiii,
1607 1365 1631 1400 5
1659 1361 1696 1413 (‘
1709 1359 1937 1399 Dicebatur’
1952 1359 2017 1400 hic

1182 1413 1455 1465 magistratus3
1489 1413 1519 1452 i.
1545 1427 1582 1452 e.
1600 1413 1770 1452 dicendo
1788 1414 2016 1454 creabatur:

1182 1467 1275 1506 hinc
1293 1471 1306 1490 ‘
1323 1465 1519 1514 dictator‚'
1535 1479 1558 1506 a
1575 1466 1731 1519 propria
1757 1480 1870 1514 voce,
1899 1467 2015 1508 aino-

1181 1519 1336 1574 κράτωρ
1348 1520 1569 1574 ηραν-νηὸς
1587 1520 1689 1574 Poly
1696 1521 1733 1560 b.
1750 1522 1894 1560 dicitur
1908 1521 2017 1561 Hist.

1184 1579 1225 1614 3.-
1244 1581 1256 1598 ⁸
1273 1575 1452 1614 ultimum
1470 1576 1584 1615 rebus
1603 1574 1764 1627 trepidis
1779 1574 2015 1622 consilium‚'

1182 1627 1269 1667 Liv.
1286 1629 1340 1676 iv,
1359 1633 1425 1669 56.
1453 1642 1533 1682 quo
1552 1628 1723 1668 Romani
1742 1629 1793 1668 ad
1810 1627 2014 1668 vindican-

1181 1682 1272 1720 dam
1320 1683 1497 1722 maximis
1542 1681 1726 1735 periculis
1769 1695 1891 1734 remp.
1937 1682 2014 1721 nsi.

1180 1735 1323 1776 Vellei.
1350 1736 1393 1783 ii,
1429 1740 1498 1784 28,
1527 1740 1567 1776 2.
1612 1748 1730 1788 quem
1747 1736 1823 1776 loc.
1851 1735 2017 1776 feliciter

1178 1789 1350 1829 restituit
1361 1789 1524 1829 Gerard.
1541 1789 1719 1830 Vossius.
1737 1789 1876 1829 Boecl.
1896 1789 2015 1830 Adde

1178 1849 1262 1882 not.
1283 1843 1460 1883 Boecleri
1476 1844 1626 1883 adeum
1645 1842 1744 1898 loc.)

1124 1896 1288 1937 Dictum
1305 1898 1376 1949 (de
1394 1899 1569 1937 oratione
1596 1894 1794 1950 captiosa)
1821 1896 1849 1944 i,
1868 1900 1895 1937 2
1939 1895 2015 1950 (de

1177 1951 1372 1990 sententia
1388 1964 1417 1990 s.
1439 1964 1549 1991 versu
1567 1950 1751 2002 Homeri)
1777 1964 1816 1997 x,
1836 1954 1864 1990 6
1908 1951 2017 1990 dicta

1177 2005 1259 2058 (vel
1277 2004 1461 2056 dicteria)
1479 2005 1636 2057 proprio
1654 2004 1812 2043 nomine
1838 2004 2015 2056 appella-

1182 2065 1236 2104 ta,
1256 2071 1345 2111 quae
1372 2059 1500 2097 facete
1518 2066 1560 2098 et
1578 2057 1746 2098 breviter
1763 2064 1805 2098 et
1820 2064 1934 2097 acute
1953 2058 2013 2096 lo-

1179 2112 1260 2151 cuti
1281 2124 1465 2158 essemus,
1482 2111 1544 2151 Fr.
1560 2117 1584 2152 5
1605 2112 1664 2166 (v.
1679 2111 1857 2151 Boecler.
1869 2111 2011 2152 chres-

1183 2166 1347 2205 tomath.
1364 2165 1454 2204 Ter.
1467 2171 1509 2204 et
1525 2166 1641 2205 Thes.
1660 2164 1838 2218 Buchn.)

1125 2219 1247 2259 Dicto
1266 2219 1430 2259 audiens
1460 2219 1576 2260 alicui
1594 2219 1829 2272 (obediendi
1857 2216 2012 2271 signif.)

1177 2274 1229 2320 vi,
1251 2276 1289 2313 1.
1317 2273 1422 2320 xi,2.
1451 2273 1528 2321 xiv,
1547 2277 1574 2314 2
1596 2273 1716 2326 jussis
1732 2271 1900 2325 alicujus
1917 2271 2013 2321 xvii,

1178 2331 1204 2367 4
1231 2325 1291 2380 (v.
1305 2325 1506 2380 Audiens)
1557 2376 1559 2378 q

1123 2380 1237 2420 Dicis
1272 2393 1390 2421 causa
1415 2394 1506 2428 xxv,
1521 2384 1547 2421 8
1602 2378 1853 2433 (προφάσεως
1883 2377 2012 2431 ἕνεκα,

1178 2432 1303 2486 λόγου
1326 2432 1456 2487 χάριν,
1474 2435 1606 2480 verbo,
1626 2447 1706 2472 non
1721 2447 1784 2473 re:
1813 2433 1857 2472 in
1883 2434 2011 2486 speci-

1177 2501 1254 2535 em,
1307 2487 1502 2527 simulacri
1558 2500 1689 2533 oausa,
1731 2487 2009 2539 perfunctorie,

1177 2553 1259 2579 non
1284 2552 1332 2580 ex
1350 2540 1495 2581 animo.
1526 2553 1561 2578 v.
1578 2540 1685 2579 Petr.
1704 2540 1901 2579 Pithoeum
1918 2540 2009 2578 sub·

1180 2594 1298 2634 seciv.
1316 2600 1414 2647 part.
1443 2597 1483 2635 2.
1512 2607 1549 2634 c.
1587 2597 1627 2635 8.
1655 2593 1812 2632 Manut.
1840 2593 1894 2631 ad
1930 2593 2008 2632 loc.

1178 2647 1285 2700 Nep.
1322 2647 1457 2694 nostri,
1489 2647 1556 2686 ubi
1591 2647 1771 2698 exempla
1799 2647 2010 2698 congessit.

1176 2702 1357 2741 Taurello
1388 2707 1429 2741 et
1462 2700 1601 2753 Cujac.
1627 2701 1808 2740 tribuitur
1831 2699 2009 2739 formulae

1176 2755 1322 2809 ubique
1366 2755 1486 2795 ferme
1537 2756 1760 2807 depravatas
1802 2754 2009 2793 restitutio.

1177 2808 1388 2861 Explicant
1416 2815 1457 2849 et
1484 2822 1553 2862 per
1576 2809 1675 2847 illud
1694 2807 1822 2848 Graec.
1840 2806 2008 2859 ἀφοσιώ-

1177 2876 1276 2905 σεως
1286 2862 1422 2917 χάρινε
1463 2863 1570 2916 quod
1589 2868 1719 2902 tamen
1737 2874 1808 2901 sua
1824 2861 2008 2901 cautione

1174 2930 1256 2956 non
1283 2923 1402 2958 caret.
1429 2916 1567 2957 Boecl.
1613 2916 1677 2955 Ita
1706 2915 1789 2956 scil.
1811 2916 1916 2955 hunc
1947 2915 2005 2954 lo-

1174 2983 1278 3018 cum,
1298 2976 1497 3024 praeeunte
1520 2969 1686 3022 Cujacio
1704 2970 1854 3009 observ.
1883 2982 1919 3015 x,
1939 2973 2006 3010 37.

1174 3025 1310 3078 legunt
1333 3025 1554 3072 Manutius,
1569 3022 1795 3071 Lambinus,
1807 3023 2005 3069 Schottus,

1173 3079 1399 3126 Boeclerus,
1419 3078 1608 3125 Ernstius,
1640 3083 1681 3116 et
1716 3089 1805 3116 cum
1839 3075 1888 3114 iis
1923 3075 2004 3130 alii.

1175 3132 1396 3173 Formularn
1424 3138 1554 3171 autern
1574 3137 1586 3155 ‘
1602 3130 1701 3170 dicis
1718 3129 1848 3169 catrsa’
1866 3134 2007 3180 praeter

1164 3186 1249 3237 jam
1268 3185 1395 3225 dictos
1411 3191 1452 3223 et
1470 3186 1648 3223 laudatos
1660 3184 1822 3221 Schotto
1840 3194 1886 3221 ac
1903 3182 2004 3222 Em·

1170 3240 1244 3278 stio
1286 3239 1325 3276 in
1360 3243 1445 3276 not.
1479 3238 1529 3276 ad
1563 3239 1601 3275 h.
1629 3237 1655 3274 1.
1673 3235 1867 3275 illustrant
1884 3236 2003 3276 etiam

1169 3292 1358 3331 Brodaeus
1375 3290 1535 3329 miscell.
1564 3303 1603 3337 x,
1623 3293 1689 3330 18.
1711 3288 1959 3329 Dnaren.dis
1994 3316 2006 3328 .

1168 3346 1358 3384 annivers.
1372 3343 1401 3390 i,
1414 3347 1480 3383 47.
1498 3350 1540 3383 et
1556 3355 1697 3382 comm.
1715 3343 1756 3382 iu
1772 3342 1818 3382 L.
1834 3347 1874 3384 7.
1889 3342 1945 3383 D.
1980 3357 2003 3383 e

1169 3397 1313 3444 Paetis,
1327 3394 1418 3436 Ant.
1439 3396 1648 3450 Angustia.
1663 3396 1869 3437 Emendat.
1898 3396 1941 3444 ii,
1965 3401 2003 3437 1.

1168 3452 1263 3493 Lael.
1283 3451 1454 3491 Bisciola
1469 3451 1657 3492 subseciv.
1684 3450 1767 3499 viii,
1787 3455 1851 3492 12.
1895 3450 1999 3488 Bris-

1169 3519 1254 3547 son.
1282 3506 1333 3546 de
1362 3505 1467 3546 verb.
1503 3505 1632 3559 signif.
1661 3505 1728 3547 lib.
1757 3509 1798 3548 4.
1841 3503 1998 3544 Elmen-
