2306 3900
312 255 422 308 636

309 386 517 440 regnandi
536 396 665 426 causa
680 384 999 427 interimebant.
1040 384 1194 439 Itaque

311 450 572 493 Plutarchus
588 449 633 489 in
651 449 890 499 Demetrio,
909 448 964 489 ad
982 448 1101 490 illum
1130 449 1191 490 lo·

310 526 409 555 cum
438 511 515 553 ubi
532 510 778 565 Antigonus
805 511 1077 552 Demetrium
1108 509 1190 552 fili-

309 589 381 617 um
398 581 560 617 venatu
580 575 838 616 redeuntem
858 587 956 616 cum
976 573 1190 617 venabulo

306 643 354 680 et
374 638 535 692 jaculis
553 638 609 678 ad
638 650 683 679 se
706 638 877 692 recipit,
910 638 1039 696 eique
1067 650 1114 679 os
1132 638 1187 679 ad

306 700 587 742 osculandum
605 700 799 754 praeben
825 712 923 742 cum
946 699 1190 754 Antigonus

304 764 461 818 legatis
481 764 752 818 quibusdam,
765 764 951 818 quitum
968 763 1085 806 forte
1114 763 1189 805 ad-

304 833 447 880 erant,
465 833 512 869 et
532 829 627 882 jam
658 828 820 869 dimissi
838 827 1031 870 revocati
1062 827 1118 869 ab
1135 839 1188 869 eo

303 891 488 944 fuerant,
500 891 760 944 mandasset,
773 897 823 932 ut
838 893 925 933 suis
941 892 1106 934 civibus
1121 904 1189 933 re·

302 957 565 1010 nuntiarent,
593 957 675 998 sibi
705 969 805 998 cum
833 957 924 999 filio
959 962 1048 999 tam
1076 958 1187 999 bene

302 1019 550 1072 convenire,
579 1024 629 1060 ut
656 1032 755 1060 eum
774 1031 860 1061 non
878 1024 1096 1061 metueret
1121 1024 1189 1061 ar-

302 1087 492 1133 matum;
540 1083 765 1134 acclamat,
799 1081 921 1124 οὔτως
955 1082 1031 1137 ἄρα
1059 1082 1187 1132 πάντη

301 1143 605 1194 δυσκοινώνητον
615 1144 642 1195 ἣ
658 1144 775 1198 ἁρχὴ,
794 1145 859 1187 καὶ
875 1146 1024 1197 μεστὸν
1033 1146 1186 1188 ἀπιστί-

300 1224 347 1252 ας
378 1209 443 1252 καὶ
468 1208 660 1263 δυσνοίας,
690 1210 792 1252 ὥστε
822 1209 1075 1263 ἀγάλλεσθαι
1114 1209 1187 1252 τὸν

699 267 880 307 No'rAE
918 266 1252 307 vamoRUM
1291 267 1358 306 ΙΝ
1401 269 1453 306 C.
1491 268 1755 307 NEPOTIS

1259 384 1447 437 μέγιστον
1463 387 1545 427 τῶν
1568 384 1824 438 Ἀλεξάνδρου
1844 383 2048 437 διαδόχων,
2073 386 2140 427 καὶ

1260 449 1550 503 πρεσβύτατον,
1577 449 1636 490 ὅτι
1666 448 1721 499 μὴ
1750 448 1935 500 φοβεῖται
1958 448 2030 489 τὸν
2045 449 2139 500 aar,

1259 512 1369 554 ἀλλὰ
1393 511 1596 566 προσίεται
1618 511 1694 561 τὴν
1710 510 1872 563 λόγχην
1897 509 2044 562 ἔχοντα
2067 513 2138 553 τοῦ

1256 576 1434 627 σώματος
1443 575 1624 625 πλησίον.
1678 577 1738 616 Et
1755 588 1882 616 moxt
1909 573 1964 615 ‘rb
1979 574 2139 629 μὲνγὰρ

1254 638 1446 692 ἀδελφοὺς
1457 638 1779 693 &minthon-ep
1796 639 1833 679 οἱ
1859 637 2074 692 ’γεωμέτραι
2084 639 2138 680 σὰ

1256 702 1450 754 αἰτήματα
1471 702 1752 756 λαμβάνουσιν,
1765 702 1867 744 oth-o
1880 706 2137 757 σννεχωρεῆο

1254 767 1383 808 κοινόν
1407 783 1449 807 τι
1480 766 1732 819 νομιζόμενον
1755 766 1903 817 αἴτημα
1926 766 1992 807 καὶ
2020 770 2137 813 βασι·
2166 799 2177 812 ,

1253 830 1365 872 ambr
1384 829 1479 882 ὑπὲρ
1494 829 1726 881 &amelar-
1753 830 1890 871 Lamb.

1307 894 1373 936 Ab
1400 894 1471 935 ino
1495 895 1628 934 eodem
1655 892 1741 933 vita
1762 893 1944 944 privam
1969 893 2136 946 dicitnr]

1252 956 1450 999 Justinus
1482 966 1612 996 xxiv.
1647 967 1674 995 a
1705 954 1844 995 Gallis
1874 966 2009 1007 regno
2034 968 2132 1008 spo·

1253 1021 1402 1062 liatum
1431 1026 1711 1074 captumque,
1734 1020 1869 1060 vitam
1897 1018 2016 1060 ferro
2031 1020 2135 1060 ami·

1252 1083 1376 1136 sisse,
1389 1083 1464 1126 ait.
1518 1083 1778 1124 Plutarchus
1790 1082 1835 1122 in
1852 1082 1945 1122 vita
1959 1082 2133 1134 Pyrrhi,

1251 1154 1402 1190 contra
1418 1148 1599 1190 Galatas
1617 1145 1878 1201 profectum,
1894 1158 1991 1188 cum
2010 1158 2132 1188 exer-

1251 1211 1341 1252 citu
1361 1211 1557 1266 periisse.
1585 1211 1765 1263 Magius.

706 1511 946 1575 XXII.
1039 1464 1597 1578 HAMILC'A
1621 1515 1712 1576 R.

349 1640 576 1693 Hamilcar]
622 1642 804 1684 Romani
839 1644 1177 1698 βαρβαρικώτερον

293 1705 582 1746 enuntiabant
624 1707 718 1748 haec
775 1708 960 1750 barbara
1003 1710 1178 1750 nomina

294 1779 422 1821 quam
456 1768 618 1810 Graeci.
674 1771 913 1824 Hannibal,
937 1773 1177 1826 Hamilcar,

293 1830 515 1884 dicebant,
535 1845 630 1885 quae
654 1833 801 1876 Graeci
827 1834 1023 1888 Ἀννίβας,
1040 1835 1176 1887 ’Aula-

294 1907 380 1946 κας,
389 1893 678 1947 Graecatiore,
689 1901 738 1937 ut
750 1896 812 1938 ita
828 1898 986 1950 dicam,
995 1911 1177 1951 pronun·

292 1957 487 1998 tiatione.
515 1957 639 2000 Satin.
693 1959 888 2003 Amilcar
914 1975 1068 2004 nomen
1087 1963 1176 2004 Pu·

292 2021 436 2062 nicum
457 2027 539 2073 est,
563 2028 610 2063 et
629 2023 792 2076 Regem
810 2025 1005 2068 denotat.
1032 2026 1175 2067 Milici

290 2085 441 2135 etiam,
464 2085 578 2138 quod
596 2085 822 2129 Annibalis
840 2090 982 2131 soceri
1000 2102 1174 2142 nomen«,

288 2153 336 2188 et
353 2147 478 2201 hujus
496 2147 596 2190 filiae
616 2149 807 2204 Imilces,
825 2153 940 2207 quod
957 2160 1026 2195 est
1044 2154 1172 2206 Regi·

286 2222 357 2261 na,
376 2216 424 2251 et
457 2210 676 2253 Imilconis
706 2214 1068 2269 Carthaginiensis
1095 2217 1172 2258 du-

287 2274 369 2325 cis,
382 2284 466 2313 non
482 2274 654 2316 aliunde
669 2283 770 2318 sunt
781 2279 985 2331 petenda.
1013 2281 1172 2321 Melea·

286 2335 402 2377 enim
428 2337 523 2377 Rex
553 2344 634 2389 est,
664 2341 825 2382 Male-ha
853 2344 1047 2396 Regina3
1073 2356 1168 2397 quae

286 2398 472 2440 Milicum
515 2404 564 2441 et
605 2402 779 2444 Imilcem
824 2406 1169 2458 pronuntiabant.

285 2462 360 2503 Ita
390 2461 464 2515 qui
480 2462 566 2504 καθ’
584 2463 817 2518 ὑπερβολὴν,
844 2473 894 2509 ut
919 2469 980 2510 ait
999 2469 1168 2521 Strabo,

285 2525 430 2578 Tyriis
473 2526 616 2568 cultus
660 2529 892 2584 Hercules,
936 2532 1165 2574 dicebatur

960 3441 1082 3485 ‘Apud
1101 3440 1261 3472 Fulvium
1282 3438 1446 3472 ominum

998 3492 1032 3522 in
1049 3490 1247 3522 numismate
1261 3489 1436 3527 argenteo.

1243 1643 1487 1698 Μέλκαρτος,
1522 1645 1615 1686 sive
1657 1643 1901 1696 Μέλκαρθος,
1938 1643 2013 1696 qui
2051 1642 2123 1683 de-

1243 1715 1426 1763 pravate
1453 1707 1725 1760 Μελκάνθαρος
1752 1708 1912 1748 dicitur
1938 1705 2127 1747 Eusebio

1242 1774 1286 1815 in
1319 1773 1530 1815 Oratione
1548 1772 1603 1813 (le
1621 1771 1815 1812 laudibus
1834 1768 2124 1812 Constantini.

1243 1837 1400 1878 Setaea.
1421 1834 1653 1886 Hamilcar]
1666 1837 1737 1876 De
1749 1834 1872 1887 hujus
1881 1832 2127 1883 virtutibus,

1244 1899 1489 1953 prudentia,
1530 1904 1576 1939 et
1608 1897 1877 1948 fortitudine,
1909 1894 2118 1948 legendus

1243 1969 1327 2014 est,
1340 1969 1500 2015 praeter
1520 1961 1751 2013 Nepotem,
1765 1958 2023 1999 Plutarchus
2043 1957 2125 1999 Car·

1242 2031 1343 2067 tone
1362 2025 1548 2078 Majore.
1598 2022 1688 2064 Ubi
1705 2022 1840 2075 ipsius
1871 2021 2048 2063 Catonis
2066 2020 2120 2060 de

1240 2100 1293 2129 eo
1323 2088 1539 2141 judicium
1585 2086 1818 2138 diligenter
1853 2083 2123 2138 perpenden-

1239 2152 1354 2193 dum.
1384 2152 1522 2192 Ernst.
1574 2151 1647 2190 De
1677 2148 1847 2189 nomine
1874 2159 1916 2188 v.
1947 2145 2122 2188 Selden.

1238 2215 1294 2255 de
1326 2215 1404 2255 Dis
1431 2213 1552 2267 Syris
1584 2218 1698 2266 synt.
1719 2216 1757 2253 1.
1776 2216 1818 2252 6.
1837 2217 1886 2252 et
1917 2210 2041 2251 Voss.
2065 2211 2119 2249 de

1239 2278 1462 2319 Idololatr.
1496 2290 1548 2318 ιι.
1581 2280 1622 2317 2.
1656 2275 1800 2328 Hujus
1830 2272 2063 2324 imaginem
2096 2283 2120 2311 e

1236 2341 1489 2382 nomismate
1521 2344 1729 2390 argenteo
1764 2338 1844 2377 hac
1873 2334 2012 2376 forma
2043 2345 2119 2374 ex-

1234 2415 1424 2456 pressam
1438 2401 1613 2443 exhibet
1627 2400 1808 2442 Ursinus
1824 2399 1869 2440 in
1888 2397 2118 2451 Imaginib.

1234 2472 1349 2508 num.
1369 2470 1411 2508 9.

1203 2753 1291 2767 22222
