2306 3900
297 252 379 308 xii

328 441 330 443 ‚
350 392 479 433 facere
493 389 642 444 aliquid
660 390 886 444 (proposito
901 403 982 431 non
1001 391 1188 445 scelesto)

349 445 445 493 xvii,
462 450 490 487 6
517 458 633 499 aequo
650 445 749 490 serre
767 444 915 500 aliquid
934 446 1041 500 (sine
1059 447 1188 500 indig-

351 498 534 553 natione)
574 513 616 547 ι,
636 502 666 545 6
695 503 703 510 “
729 498 838 554 (sine
882 500 1189 554 obtrectatione)

349 567 443 602 nm,
476 556 499 595 1
543 553 739 607 (Subaud.
772 567 810 593 a.
839 553 882 594 in
915 553 976 598 his
1008 553 1188 599 omnibus

349 620 521 661 praepos.
537 620 641 654 cum.
670 606 829 660 Integre
842 608 994 651 Ennius
1011 622 1023 648 ι
1052 614 1065 633 ⁸
1083 609 1189 662 opti-

351 673 417 701 ma
447 673 539 709 cum
564 661 743 715 ¹pulchris
769 661 908 707 animis
925 661 1109 707 Romana
1119 662 1189 715 ju-

350 714 517 759 ventus.’
531 715 634 770 (uid.
643 714 713 761 inf.
722 714 854 770 Esse).
873 717 1003 760 animo
1012 717 1189 759 meditari

351 768 535 824 (concise
561 770 710 813 dictum
740 783 811 822 pro
842 769 886 814 in
912 771 1043 814 animo
1061 770 1190 825 med.)

351 823 444 871 xvii,
461 827 489 864 4
517 822 615 877 (nisi
634 824 712 868 fors
732 824 808 877 leg.
824 824 865 864 in
884 824 1039 879 animo)

301 876 478 922 Annibal.
496 878 608 931 (vide
623 877 847 932 Hannibal)

299 932 420 977 Auno
437 934 613 977 vertente
629 931 822 977 conficere
840 933 913 973 iter
929 931 1052 986 (toto,
1070 931 1191 986 cujus

352 999 407 1029 sc.
435 998 573 1032 cursus
589 993 727 1030 ustura
752 987 911 1031 vertitur
936 987 1095 1035 eodem.
1123 987 1190 1027 ubi

322 1076 325 1079 .
351 1039 515 1094 incipit)
543 1039 637 1087 xvii..
664 1043 691 1081 4
719 1039 957 1094 (Censorino
986 1042 1039 1083 de
1056 1041 1113 1084 D.
1131 1041 1189 1082 N.

353 1107 391 1135 c.
411 1098 476 1134 19.
518 1100 579 1134 est
606 1099 618 1117 ³
638 1100 790 1140 natura,
818 1095 913 1135 dum
944 1095 1002 1139 sol
1033 1108 1191 1149 percur-

351 1160 439 1194 rens
467 1160 536 1193 xrs
567 1148 694 1201 signa.
721 1149 882 1197 eodem,
906 1150 1012 1192 unde
1038 1151 1207 1202 profem.

353 1208 416 1242 tus
446 1209 520 1249 est,
548 1202 675 1242 redite
729 1202 866 1243 Phi-asi
893 1204 973 1244 hac,
983 1202 1191 1257 aliquoties

353 1269 446 1301 usus
464 1256 551 1298 cic.
569 1263 614 1296 ut
630 1260 671 1301 2.
689 1257 742 1301 de
758 1256 855 1299 Nat.
887 1257 1011 1301 Deor.
1037 1272 1099 1299 or.
1121 1271 1191 1311 pro

352 1311 558 1359 Quinctio,
577 1310 755 1364 Philipp.
785 1315 850 1354 1³.
879 1312 1040 1366 Lamb.)
1067 1325 1191 1352 anno-

355 1379 437 1405 rum
458 1365 660 1418 octoginta
677 1366 748 1405 ivit
766 1365 811 1409 iu
829 1366 1055 1419 AEgyptum
1081 1366 1191 1419 (sub.

351 1419 426 1472 vir,
453 1419 516 1461 vel
535 1419 652 1459 homo
670 1433 761 1461 cum
779 1419 905 1472 esset)
934 1420 1027 1467 xvii,
1045 1424 1075 1461 8,
1098 1420 1190 1461 Sic:

353 1486 546 1515 annorum
565 1487 629 1513 vu
649 1480 691 1514 et
710 1487 767 1517 nx
787 1487 876 1515 cum
896 1479 1000 1514 esset
1026 1487 1118 1522 xxv,
1137 1477 1190 1516 17

352 1541 541 1571 annorum
583 1529 798 1580 nonaginta
838 1527 979 1569 extulit
1016 1534 1193 1576 matrem,

354 1582 501 1638 (anuos
522 1594 576 1621 xc
609 1582 764 1635 natam)
793 1581 889 1623 ibid.
944 1594 1133 1622 annorum
1166 1595 1194 1622 1.

353 1635 560 1688 imperium
606 1650 646 1683 x,
675 1641 700 1676 5
747 1636 956 1675 multorum
1002 1636 1194 1690 tyrannis,

354 1688 452 1733 ibid.
493 1702 616 1729 annos
644 1702 736 1728 xxx
768 1690 961 1729 medicina
983 1703 1064 1729 non
1090 1690 1195 1730 indi-

355 1757 447 1797 gere
483 1744 592 1798 (sub.
629 1757 712 1796 per,
755 1744 816 1783 vel
852 1742 974 1796 intra)
1013 1757 1104 1792 xxv,
1140 1748 1192 1786 21
1231 1749 1239 1756 '

267 1830 270 1833 ,
355 1797 484 1853 (Aliae
519 1804 649 1838 tamen
693 1798 802 1846 edd„
844 1798 984 1848 annis;
1012 1798 1071 1839 sic
1105 1799 1194 1840 sub.

355 1857 473 1900 esset,
493 1851 572 1905 in.)

301 1907 354 1948 In
367 1906 515 1947 Annali
533 1918 604 1947 suo
618 1905 726 1959 (sub.
741 1904 862 1959 libro)
889 1905 999 1955 xxiii,
1012 1910 1062 1948 13
1091 1905 1196 1961 (vid.

359 1961 474 2002 Voss.
493 1961 545 2001 de
562 1960 718 2012 analog.
745 1959 774 2007 i,
791 1959 870 2014 41)

309 2014 505 2056 Annicula
524 2030 533 2054 z
564 2014 627 2054 vix
640 2013 863 2054 anniculam
877 2014 1008 2056 caesar
1024 2015 1197 2068 despon-

358 2070 422 2111 dit
436 2075 596 2122 neptem
615 2067 741 2109 Attici
759 2068 868 2122 (sub.
895 2069 1066 2122 puellam
1096 2070 1196 2109 exis-

361 2124 532 2177 tentem)
560 2137 651 2171 xxv,
670 2126 722 2164 19
751 2123 828 2177 (sic
843 2127 855 2146 ⁴
877 2122 1096 2163 anniculus’
1115 2124 1140 2162 1.
1155 2128 1196 2164 6.

361 2178 418 2219 D.
437 2179 489 2218 de
507 2178 566 2217 his
585 2177 654 2230 qui
671 2183 765 2217 sunt
789 2176 850 2216 sui
881 2177 942 2217 vel
974 2178 1094 2218 alieni
1117 2180 1197 2231 Jur-

354 2232 388 2283 l.
408 2236 475 2273 26.
494 2232 546 2271 de
565 2238 670 2284 pact.
689 2232 774 2271 dot.
811 2231 1007 2284 Loccen.)

308 2286 494 2327 Annuere
506 2300 516 2324 z
545 2286 653 2338 quod
665 2285 784 2325 semel
794 2286 994 2324 annuisset
1004 2286 1082 2348 (sic
1094 2285 1199 2325 enim

361 2339 462 2392 leg.)
489 2352 580 2385 xxv,
602 2342 650 2379 15
690 2338 932 2391 (Transitive
949 2337 1030 2378 dim
1051 2339 1200 2378 volunt.

363 2392 506 2434 Malim
524 2391 724 2432 subaudiri
741 2393 807 2440 ob,
827 2392 889 2431 vel
907 2391 995 2446 ad.)
1128 2428 1132 2431 ,

308 2445 444 2487 Ante:
476 2453 520 2486 ut
549 2446 791 2486 ostendimus
823 2445 941 2497 paulo
969 2452 1063 2486 ante
1091 2446 1200 2500 (sub.

363 2501 449 2541 haec
463 2515 477 2551 3
504 2501 547 2540 in
565 2499 763 2553 superiore
778 2499 865 2539 libri
882 2506 1006 2551 parte,
1034 2500 1076 2539 in
1102 2514 1201 2553 prae-

362 2553 617 2607 cedentibus)
643 2567 732 2602 xxv,
754 2557 806 2595 10
845 2554 966 2593 alibi:
996 2561 1088 2594 ante
1105 2554 1203 2594 alios

364 2622 467 2649 unus
502 2608 720 2649 carissimus
778 2622 857 2661 prae
893 2607 1002 2660 aliis)
1047 2622 1138 2656 xxv,
1175 2612 1200 2649 3

365 2670 459 2703 ante
478 2664 552 2703 hoe
570 2669 724 2716 tempus
778 2675 901 2715 usque
919 2662 962 2702 in
978 2663 1019 2702 h.
1038 2662 1091 2715 t.)
1117 2662 1202 2711 xiii,

364 2721 392 2758 2
444 2718 537 2758 Sic:
567 2724 659 2757 ante
695 2717 736 2757 id
770 2723 924 2769 tempus
966 2717 1067 2764 iii‚2
1110 2723 1203 2757 ante

366 2772 453 2811 haec
487 2771 686 2824 sponsalia
730 2784 820 2817 xxv,
856 2775 910 2812 20
956 2777 1049 2811 ante
1083 2770 1203 2824 hujus

367 2826 580 2865 adventum
621 2825 715 2873 xxii,
737 2829 759 2866 1
801 2831 894 2865 ante
926 2825 1031 2864 hunc
1066 2832 1203 2865 natum

367 2893 435 2927 xv,
454 2883 506 2920 10
533 2885 625 2919 ante
652 2880 762 2919 illum
783 2879 1052 2931 imperatorem
1071 2880 1204 2932 (ante-

367 2946 486 2985 quam
518 2933 587 2972 ille
618 2940 721 2972 esset
737 2932 966 2986 imperator)
997 2933 1048 2980 xi,
1063 2938 1108 2974 ·1.
1137 2947 1202 2981 xv,

368 2991 396 3028 8
423 2993 515 3027 ante
533 2987 668 3026 oculos
685 2986 832 3026 civium
850 3001 933 3027 esse
951 2987 1045 3039 (sub
1063 2986 1204 3035 oculis,

369 3041 411 3080 in
444 3040 683 3093 conspectu)
722 3040 791 3087 xii,
823 3044 848 3080 2
888 3047 980 3080 ante
1011 3053 1051 3080 se
1088 3054 1203 3093 agere

370 3095 541 3148 aliquem
569 3093 647 3143 xiv,
667 3098 693 3136 8
722 3093 857 3149 paucis
885 3100 978 3134 ante
1005 3095 1202 3148 gradibus,

371 3163 490 3201 quam
516 3147 575 3196 iv,
593 3153 619 3190 6

318 3200 567 3243 Antecedere
605 3202 774 3256 aliquem
813 3201 1020 3255 (praeferri,
1065 3217 1120 3244 sc.
1163 3202 1205 3243 in

371 3256 566 3308 amicitia)
592 3258 702 3304 xviii,
719 3260 746 3297 2
775 3257 816 3296 in
847 3270 888 3296 re
918 3252 1049 3310 aliqua
1067 3257 1205 3310 (supe-

374 3322 472 3355 rare,
500 3311 753 3363 antecellere)
786 3309 850 3357 vii,
884 3315 932 3351 11
974 3312 1016 3350 in
1035 3310 1207 3351 amicitia

373 3361 540 3414 alicujus
585 3363 693 3410 xviii,
712 3369 751 3404 2.
795 3365 863 3411 vii,
890 3369 918 3405 9
958 3366 1208 3418 condiscipu-

376 3417 434 3456 los
466 3416 646 3456 doctrina
676 3424 799 3465 tanto,
830 3425 899 3457 ut:
929 3417 1063 3470 (mox)
1092 3432 1207 3471 supe-

372 3483 456 3511 rare
485 3470 526 3510 in
556 3471 703 3510 artibus
732 3486 793 3519 xv,
814 3475 839 3512 2
868 3471 1036 3523 aliquem
1063 3473 1209 3513 honore

1122 265 1332 308 INDEX-

1303 390 1389 440 viii,
1406 394 1434 436 4
1461 391 1827 443 tortitudine-uniit
1847 397 1869 435 1
1898 406 2025 436 rerum
2052 409 2141 451 gu·

1303 451 1432 491 tarum
1447 447 1570 500 gloria
1595 447 1675 496 xxi,
1690 451 1719 490 2
2224 454 2229 460 ”

1254 498 1456 541 Anteferre
1474 501 1579 542 bello
1595 515 1734 555 pacem
1747 501 1918 556 (bellurn
1927 498 2142 557 deponere,

1305 565 1405 607 pace
1423 555 1594 618 mutare)
1620 569 1688 604 ιν,
1706 561 1738 610 6,
1761 556 1980 597 libertatem
1996 558 2142 599 civium

1305 608 1430 650 fratris
1461 609 1579 650 saluti
1608 610 1748 665 (malle
1774 611 1929 651 fratrem
1960 610 2144 661 interfici,

1303 675 1423 716 quam
1460 663 1679 709 libertatem
1713 664 1902 718 supprimi
1924 680 1936 705 ε
1963 665 2072 706 conf.
2103 679 2146 706 v·

1305 717 1425 824 2⁶33.
1440 721 2010 821 2‘11221113‘53'3333‘125’1
2021 726 2144 814 ⁸5:13?

1306 824 1464 876 gionem
1482 825 1550 865 irae
1567 825 1694 879 (illius
1707 833 1886 878 respectu
1895 827 1990 868 huic
2002 828 2147 868 fraenos

1306 877 1531 973 ffinponere)
1549 879 1682 974 ¹2¹³
1709 879 1923 920 antefertur
1934 882 2143 923 consilium

1346 944 1409 974 που
1429 945 1474 972 us
1500 946 1524 973 x

1252 945 1597 1083 Antffirellaliquz'm
1608 985 1839 1028 auctoritate
1865 987 1933 1040 xii,
1947 991 1974 1031 ⁴
2004 989 2146 1030 virtute

1307 1053 1376 1079 vm

1252 1069 1509 1148 Antep'onere
1538 1095 1711 1150 aliquem
1739 1094 1858 1136 alicui
1897 1094 2008 1144 xviii,
2036 1099 2059 1137 1
2102 1096 2147 1136 in

1311 1149 1572 1190 familiaritate
1613 1163 1681 1197 κν,
1708 1153 1735 1191 2
1790 1163 1908 1203 quern
1952 1157 2147 1191 oratonnn

1308 1202 1401 1243 huic
1418 1210 1650 1257 antepones,
1668 1203 1869 1256 (praeferes
1882 1204 1921 1258 ?)
1947 1204 2012 1244 Fr.
2029 1210 2055 1246 5

1253 1254 1480 1310 Antigonus
1511 1258 1754 1312 persequitur
1781 1258 1998 1299 Eumenem
2038 1259 2150 1307 xviii,

1306 1315 1332 1374 ᾇ
1361 1312 1530 1373 obsidet,
1544 1311 1641 1374 ibid.
1663 1313 1880 1375 ‘imperium
1892 1313 2004 1368 capit
2026 1313 2108 1362 xxi,
2121 1318 2148 1355 2

1253 1366 1813 1474 Αιῗῖἰοιέΐυιεωᾶἱῖῒέἷῃιιξῗάἑοι
1828 1420 1973 1475 Syriae)
1991 1434 2057 1460 rex
2076 1434 2149 1474 po·

1309 1473 1548 1514 tentissimus
1574 1474 1685 1521 xxiii,
1703 1478 1729 1515 2
1757 1488 1838 1516 non
1853 1482 1964 1527 paret
1977 1476 2150 1515 consiliis

1308 1526 1546 1568 Hannibalis
1570 1529 1735 1582 (magno
1753 1542 1824 1571 suo
1841 1529 1967 1583 malo)
1996 1528 2106 1578 xxiii,
2122 1534 2148 1570 8

1309 1581 1348 1620 ei
1379 1581 1500 1634 legati
1530 1581 1653 1622 Rom.
1683 1582 1946 1623 Hannibalem
1960 1581 2003 1623 in
2022 1583 2150 1637 suspi-

1310 1634 1465 1675 cionem
1482 1636 1687 1676 adducunt
1712 1637 1820 1683 xxiii,
1838 1641 1866 1678 2
2129 1665 2133 1670 ,

1255 1684 1479 1742 Antipater,
1501 1688 1604 1730 inter
1620 1690 1842 1743 praecipuos
1865 1691 2010 1731 amicos
2035 1690 2152 1731 Alex.

1312 1743 1392 1791 M„
1417 1743 1526 1790 xviii,
1553 1748 1581 1785 2
1627 1743 1664 1784 ei
1682 1757 1832 1784 summa
1863 1757 1988 1785 rerum
2015 1746 2153 1786 decer-

1309 1798 1418 1839 nitur
1441 1797 1550 1846 xviii,
1569 1803 1594 1838 5
2181 1839 2186 1843 .

1256 1851 1517 1905 Antiquitatis
1533 1857 1682 1893 amator
1707 1851 1867 1893 Atticus
1893 1867 1981 1902 xxv,
2000 1856 2054 1895 18
2081 1866 2152 1894 an-

1311 1905 1534 1960 tiquitatem
1559 1906 1769 1960 diligenter
1784 1908 1923 1947 habuit
1939 1907 2153 1961 cognitam,

1312 1967 1355 2002 et
1373 1967 1495 2001 totam
1527 1974 1607 2001 uno
1642 1961 1788 2001 volum.
1822 1959 2024 2016 exposuit,
2055 1962 2152 2002 ibid.

1312 2014 1892 2110 302⁰ffii⁰zssap¹⁸⁶ffi330³bsst
1911 2018 1971 2110 ἕξ
1981 2015 2154 2124 ’.ῗῖῗιῖ

1312 2124 1394 2163 reb.
1423 2130 1466 2164 et
1480 2083 1770 2178 tilitibfflirtiscis)
1796 2138 1886 2172 xxv,
1903 2085 2155 2186 20qantiqui-

1312 2183 1395 2218 tate
1431 2177 1583 2231 generis
1626 2178 1763 2218 florere
1804 2179 1832 2226 i,
1869 2182 1893 2220 1
1938 2178 2156 2233 antiquitus

1313 2233 1568 2272 constitutum
1588 2238 1735 2272 tectum
1763 2246 1853 2280 xxv,
1874 2236 1925 2273 13

1260 2284 1438 2325 Antistat
1481 2286 1708 2338 eloquentia
1751 2287 1988 2326 innocentia
2034 2286 2092 2334 iii,
2129 2291 2152 2327 1

1315 2338 1512 2392 (Verbum
1531 2340 1704 2391 elegans,
1722 2338 1852 2392 inquit
1868 2339 2066 2388 Barthins‚
2085 2341 2154 2380 sed

1314 2405 1396 2431 non
1424 2393 1525 2432 adeo
1554 2406 1629 2432 usu
1658 2394 1789 2432 tritum
1807 2393 1904 2446 quin
1922 2408 1988 2447 ap.
2009 2407 2159 2447 paucos

1315 2447 1612 2541 ἵξὲἠέζῗῖἰοζ·
1624 2459 1731 2540 ..illu
1758 2446 1866 2541 ἷέἒέ·
1875 2449 2160 2543 1?¹1'‘{⁹’s‘‚⁵;v.ss‘

1317 2555 1370 2593 ad
1387 2554 1524 2594 Sidon.
1543 2559 1584 2596 ⁷.
1603 2568 1668 2607 ep.
1688 2514 1764 2608 lli)
1907 2530 1920 2550 θ

1262 2606 1473 2649 Antistites
1489 2607 1601 2649 Jovis
1618 2606 1884 2663 (sacerdotes)
1910 2609 1965 2657 vi,
1983 2613 2009 2651 3

1265 2661 1464 2702 Antonius
1482 2663 1545 2702 M.
1563 2662 1686 2703 hostis
1698 2663 1903 2717 judicatus
1919 2664 2025 2704 cedit
2042 2663 2161 2703 Italia

1318 2731 1409 2765 xxv,
1428 2721 1455 2758 9
1483 2717 1654 2759 reditin
1683 2730 1770 2757 eam
1798 2731 1888 2765 xxv,
1909 2722 1961 2759 10
1989 2718 2162 2757 triumvir

1319 2770 1417 2824 reip.
1464 2770 1751 2812 constituendae
1796 2785 1889 2819 xxv,
1925 2775 1977 2813 12
2019 2773 2160 2812 absens

1319 2824 1441 2866 literis
1459 2826 1555 2866 colit
1572 2825 1750 2866 Atticum
1778 2840 1871 2873 xxv,
1889 2829 1942 2868 10
1965 2866 1975 2875 ,

1263 2877 1563 2920 Autonomasiae
1605 2880 1787 2933 exempla
1822 2878 1928 2934 (vid.
1960 2879 2003 2920 in
2037 2879 2162 2927 Laco,

1318 2933 1526 2982 Barbarus,
1543 2933 1724 2986 Nomen)

1264 2985 1439 3027 Anulum
1458 3001 1570 3027 suum
1586 2986 1752 3027 moriens
1765 2987 1879 3028 Alex.
1898 2987 1961 3027 M.
1979 2988 2050 3027 dat
2066 2986 2163 3027 Per-

1319 3041 1442 3082 diccae
1461 3042 1668 3096 (tanquam
1685 3041 1827 3096 insign.
1842 3041 1974 3082 traditi
1986 3040 2162 3095 imperii)

1319 3094 1429 3142 xviii,
1448 3099 1475 3136 2

1266 3148 1522 3202 Apenninum
1568 3147 1706 3189 transit
1749 3147 1950 3189 Hannibal
1996 3146 2106 3195 xxiii,
2131 3149 2161 3187 4

1321 3204 1466 3256 (Mons
1496 3209 1557 3244 est
1583 3203 1739 3244 Italiam
1757 3204 1950 3250 dividens,
1977 3202 2028 3241 ab
2044 3199 2162 3253 Alpi-

1320 3258 1395 3298 bus
1427 3254 1558 3298 ortus:
1601 3257 1716 3297 Livio
1745 3257 1909 3310 aliisque
1938 3254 2161 3297 Penninus:

1321 3312 1373 3351 de
1391 3312 1539 3365 origine
1557 3312 1724 3351 nominis
1741 3318 1832 3364 post
1856 3309 1953 3350 alios
1978 3309 2163 3349 Bochart.

1323 3365 1365 3404 in
1385 3366 1546 3407 canaan
1574 3366 1602 3413 i,
1622 3366 1697 3418 11)

1271 3418 1435 3472 Aperire
1480 3420 1720 3474 (ostendere,
1766 3416 1983 3470 declarare)
2039 3431 2077 3464 x,
2120 3421 2160 3458 6.

1328 3487 1416 3520 xxv,
1435 3477 1462 3514 9
1506 3474 1594 3514 Sic:
1625 3472 1777 3525 aperuit
1807 3472 1847 3511 in
1875 3471 1995 3519 bello,
2030 3471 2162 3524 ‚qualis
