<?xml version="1.0" encoding="UTF-8"?>
<!DOCTYPE html PUBLIC "-//W3C//DTD XHTML 1.0 Transitional//EN"
    "http://www.w3.org/TR/xhtml1/DTD/xhtml1-transitional.dtd">
<html xmlns="http://www.w3.org/1999/xhtml" xml:lang="en" lang="en">
 <head>
  <title>
</title>
<meta http-equiv="Content-Type" content="text/html;charset=utf-8" />
  <meta name='ocr-system' content='tesseract 3.04.00' />
  <meta name='ocr-capabilities' content='ocr_page ocr_carea ocr_par ocr_line ocrx_word'/>
</head>
<body>
  <div class='ocr_page' id='page_1' title='image "./vitaeexcellentiu02nepouoft_0020.png"; bbox 0 0 2326 3944; ppageno 0'>
   <div class='ocr_carea' id='block_1_1' title="bbox 264 259 374 325">
    <p class='ocr_par' dir='ltr' id='par_1_1' title="bbox 264 259 374 325">
     <span class='ocr_line' id='line_1_1' title="bbox 264 259 374 325; baseline 0 -7"><span class='ocrx_word' id='word_1_1' title='bbox 264 259 374 325; x_wconf 72' lang='lat'><strong>442</strong></span> 
     </span>
    </p>
   </div>
   <div class='ocr_carea' id='block_1_2' title="bbox 222 390 1146 3491">
    <p class='ocr_par' dir='ltr' id='par_1_2' title="bbox 258 390 1146 1071">
     <span class='ocr_line' id='line_1_2' title="bbox 262 390 1146 444; baseline -0.001 -11"><span class='ocrx_word' id='word_1_2' title='bbox 262 391 367 434; x_wconf 76' lang='grc' dir='ltr'><strong><em>τινὸς</em></strong></span> <span class='ocrx_word' id='word_1_3' title='bbox 383 390 697 442; x_wconf 73' lang='grc' dir='ltr'><strong><em>οἰκοδομήματος.</em></strong></span> <span class='ocrx_word' id='word_1_4' title='bbox 737 391 792 432; x_wconf 87' lang='lat' dir='ltr'><strong>In</strong></span> <span class='ocrx_word' id='word_1_5' title='bbox 810 402 862 433; x_wconf 91' lang='lat' dir='ltr'><strong>eo</strong></span> <span class='ocrx_word' id='word_1_6' title='bbox 882 391 1146 444; x_wconf 77' lang='lat' dir='ltr'>discrepans,</span> 
     </span>
     <span class='ocr_line' id='line_1_3' title="bbox 265 452 1144 510; baseline -0.003 -13"><span class='ocrx_word' id='word_1_7' title='bbox 265 455 379 510; x_wconf 87' lang='lat' dir='ltr'><strong>quod</strong></span> <span class='ocrx_word' id='word_1_8' title='bbox 409 460 577 496; x_wconf 81' lang='lat' dir='ltr'><strong>tantum</strong></span> <span class='ocrx_word' id='word_1_9' title='bbox 606 452 808 506; x_wconf 83' lang='lat' dir='ltr'><strong>profanos</strong></span> <span class='ocrx_word' id='word_1_10' title='bbox 825 466 911 507; x_wconf 83' lang='lat' dir='ltr'><strong>qua</strong></span> <span class='ocrx_word' id='word_1_11' title='bbox 937 455 1144 507; x_wconf 52' lang='lat' dir='ltr'><strong>privatos.</strong></span> 
     </span>
     <span class='ocr_line' id='line_1_4' title="bbox 263 517 1145 572; baseline 0 -13"><span class='ocrx_word' id='word_1_12' title='bbox 263 531 348 572; x_wconf 85' lang='lat' dir='ltr'><strong>qua</strong></span> <span class='ocrx_word' id='word_1_13' title='bbox 374 517 584 569; x_wconf 87' lang='lat' dir='ltr'><strong>publicos,</strong></span> <span class='ocrx_word' id='word_1_14' title='bbox 613 529 698 557; x_wconf 87' lang='lat' dir='ltr'><strong>non</strong></span> <span class='ocrx_word' id='word_1_15' title='bbox 730 529 833 558; x_wconf 84' lang='lat' dir='ltr'><strong>vero</strong></span> <span class='ocrx_word' id='word_1_16' title='bbox 858 529 999 558; x_wconf 84' lang='lat' dir='ltr'><strong>sacros</strong></span> <span class='ocrx_word' id='word_1_17' title='bbox 1028 518 1145 559; x_wconf 88' lang='lat' dir='ltr'><strong>locos</strong></span> 
     </span>
     <span class='ocr_line' id='line_1_5' title="bbox 262 580 1145 636; baseline -0.001 -11"><span class='ocrx_word' id='word_1_18' title='bbox 262 583 491 636; x_wconf 78' lang='lat' dir='ltr'><strong>complecti</strong></span> <span class='ocrx_word' id='word_1_19' title='bbox 519 582 633 635; x_wconf 84' lang='lat' dir='ltr'><strong>jussi</strong></span> <span class='ocrx_word' id='word_1_20' title='bbox 664 580 827 623; x_wconf 81' lang='lat' dir='ltr'><strong>fuerint</strong></span> <span class='ocrx_word' id='word_1_21' title='bbox 862 582 1145 624; x_wconf 74' lang='lat' dir='ltr'><strong>Athenienses</strong></span> 
     </span>
     <span class='ocr_line' id='line_1_6' title="bbox 261 647 1144 700; baseline 0 -11"><span class='ocrx_word' id='word_1_22' title='bbox 261 647 394 689; x_wconf 85' lang='lat' dir='ltr'><strong>muris</strong></span> <span class='ocrx_word' id='word_1_23' title='bbox 426 648 526 689; x_wconf 88' lang='lat' dir='ltr'><strong>suis.</strong></span> <span class='ocrx_word' id='word_1_24' title='bbox 593 649 742 700; x_wconf 88' lang='lat' dir='ltr'><strong>Nepos</strong></span> <span class='ocrx_word' id='word_1_25' title='bbox 780 653 923 689; x_wconf 84' lang='lat' dir='ltr'><strong>autem</strong></span> <span class='ocrx_word' id='word_1_26' title='bbox 960 647 1144 689; x_wconf 81' lang='lat' dir='ltr'><strong>affirmet</strong></span> 
     </span>
     <span class='ocr_line' id='line_1_7' title="bbox 262 710 1146 765; baseline 0.001 -14"><span class='ocrx_word' id='word_1_27' title='bbox 262 723 347 752; x_wconf 89' lang='lat' dir='ltr'><strong>nou</strong></span> <span class='ocrx_word' id='word_1_28' title='bbox 378 711 594 763; x_wconf 81' lang='lat' dir='ltr'><strong>parcitum</strong></span> <span class='ocrx_word' id='word_1_29' title='bbox 628 710 760 751; x_wconf 86' lang='lat' dir='ltr'><strong>fuisse</strong></span> <span class='ocrx_word' id='word_1_30' title='bbox 798 712 930 752; x_wconf 88' lang='lat' dir='ltr'><strong>sacris</strong></span> <span class='ocrx_word' id='word_1_31' title='bbox 965 723 1146 765; x_wconf 89' lang='lat' dir='ltr'><strong>qnoque,</strong></span> 
     </span>
     <span class='ocr_line' id='line_1_8' title="bbox 261 774 1141 828; baseline 0.001 -13"><span class='ocrx_word' id='word_1_32' title='bbox 261 787 390 828; x_wconf 86' lang='lat' dir='ltr'><strong>quum</strong></span> <span class='ocrx_word' id='word_1_33' title='bbox 406 780 547 816; x_wconf 86' lang='lat' dir='ltr'><strong>tamen</strong></span> <span class='ocrx_word' id='word_1_34' title='bbox 563 781 827 828; x_wconf 86' lang='lat' dir='ltr'><strong>praeceptum</strong></span> <span class='ocrx_word' id='word_1_35' title='bbox 845 774 978 817; x_wconf 86' lang='lat' dir='ltr'><strong>fuerit</strong></span> <span class='ocrx_word' id='word_1_36' title='bbox 992 780 1114 816; x_wconf 85' lang='lat' dir='ltr'><strong>vetus</strong></span> <span class='ocrx_word' id='word_1_37' title='bbox 1130 789 1141 816; x_wconf 67' lang='grc' dir='ltr'>ε</span> 
     </span>
     <span class='ocr_line' id='line_1_9' title="bbox 260 836 1144 892; baseline 0 -14"><span class='ocrx_word' id='word_1_38' title='bbox 260 837 315 887; x_wconf 81' lang='grc' dir='ltr'><strong>μὴ</strong></span> <span class='ocrx_word' id='word_1_39' title='bbox 346 840 478 890; x_wconf 78' lang='grc' dir='ltr'><strong><em>κινεῖν,</em></strong></span> <span class='ocrx_word' id='word_1_40' title='bbox 508 837 609 889; x_wconf 81' lang='grc' dir='ltr'><strong><em>μήτε</em></strong></span> <span class='ocrx_word' id='word_1_41' title='bbox 642 837 811 890; x_wconf 76' lang='grc' dir='ltr'><strong><em>βωμοὺς,</em></strong></span> <span class='ocrx_word' id='word_1_42' title='bbox 849 837 950 888; x_wconf 80' lang='grc' dir='ltr'><strong><em>μήτε</em></strong></span> <span class='ocrx_word' id='word_1_43' title='bbox 984 836 1144 892; x_wconf 82' lang='grc' dir='ltr'><strong><em>τάφους,</em></strong></span> 
     </span>
     <span class='ocr_line' id='line_1_10' title="bbox 258 900 1144 955; baseline 0.002 -13"><span class='ocrx_word' id='word_1_44' title='bbox 258 900 362 951; x_wconf 77' lang='grc' dir='ltr'><strong><em>μήτε</em></strong></span> <span class='ocrx_word' id='word_1_45' title='bbox 377 900 496 955; x_wconf 77' lang='grc' dir='ltr'><strong><em>ἥρῶα,</em></strong></span> <span class='ocrx_word' id='word_1_46' title='bbox 512 915 595 943; x_wconf 84' lang='lat' dir='ltr'><strong>non</strong></span> <span class='ocrx_word' id='word_1_47' title='bbox 622 914 716 943; x_wconf 88' lang='lat' dir='ltr'><strong>esse</strong></span> <span class='ocrx_word' id='word_1_48' title='bbox 734 902 943 944; x_wconf 79' lang='lat' dir='ltr'><strong>movenda</strong></span> <span class='ocrx_word' id='word_1_49' title='bbox 956 915 1031 944; x_wconf 87' lang='lat' dir='ltr'><strong>seu</strong></span> <span class='ocrx_word' id='word_1_50' title='bbox 1059 902 1144 944; x_wconf 83' lang='lat' dir='ltr'><strong>vio-</strong></span> 
     </span>
     <span class='ocr_line' id='line_1_11' title="bbox 259 965 1142 1019; baseline 0.001 -13"><span class='ocrx_word' id='word_1_51' title='bbox 259 965 402 1006; x_wconf 84' lang='lat' dir='ltr'><strong>landa.</strong></span> <span class='ocrx_word' id='word_1_52' title='bbox 450 966 562 1006; x_wconf 82' lang='lat' dir='ltr'><strong>Vide</strong></span> <span class='ocrx_word' id='word_1_53' title='bbox 581 966 818 1007; x_wconf 73' lang='lat' dir='ltr'><strong>Zenobiam</strong></span> <span class='ocrx_word' id='word_1_54' title='bbox 838 966 915 1007; x_wconf 85' lang='lat' dir='ltr'><strong>lib.</strong></span> <span class='ocrx_word' id='word_1_55' title='bbox 935 978 968 1008; x_wconf 85' lang='lat'><strong>1.</strong></span> <span class='ocrx_word' id='word_1_56' title='bbox 996 967 1142 1019; x_wconf 81' lang='lat' dir='ltr'><strong>capite</strong></span> 
     </span>
     <span class='ocr_line' id='line_1_12' title="bbox 262 1029 580 1071; baseline -0.003 0"><span class='ocrx_word' id='word_1_57' title='bbox 262 1033 328 1071; x_wconf 84' lang='grc'><strong>64.</strong></span> <span class='ocrx_word' id='word_1_58' title='bbox 377 1029 580 1070; x_wconf 79' lang='lat' dir='ltr'><strong><em>Gebhard.</em></strong></span> 
     </span>
    </p>

    <p class='ocr_par' dir='ltr' id='par_1_3' title="bbox 260 1093 1143 1452">
     <span class='ocr_line' id='line_1_13' title="bbox 312 1093 1143 1145; baseline 0 -11"><span class='ocrx_word' id='word_1_59' title='bbox 312 1094 520 1145; x_wconf 71' lang='lat' dir='ltr'><strong>Privatus]</strong></span> <span class='ocrx_word' id='word_1_60' title='bbox 568 1093 641 1134; x_wconf 87' lang='lat' dir='ltr'><strong>Sic</strong></span> <span class='ocrx_word' id='word_1_61' title='bbox 673 1094 780 1134; x_wconf 80' lang='lat' dir='ltr'><strong>MSS.</strong></span> <span class='ocrx_word' id='word_1_62' title='bbox 810 1097 951 1134; x_wconf 81' lang='lat' dir='ltr'><strong>recte:</strong></span> <span class='ocrx_word' id='word_1_63' title='bbox 981 1093 1024 1134; x_wconf 89' lang='lat' dir='ltr'><strong>in</strong></span> <span class='ocrx_word' id='word_1_64' title='bbox 1052 1094 1143 1134; x_wconf 86' lang='lat' dir='ltr'><strong>vul-</strong></span> 
     </span>
     <span class='ocr_line' id='line_1_14' title="bbox 261 1155 1140 1210; baseline 0 -13"><span class='ocrx_word' id='word_1_65' title='bbox 261 1157 374 1210; x_wconf 84' lang='lat' dir='ltr'><strong>gatis</strong></span> <span class='ocrx_word' id='word_1_66' title='bbox 398 1157 614 1209; x_wconf 67' lang='lat' dir='ltr'><strong>profatum,-</strong></span> <span class='ocrx_word' id='word_1_67' title='bbox 661 1155 777 1209; x_wconf 83' lang='lat' dir='ltr'><strong>quod</strong></span> <span class='ocrx_word' id='word_1_68' title='bbox 813 1157 1024 1208; x_wconf 79' lang='lat' dir='ltr'><strong>glossema</strong></span> <span class='ocrx_word' id='word_1_69' title='bbox 1056 1169 1140 1198; x_wconf 85' lang='lat' dir='ltr'><strong>nou</strong></span> 
     </span>
     <span class='ocr_line' id='line_1_15' title="bbox 263 1220 1141 1273; baseline -0.001 -12"><span class='ocrx_word' id='word_1_70' title='bbox 263 1227 506 1273; x_wconf 83' lang='lat' dir='ltr'><strong>agnoscunt</strong></span> <span class='ocrx_word' id='word_1_71' title='bbox 522 1221 628 1260; x_wconf 89' lang='lat' dir='ltr'><strong>Mss.</strong></span> <span class='ocrx_word' id='word_1_72' title='bbox 649 1220 715 1260; x_wconf 88' lang='lat' dir='ltr'><strong>De</strong></span> <span class='ocrx_word' id='word_1_73' title='bbox 727 1221 808 1260; x_wconf 88' lang='lat' dir='ltr'><strong>hoc</strong></span> <span class='ocrx_word' id='word_1_74' title='bbox 820 1220 1013 1272; x_wconf 85' lang='lat' dir='ltr'><strong>Strateg.</strong></span> <span class='ocrx_word' id='word_1_75' title='bbox 1031 1220 1141 1260; x_wconf 85' lang='lat' dir='ltr'><strong>The-</strong></span> 
     </span>
     <span class='ocr_line' id='line_1_16' title="bbox 260 1284 1143 1337; baseline -0.002 -12"><span class='ocrx_word' id='word_1_76' title='bbox 260 1285 473 1326; x_wconf 84' lang='lat' dir='ltr'><strong>mistoclis</strong></span> <span class='ocrx_word' id='word_1_77' title='bbox 489 1284 683 1337; x_wconf 77' lang='lat' dir='ltr'><strong>Thucyd.</strong></span> <span class='ocrx_word' id='word_1_78' title='bbox 702 1284 777 1326; x_wconf 87' lang='lat' dir='ltr'><strong>lib.</strong></span> <span class='ocrx_word' id='word_1_79' title='bbox 795 1295 827 1325; x_wconf 80' lang='grc' dir='ltr'><strong><em>ι.</em></strong></span> <span class='ocrx_word' id='word_1_80' title='bbox 866 1284 1047 1324; x_wconf 84' lang='lat' dir='ltr'><strong>Diodor.</strong></span> <span class='ocrx_word' id='word_1_81' title='bbox 1075 1294 1143 1324; x_wconf 73' lang='lat' dir='ltr'><strong>xx.</strong></span> 
     </span>
     <span class='ocr_line' id='line_1_17' title="bbox 264 1348 1141 1390; baseline 0 -2"><span class='ocrx_word' id='word_1_82' title='bbox 264 1348 462 1389; x_wconf 86' lang='lat' dir='ltr'><strong>Frontin.</strong></span> <span class='ocrx_word' id='word_1_83' title='bbox 490 1360 524 1388; x_wconf 89' lang='lat'><strong>1.</strong></span> <span class='ocrx_word' id='word_1_84' title='bbox 545 1353 584 1389; x_wconf 85' lang='lat' dir='ltr'><strong>l.</strong></span> <span class='ocrx_word' id='word_1_85' title='bbox 623 1348 785 1390; x_wconf 86' lang='lat' dir='ltr'><strong>Justin.</strong></span> <span class='ocrx_word' id='word_1_86' title='bbox 803 1359 856 1388; x_wconf 88' lang='lat'><strong>11.</strong></span> <span class='ocrx_word' id='word_1_87' title='bbox 901 1348 1086 1389; x_wconf 89' lang='lat' dir='ltr'><strong>Pausan.</strong></span> <span class='ocrx_word' id='word_1_88' title='bbox 1106 1360 1141 1388; x_wconf 89' lang='lat'><strong>1.</strong></span> 
     </span>
     <span class='ocr_line' id='line_1_18' title="bbox 261 1410 427 1452; baseline -0.006 0"><span class='ocrx_word' id='word_1_89' title='bbox 261 1410 427 1452; x_wconf 70' lang='lat' dir='ltr'><strong>Suom.</strong></span> 
     </span>
    </p>

    <p class='ocr_par' dir='ltr' id='par_1_4' title="bbox 222 1472 1144 2224">
     <span class='ocr_line' id='line_1_19' title="bbox 222 1472 1140 1526; baseline 0 -12"><span class='ocrx_word' id='word_1_90' title='bbox 222 1507 225 1508; x_wconf 16' lang='grc' dir='ltr'><em>γ</em></span> <span class='ocrx_word' id='word_1_91' title='bbox 294 1498 298 1505; x_wconf 92' lang='grc'>-</span> <span class='ocrx_word' id='word_1_92' title='bbox 317 1474 600 1526; x_wconf 75' lang='lat' dir='ltr'><strong>congererent]</strong></span> <span class='ocrx_word' id='word_1_93' title='bbox 624 1472 990 1525; x_wconf 67' lang='grc' dir='ltr'><strong><em>Ἐγκαταλέγησαν.</em></strong></span> <span class='ocrx_word' id='word_1_94' title='bbox 1009 1473 1140 1515; x_wconf 88' lang='lat' dir='ltr'>Diod.</span> 
     </span>
     <span class='ocr_line' id='line_1_20' title="bbox 259 1538 1141 1592; baseline -0.002 -12"><span class='ocrx_word' id='word_1_95' title='bbox 259 1539 436 1592; x_wconf 86' lang='lat' dir='ltr'><strong>Vulgati</strong></span> <span class='ocrx_word' id='word_1_96' title='bbox 481 1543 675 1590; x_wconf 80' lang='lat' dir='ltr'><em>cogerent.</em></span> <span class='ocrx_word' id='word_1_97' title='bbox 759 1538 886 1582; x_wconf 80' lang='lat' dir='ltr'><strong>Quod</strong></span> <span class='ocrx_word' id='word_1_98' title='bbox 929 1538 1141 1591; x_wconf 88' lang='lat' dir='ltr'><strong>improbo.</strong></span> 
     </span>
     <span class='ocr_line' id='line_1_21' title="bbox 261 1600 1141 1654; baseline -0.002 -11"><span class='ocrx_word' id='word_1_99' title='bbox 261 1602 462 1643; x_wconf 72' lang='lat' dir='ltr'><strong>Kena-ken.</strong></span> <span class='ocrx_word' id='word_1_100' title='bbox 521 1602 646 1645; x_wconf 82' lang='lat' dir='ltr'><strong>Quod</strong></span> <span class='ocrx_word' id='word_1_101' title='bbox 677 1602 786 1642; x_wconf 86' lang='lat' dir='ltr'><strong>vidit</strong></span> <span class='ocrx_word' id='word_1_102' title='bbox 815 1602 975 1654; x_wconf 88' lang='lat' dir='ltr'><strong>primus</strong></span> <span class='ocrx_word' id='word_1_103' title='bbox 995 1600 1141 1643; x_wconf 81' lang='lat' dir='ltr'><strong>Gifan.</strong></span> 
     </span>
     <span class='ocr_line' id='line_1_22' title="bbox 261 1664 1144 1718; baseline 0.002 -14"><span class='ocrx_word' id='word_1_104' title='bbox 261 1665 316 1705; x_wconf 87' lang='lat' dir='ltr'><strong>ad</strong></span> <span class='ocrx_word' id='word_1_105' title='bbox 347 1666 610 1706; x_wconf 87' lang='lat' dir='ltr'><strong>Lucretium.</strong></span> <span class='ocrx_word' id='word_1_106' title='bbox 663 1664 826 1718; x_wconf 89' lang='lat' dir='ltr'><strong>Aptum</strong></span> <span class='ocrx_word' id='word_1_107' title='bbox 856 1666 920 1704; x_wconf 88' lang='lat' dir='ltr'><strong>rei</strong></span> <span class='ocrx_word' id='word_1_108' title='bbox 953 1665 1144 1716; x_wconf 76' lang='lat' dir='ltr'><strong>verbum,</strong></span> 
     </span>
     <span class='ocr_line' id='line_1_23' title="bbox 259 1728 1142 1782; baseline 0 -12"><span class='ocrx_word' id='word_1_109' title='bbox 259 1729 412 1782; x_wconf 77' lang='lat' dir='ltr'><strong>Vin-gil.</strong></span> <span class='ocrx_word' id='word_1_110' title='bbox 441 1731 453 1753; x_wconf 89' lang='lat'>‘</span> <span class='ocrx_word' id='word_1_111' title='bbox 474 1728 614 1769; x_wconf 69' lang='lat' dir='ltr'><strong>Aeriae</strong></span> <span class='ocrx_word' id='word_1_112' title='bbox 634 1741 762 1781; x_wconf 86' lang='lat' dir='ltr'><strong>quem</strong></span> <span class='ocrx_word' id='word_1_113' title='bbox 795 1740 1052 1781; x_wconf 82' lang='lat' dir='ltr'><strong>congessere</strong></span> <span class='ocrx_word' id='word_1_114' title='bbox 1071 1741 1142 1770; x_wconf 89' lang='lat' dir='ltr'><strong>co·</strong></span> 
     </span>
     <span class='ocr_line' id='line_1_24' title="bbox 258 1792 1140 1843; baseline 0.001 -11"><span class='ocrx_word' id='word_1_115' title='bbox 258 1792 446 1843; x_wconf 80' lang='lat' dir='ltr'><strong>lumbae‚’</strong></span> <span class='ocrx_word' id='word_1_116' title='bbox 476 1792 531 1833; x_wconf 87' lang='lat' dir='ltr'><strong>ad</strong></span> <span class='ocrx_word' id='word_1_117' title='bbox 549 1792 798 1833; x_wconf 87' lang='lat' dir='ltr'><strong>struendum</strong></span> <span class='ocrx_word' id='word_1_118' title='bbox 819 1792 979 1833; x_wconf 86' lang='lat' dir='ltr'><strong>nidum.</strong></span> <span class='ocrx_word' id='word_1_119' title='bbox 1024 1792 1140 1833; x_wconf 87' lang='lat' dir='ltr'><strong>Hinc</strong></span> 
     </span>
     <span class='ocr_line' id='line_1_25' title="bbox 257 1856 1140 1908; baseline 0 -12"><span class='ocrx_word' id='word_1_120' title='bbox 257 1856 457 1908; x_wconf 76' lang='lat' dir='ltr'><strong>congeries</strong></span> <span class='ocrx_word' id='word_1_121' title='bbox 474 1862 540 1896; x_wconf 91' lang='lat' dir='ltr'><strong>est</strong></span> <span class='ocrx_word' id='word_1_122' title='bbox 563 1860 779 1897; x_wconf 87' lang='lat' dir='ltr'><strong>strues.et</strong></span> <span class='ocrx_word' id='word_1_123' title='bbox 810 1868 1010 1897; x_wconf 84' lang='lat' dir='ltr'><strong>saxorum</strong></span> <span class='ocrx_word' id='word_1_124' title='bbox 1040 1867 1140 1896; x_wconf 89' lang='lat' dir='ltr'><strong>con-</strong></span> 
     </span>
     <span class='ocr_line' id='line_1_26' title="bbox 259 1918 1141 1970; baseline -0.001 -11"><span class='ocrx_word' id='word_1_125' title='bbox 259 1923 420 1970; x_wconf 84' lang='lat' dir='ltr'><strong>gestus.</strong></span> <span class='ocrx_word' id='word_1_126' title='bbox 483 1919 604 1959; x_wconf 85' lang='lat' dir='ltr'><strong>Curt.</strong></span> <span class='ocrx_word' id='word_1_127' title='bbox 638 1919 712 1959; x_wconf 88' lang='lat' dir='ltr'><strong>lib.</strong></span> <span class='ocrx_word' id='word_1_128' title='bbox 746 1929 848 1960; x_wconf 84' lang='lat' dir='ltr'><strong>vm.</strong></span> <span class='ocrx_word' id='word_1_129' title='bbox 881 1921 945 1959; x_wconf 77' lang='lat'><strong>13.</strong></span> <span class='ocrx_word' id='word_1_130' title='bbox 988 1920 1000 1941; x_wconf 91' lang='lat'>‘</span> <span class='ocrx_word' id='word_1_131' title='bbox 1021 1918 1141 1959; x_wconf 83' lang='lat' dir='ltr'><strong>Caedi</strong></span> 
     </span>
     <span class='ocr_line' id='line_1_27' title="bbox 259 1981 1141 2034; baseline 0.001 -13"><span class='ocrx_word' id='word_1_132' title='bbox 259 1986 404 2022; x_wconf 89' lang='lat' dir='ltr'><strong>tamen</strong></span> <span class='ocrx_word' id='word_1_133' title='bbox 422 1981 597 2022; x_wconf 87' lang='lat' dir='ltr'><strong>arbores</strong></span> <span class='ocrx_word' id='word_1_134' title='bbox 615 1987 662 2022; x_wconf 90' lang='lat' dir='ltr'><strong>et</strong></span> <span class='ocrx_word' id='word_1_135' title='bbox 673 1994 778 2022; x_wconf 81' lang='lat' dir='ltr'><strong>saxa</strong></span> <span class='ocrx_word' id='word_1_136' title='bbox 791 1982 967 2034; x_wconf 87' lang='lat' dir='ltr'><strong>congeri</strong></span> <span class='ocrx_word' id='word_1_137' title='bbox 979 1982 1141 2034; x_wconf 66' lang='lat' dir='ltr'><strong>jussit!</strong></span> 
     </span>
     <span class='ocr_line' id='line_1_28' title="bbox 258 2044 1140 2098; baseline 0.002 -13"><span class='ocrx_word' id='word_1_138' title='bbox 258 2045 439 2086; x_wconf 83' lang='lat' dir='ltr'><strong>Flaccus</strong></span> <span class='ocrx_word' id='word_1_139' title='bbox 470 2044 711 2098; x_wconf 84' lang='lat' dir='ltr'><strong>Argonaut.</strong></span> <span class='ocrx_word' id='word_1_140' title='bbox 730 2057 794 2087; x_wconf 79' lang='grc' dir='ltr'><strong><em>ιν.</em></strong></span> <span class='ocrx_word' id='word_1_141' title='bbox 815 2049 880 2087; x_wconf 85' lang='grc'><strong>97.</strong></span> <span class='ocrx_word' id='word_1_142' title='bbox 909 2047 922 2069; x_wconf 88' lang='lat'>‘</span> <span class='ocrx_word' id='word_1_143' title='bbox 946 2046 1050 2087; x_wconf 79' lang='lat' dir='ltr'><strong>Fert</strong></span> <span class='ocrx_word' id='word_1_144' title='bbox 1076 2059 1140 2087; x_wconf 87' lang='lat' dir='ltr'><strong>so·</strong></span> 
     </span>
     <span class='ocr_line' id='line_1_29' title="bbox 259 2109 1139 2162; baseline 0.001 -13"><span class='ocrx_word' id='word_1_145' title='bbox 259 2109 373 2149; x_wconf 81' lang='lat' dir='ltr'><strong>nitus</strong></span> <span class='ocrx_word' id='word_1_146' title='bbox 397 2110 574 2149; x_wconf 87' lang='lat' dir='ltr'><strong>immota</strong></span> <span class='ocrx_word' id='word_1_147' title='bbox 599 2110 784 2160; x_wconf 81' lang='lat' dir='ltr'><strong>phalanx</strong></span> <span class='ocrx_word' id='word_1_148' title='bbox 803 2109 974 2162; x_wconf 80' lang='lat' dir='ltr'><strong>irasque</strong></span> <span class='ocrx_word' id='word_1_149' title='bbox 994 2115 1139 2150; x_wconf 87' lang='lat' dir='ltr'><strong>reten-</strong></span> 
     </span>
     <span class='ocr_line' id='line_1_30' title="bbox 257 2171 1138 2224; baseline 0 -10"><span class='ocrx_word' id='word_1_150' title='bbox 257 2177 325 2214; x_wconf 86' lang='lat' dir='ltr'><strong>tat</strong></span> <span class='ocrx_word' id='word_1_151' title='bbox 339 2173 573 2224; x_wconf 84' lang='lat' dir='ltr'><strong>Congeries</strong></span> <span class='ocrx_word' id='word_1_152' title='bbox 589 2173 687 2213; x_wconf 90' lang='lat' dir='ltr'><strong>dum</strong></span> <span class='ocrx_word' id='word_1_153' title='bbox 704 2173 842 2223; x_wconf 83' lang='lat' dir='ltr'><strong>prima</strong></span> <span class='ocrx_word' id='word_1_154' title='bbox 854 2171 986 2214; x_wconf 61' lang='lat' dir='ltr'><strong>fluat?</strong></span> <span class='ocrx_word' id='word_1_155' title='bbox 1013 2173 1138 2215; x_wconf 73' lang='lat' dir='ltr'><strong>Gebh.</strong></span> 
     </span>
    </p>

    <p class='ocr_par' dir='ltr' id='par_1_5' title="bbox 257 2235 1139 2352">
     <span class='ocr_line' id='line_1_31' title="bbox 313 2235 1139 2287; baseline 0.004 -12"><span class='ocrx_word' id='word_1_156' title='bbox 313 2235 582 2287; x_wconf 78' lang='lat' dir='ltr'><strong>Sepulcrisque</strong></span> <span class='ocrx_word' id='word_1_157' title='bbox 612 2236 851 2287; x_wconf 79' lang='lat' dir='ltr'><strong>constarent]</strong></span> <span class='ocrx_word' id='word_1_158' title='bbox 907 2236 1063 2277; x_wconf 79' lang='grc' dir='ltr'><strong><em>Πολλαί</em></strong></span> <span class='ocrx_word' id='word_1_159' title='bbox 1093 2252 1139 2278; x_wconf 89' lang='grc' dir='ltr'><strong>τε</strong></span> 
     </span>
     <span class='ocr_line' id='line_1_32' title="bbox 257 2296 1046 2352; baseline 0.004 -14"><span class='ocrx_word' id='word_1_160' title='bbox 257 2301 404 2348; x_wconf 80' lang='grc' dir='ltr'><strong><em>στῆλαι</em></strong></span> <span class='ocrx_word' id='word_1_161' title='bbox 421 2297 498 2339; x_wconf 63' lang='grc' dir='ltr'><strong>ἀπὸ</strong></span> <span class='ocrx_word' id='word_1_162' title='bbox 516 2296 714 2349; x_wconf 81' lang='grc' dir='ltr'><strong><em>σημάτων.</em></strong></span> <span class='ocrx_word' id='word_1_163' title='bbox 742 2300 934 2352; x_wconf 87' lang='lat' dir='ltr'><strong>Thucyd.</strong></span> <span class='ocrx_word' id='word_1_164' title='bbox 1044 2338 1046 2341; x_wconf 88' lang='lat'><strong>.</strong></span> 
     </span>
    </p>

    <p class='ocr_par' dir='ltr' id='par_1_6' title="bbox 254 2363 1139 2915">
     <span class='ocr_line' id='line_1_33' title="bbox 312 2363 1138 2416; baseline 0.001 -12"><span class='ocrx_word' id='word_1_165' title='bbox 312 2363 423 2404; x_wconf 76' lang='lat' dir='ltr'><strong>CAP.</strong></span> <span class='ocrx_word' id='word_1_166' title='bbox 443 2366 482 2404; x_wconf 84' lang='grc'><strong>7.</strong></span> <span class='ocrx_word' id='word_1_167' title='bbox 509 2363 636 2403; x_wconf 76' lang='lat' dir='ltr'><strong>Adire</strong></span> <span class='ocrx_word' id='word_1_168' title='bbox 654 2365 705 2403; x_wconf 86' lang='lat' dir='ltr'><strong>ad</strong></span> <span class='ocrx_word' id='word_1_169' title='bbox 722 2363 976 2413; x_wconf 78' lang='lat' dir='ltr'><strong>magistratus</strong></span> <span class='ocrx_word' id='word_1_170' title='bbox 993 2364 1138 2416; x_wconf 80' lang='lat' dir='ltr'><strong>noluit]</strong></span> 
     </span>
     <span class='ocr_line' id='line_1_34' title="bbox 258 2425 1139 2482; baseline 0.002 -16"><span class='ocrx_word' id='word_1_171' title='bbox 258 2425 334 2466; x_wconf 75' lang='grc' dir='ltr'><strong>Καὶ</strong></span> <span class='ocrx_word' id='word_1_172' title='bbox 353 2426 392 2467; x_wconf 79' lang='grc' dir='ltr'><strong>ἐς</strong></span> <span class='ocrx_word' id='word_1_173' title='bbox 408 2426 482 2473; x_wconf 75' lang='grc' dir='ltr'><strong><em>τὴν</em></strong></span> <span class='ocrx_word' id='word_1_174' title='bbox 496 2425 761 2476; x_wconf 73' lang='grc' dir='ltr'><strong><em>Λακεδαίμονα</em></strong></span> <span class='ocrx_word' id='word_1_175' title='bbox 777 2427 900 2468; x_wconf 79' lang='grc' dir='ltr'><strong><em>ἐλθὼν</em></strong></span> <span class='ocrx_word' id='word_1_176' title='bbox 917 2428 962 2468; x_wconf 83' lang='grc' dir='ltr'><strong>οὗ</strong></span> <span class='ocrx_word' id='word_1_177' title='bbox 979 2427 1139 2482; x_wconf 71' lang='grc' dir='ltr'><strong><em>προσῄει</em></strong></span> 
     </span>
     <span class='ocr_line' id='line_1_35' title="bbox 256 2488 1138 2544; baseline 0.002 -14"><span class='ocrx_word' id='word_1_178' title='bbox 256 2490 351 2544; x_wconf 79' lang='grc' dir='ltr'><strong><em>πρὸς</em></strong></span> <span class='ocrx_word' id='word_1_179' title='bbox 379 2490 452 2531; x_wconf 75' lang='grc' dir='ltr'><strong>τὰς</strong></span> <span class='ocrx_word' id='word_1_180' title='bbox 483 2488 621 2543; x_wconf 78' lang='grc' dir='ltr'><strong><em>ἀρχάς.</em></strong></span> <span class='ocrx_word' id='word_1_181' title='bbox 668 2491 793 2532; x_wconf 85' lang='lat' dir='ltr'><strong>Idem.</strong></span> <span class='ocrx_word' id='word_1_182' title='bbox 863 2492 1041 2532; x_wconf 82' lang='lat' dir='ltr'><strong>Rectius</strong></span> <span class='ocrx_word' id='word_1_183' title='bbox 1075 2493 1138 2532; x_wconf 87' lang='lat' dir='ltr'><strong>ita</strong></span> 
     </span>
     <span class='ocr_line' id='line_1_36' title="bbox 254 2554 1136 2607; baseline 0 -12"><span class='ocrx_word' id='word_1_184' title='bbox 254 2555 430 2606; x_wconf 78' lang='lat' dir='ltr'><strong>legitur,</strong></span> <span class='ocrx_word' id='word_1_185' title='bbox 448 2566 575 2607; x_wconf 90' lang='lat' dir='ltr'><strong>quam</strong></span> <span class='ocrx_word' id='word_1_186' title='bbox 594 2554 723 2606; x_wconf 81' lang='lat' dir='ltr'><strong>vulgo</strong></span> <span class='ocrx_word' id='word_1_187' title='bbox 736 2554 892 2595; x_wconf 88' lang='lat' dir='ltr'><strong>omisso</strong></span> <span class='ocrx_word' id='word_1_188' title='bbox 909 2556 973 2595; x_wconf 85' lang='lat' dir='ltr'><strong>ad.</strong></span> <span class='ocrx_word' id='word_1_189' title='bbox 1010 2556 1136 2596; x_wconf 85' lang='lat' dir='ltr'><strong>Paul-</strong></span> 
     </span>
     <span class='ocr_line' id='line_1_37' title="bbox 255 2616 1137 2670; baseline -0.001 -11"><span class='ocrx_word' id='word_1_190' title='bbox 255 2619 298 2659; x_wconf 80' lang='lat' dir='ltr'><strong>lo</strong></span> <span class='ocrx_word' id='word_1_191' title='bbox 318 2623 441 2670; x_wconf 84' lang='lat' dir='ltr'><strong>post:</strong></span> <span class='ocrx_word' id='word_1_192' title='bbox 470 2618 482 2638; x_wconf 92' lang='lat'>‘</span> <span class='ocrx_word' id='word_1_193' title='bbox 502 2616 573 2657; x_wconf 90' lang='lat' dir='ltr'><strong>Ad</strong></span> <span class='ocrx_word' id='word_1_194' title='bbox 597 2618 896 2669; x_wconf 86' lang='lat' dir='ltr'><strong>magistratum</strong></span> <span class='ocrx_word' id='word_1_195' title='bbox 914 2618 1137 2659; x_wconf 87' lang='lat' dir='ltr'><strong>Senatum-</strong></span> 
     </span>
     <span class='ocr_line' id='line_1_38' title="bbox 257 2680 1135 2734; baseline 0.001 -13"><span class='ocrx_word' id='word_1_196' title='bbox 257 2692 340 2734; x_wconf 85' lang='lat' dir='ltr'><strong>que</strong></span> <span class='ocrx_word' id='word_1_197' title='bbox 372 2680 795 2722; x_wconf 70' lang='lat' dir='ltr'><strong>Lacedaemoniorum</strong></span> <span class='ocrx_word' id='word_1_198' title='bbox 827 2681 977 2722; x_wconf 84' lang='lat' dir='ltr'><strong>adiit:’</strong></span> <span class='ocrx_word' id='word_1_199' title='bbox 1020 2687 1066 2723; x_wconf 80' lang='lat' dir='ltr'><strong>et</strong></span> <span class='ocrx_word' id='word_1_200' title='bbox 1094 2683 1135 2722; x_wconf 87' lang='lat' dir='ltr'><strong>in</strong></span> 
     </span>
     <span class='ocr_line' id='line_1_39' title="bbox 258 2745 1137 2798; baseline 0.001 -12"><span class='ocrx_word' id='word_1_201' title='bbox 258 2745 451 2787; x_wconf 88' lang='lat' dir='ltr'><strong>Hannib.</strong></span> <span class='ocrx_word' id='word_1_202' title='bbox 481 2746 494 2769; x_wconf 89' lang='lat'>‘</span> <span class='ocrx_word' id='word_1_203' title='bbox 514 2746 724 2798; x_wconf 83' lang='lat' dir='ltr'><strong>Tempore</strong></span> <span class='ocrx_word' id='word_1_204' title='bbox 745 2746 849 2787; x_wconf 88' lang='lat' dir='ltr'><strong>dato</strong></span> <span class='ocrx_word' id='word_1_205' title='bbox 867 2746 974 2787; x_wconf 85' lang='lat' dir='ltr'><strong>adiit</strong></span> <span class='ocrx_word' id='word_1_206' title='bbox 990 2747 1044 2787; x_wconf 88' lang='lat' dir='ltr'><strong>ad</strong></span> <span class='ocrx_word' id='word_1_207' title='bbox 1073 2759 1137 2788; x_wconf 88' lang='lat' dir='ltr'><strong>re·</strong></span> 
     </span>
     <span class='ocr_line' id='line_1_40' title="bbox 257 2807 1137 2862; baseline 0.003 -14"><span class='ocrx_word' id='word_1_208' title='bbox 257 2821 353 2861; x_wconf 86' lang='lat' dir='ltr'><strong>gem</strong></span> <span class='ocrx_word' id='word_1_209' title='bbox 371 2808 398 2848; x_wconf 71' lang='grc' dir='ltr'><strong>ι’</strong></span> <span class='ocrx_word' id='word_1_210' title='bbox 436 2813 482 2849; x_wconf 93' lang='lat' dir='ltr'><strong>et</strong></span> <span class='ocrx_word' id='word_1_211' title='bbox 501 2809 561 2849; x_wconf 87' lang='lat' dir='ltr'><strong>ita</strong></span> <span class='ocrx_word' id='word_1_212' title='bbox 575 2807 844 2862; x_wconf 85' lang='lat' dir='ltr'><strong>frequentius</strong></span> <span class='ocrx_word' id='word_1_213' title='bbox 863 2810 1004 2850; x_wconf 87' lang='lat' dir='ltr'><strong>Cicer.</strong></span> <span class='ocrx_word' id='word_1_214' title='bbox 1024 2814 1072 2851; x_wconf 90' lang='lat' dir='ltr'><strong>ut</strong></span> <span class='ocrx_word' id='word_1_215' title='bbox 1091 2815 1137 2851; x_wconf 88' lang='lat' dir='ltr'><strong>et</strong></span> 
     </span>
     <span class='ocr_line' id='line_1_41' title="bbox 256 2873 1110 2915; baseline 0.005 -4"><span class='ocrx_word' id='word_1_216' title='bbox 256 2873 501 2912; x_wconf 82' lang='lat' dir='ltr'><strong>Hadrianus</strong></span> <span class='ocrx_word' id='word_1_217' title='bbox 518 2873 695 2913; x_wconf 90' lang='lat' dir='ltr'><strong>Cardin.</strong></span> <span class='ocrx_word' id='word_1_218' title='bbox 716 2873 930 2915; x_wconf 87' lang='lat' dir='ltr'><strong>observat.</strong></span> <span class='ocrx_word' id='word_1_219' title='bbox 957 2873 1110 2915; x_wconf 75' lang='lat' dir='ltr'><strong>Schott.</strong></span> 
     </span>
    </p>

    <p class='ocr_par' dir='ltr' id='par_1_7' title="bbox 250 2935 1137 3491">
     <span class='ocr_line' id='line_1_42' title="bbox 313 2935 1137 2990; baseline 0.007 -18"><span class='ocrx_word' id='word_1_220' title='bbox 313 2935 442 2980; x_wconf 81' lang='lat' dir='ltr'><strong>Quam</strong></span> <span class='ocrx_word' id='word_1_221' title='bbox 471 2935 694 2984; x_wconf 75' lang='lat' dir='ltr'><strong>longissime</strong></span> <span class='ocrx_word' id='word_1_222' title='bbox 721 2940 871 2987; x_wconf 77' lang='lat' dir='ltr'><strong>tempus</strong></span> <span class='ocrx_word' id='word_1_223' title='bbox 913 2938 1137 2990; x_wconf 79' lang='lat' dir='ltr'><strong>duceretur]</strong></span> 
     </span>
     <span class='ocr_line' id='line_1_43' title="bbox 255 2997 1136 3051; baseline 0.003 -13"><span class='ocrx_word' id='word_1_224' title='bbox 255 2997 448 3038; x_wconf 83' lang='lat' dir='ltr'><strong>Justinus</strong></span> <span class='ocrx_word' id='word_1_225' title='bbox 482 3009 533 3038; x_wconf 82' lang='lat'><strong>11.</strong></span> <span class='ocrx_word' id='word_1_226' title='bbox 565 3001 631 3037; x_wconf 82' lang='lat'><strong>15.</strong></span> <span class='ocrx_word' id='word_1_227' title='bbox 658 2998 669 3019; x_wconf 91' lang='lat'>‘</span> <span class='ocrx_word' id='word_1_228' title='bbox 694 2997 863 3038; x_wconf 87' lang='lat' dir='ltr'><strong>Deinde</strong></span> <span class='ocrx_word' id='word_1_229' title='bbox 897 2999 966 3039; x_wconf 92' lang='lat' dir='ltr'><strong>die</strong></span> <span class='ocrx_word' id='word_1_230' title='bbox 994 3000 1136 3051; x_wconf 84' lang='lat' dir='ltr'><strong>profe·</strong></span> 
     </span>
     <span class='ocr_line' id='line_1_44' title="bbox 255 3060 1135 3114; baseline 0.003 -15"><span class='ocrx_word' id='word_1_231' title='bbox 255 3060 402 3109; x_wconf 80' lang='lat' dir='ltr'><strong>tendo,</strong></span> <span class='ocrx_word' id='word_1_232' title='bbox 432 3060 616 3110; x_wconf 85' lang='lat' dir='ltr'><strong>spatium</strong></span> <span class='ocrx_word' id='word_1_233' title='bbox 654 3061 982 3102; x_wconf 87' lang='lat' dir='ltr'><strong>consummando</strong></span> <span class='ocrx_word' id='word_1_234' title='bbox 1015 3062 1135 3114; x_wconf 90' lang='lat' dir='ltr'><strong>operi</strong></span> 
     </span>
     <span class='ocr_line' id='line_1_45' title="bbox 254 3123 1133 3175; baseline 0.005 -13"><span class='ocrx_word' id='word_1_235' title='bbox 254 3123 501 3175; x_wconf 60' lang='lat' dir='ltr'><strong>quaerebat?</strong></span> <span class='ocrx_word' id='word_1_236' title='bbox 559 3123 852 3174; x_wconf 85' lang='lat' dir='ltr'><strong>Ultrajectiua</strong></span> <span class='ocrx_word' id='word_1_237' title='bbox 870 3125 1002 3165; x_wconf 83' lang='lat' dir='ltr'><strong>editio</strong></span> <span class='ocrx_word' id='word_1_238' title='bbox 1020 3127 1133 3166; x_wconf 82' lang='lat' dir='ltr'><strong>duce·</strong></span> 
     </span>
     <span class='ocr_line' id='line_1_46' title="bbox 253 3185 1134 3240; baseline 0.006 -17"><span class='ocrx_word' id='word_1_239' title='bbox 253 3190 327 3225; x_wconf 85' lang='lat' dir='ltr'><strong>ret.</strong></span> <span class='ocrx_word' id='word_1_240' title='bbox 401 3185 666 3225; x_wconf 81' lang='lat' dir='ltr'><strong>Membranae</strong></span> <span class='ocrx_word' id='word_1_241' title='bbox 708 3186 884 3226; x_wconf 84' lang='lat' dir='ltr'><strong>Schotto</strong></span> <span class='ocrx_word' id='word_1_242' title='bbox 928 3199 1134 3240; x_wconf 65' lang='lat' dir='ltr'><strong>excussae,</strong></span> 
     </span>
     <span class='ocr_line' id='line_1_47' title="bbox 255 3247 1133 3301; baseline 0.005 -15"><span class='ocrx_word' id='word_1_243' title='bbox 255 3247 434 3288; x_wconf 89' lang='lat' dir='ltr'><strong>vocibus</strong></span> <span class='ocrx_word' id='word_1_244' title='bbox 473 3248 706 3288; x_wconf 85' lang='lat' dir='ltr'><strong>traductis:</strong></span> <span class='ocrx_word' id='word_1_245' title='bbox 752 3249 807 3289; x_wconf 81' lang='lat' dir='ltr'><strong>Ut</strong></span> <span class='ocrx_word' id='word_1_246' title='bbox 839 3263 954 3301; x_wconf 82' lang='lat' dir='ltr'><strong>quam</strong></span> <span class='ocrx_word' id='word_1_247' title='bbox 987 3252 1133 3301; x_wconf 76' lang='lat' dir='ltr'><strong>longis·</strong></span> 
     </span>
     <span class='ocr_line' id='line_1_48' title="bbox 250 3311 1134 3365; baseline 0.006 -16"><span class='ocrx_word' id='word_1_248' title='bbox 250 3311 346 3350; x_wconf 78' lang='lat' dir='ltr'><strong>sime</strong></span> <span class='ocrx_word' id='word_1_249' title='bbox 364 3314 514 3362; x_wconf 75' lang='lat' dir='ltr'><strong>tempus</strong></span> <span class='ocrx_word' id='word_1_250' title='bbox 527 3311 773 3363; x_wconf 79' lang='lat' dir='ltr'><strong>interponens</strong></span> <span class='ocrx_word' id='word_1_251' title='bbox 785 3315 929 3354; x_wconf 82' lang='lat' dir='ltr'><strong>diceret</strong></span> <span class='ocrx_word' id='word_1_252' title='bbox 942 3327 1134 3365; x_wconf 78' lang='lat' dir='ltr'><strong>caussam,</strong></span> 
     </span>
     <span class='ocr_line' id='line_1_49' title="bbox 250 3374 1132 3427; baseline 0.008 -15"><span class='ocrx_word' id='word_1_253' title='bbox 250 3387 290 3414; x_wconf 85' lang='lat' dir='ltr'><strong>se</strong></span> <span class='ocrx_word' id='word_1_254' title='bbox 314 3374 485 3423; x_wconf 71' lang='lat' dir='ltr'><strong>collegas</strong></span> <span class='ocrx_word' id='word_1_255' title='bbox 515 3379 733 3427; x_wconf 78' lang='lat' dir='ltr'><strong>expectare.</strong></span> <span class='ocrx_word' id='word_1_256' title='bbox 789 3377 914 3421; x_wconf 85' lang='lat' dir='ltr'><strong>Quod</strong></span> <span class='ocrx_word' id='word_1_257' title='bbox 950 3379 1020 3419; x_wconf 91' lang='lat' dir='ltr'><strong>ille</strong></span> <span class='ocrx_word' id='word_1_258' title='bbox 1047 3390 1132 3419; x_wconf 87' lang='lat' dir='ltr'><strong>non</strong></span> 
     </span>
     <span class='ocr_line' id='line_1_50' title="bbox 252 3436 1133 3491; baseline 0.006 -14"><span class='ocrx_word' id='word_1_259' title='bbox 252 3437 474 3489; x_wconf 71' lang='lat' dir='ltr'><strong>aspernari</strong></span> <span class='ocrx_word' id='word_1_260' title='bbox 500 3436 684 3479; x_wconf 88' lang='lat' dir='ltr'><strong>videtur.</strong></span> <span class='ocrx_word' id='word_1_261' title='bbox 739 3439 1004 3491; x_wconf 72' lang='lat' dir='ltr'><strong>Per-peram:</strong></span> <span class='ocrx_word' id='word_1_262' title='bbox 1034 3453 1133 3482; x_wconf 87' lang='lat' dir='ltr'><strong>nam</strong></span> 
     </span>
    </p>
   </div>
   <div class='ocr_carea' id='block_1_3' title="bbox 252 3500 1133 3559">
    <p class='ocr_par' dir='ltr' id='par_1_8' title="bbox 252 3500 1133 3559">
     <span class='ocr_line' id='line_1_51' title="bbox 252 3500 1133 3559; baseline 0.006 -16"><span class='ocrx_word' id='word_1_263' title='bbox 252 3500 323 3543; x_wconf 91' lang='lat' dir='ltr'><strong>cui</strong></span> <span class='ocrx_word' id='word_1_264' title='bbox 353 3505 537 3554; x_wconf 85' lang='lat' dir='ltr'><strong>utraque</strong></span> <span class='ocrx_word' id='word_1_265' title='bbox 576 3500 738 3544; x_wconf 88' lang='lat' dir='ltr'><strong>locutio</strong></span> <span class='ocrx_word' id='word_1_266' title='bbox 783 3505 934 3559; x_wconf 74' lang='lat' dir='ltr'><strong>tempus</strong></span> <span class='ocrx_word' id='word_1_267' title='bbox 981 3505 1133 3558; x_wconf 74' lang='lat' dir='ltr'><strong>ducere,</strong></span> 
     </span>
    </p>
   </div>
   <div class='ocr_carea' id='block_1_4' title="bbox 643 272 1704 317">
    <p class='ocr_par' dir='ltr' id='par_1_9' title="bbox 643 272 1704 317">
     <span class='ocr_line' id='line_1_52' title="bbox 643 272 1704 317; baseline 0.003 -4"><span class='ocrx_word' id='word_1_268' title='bbox 643 272 823 314; x_wconf 77' lang='lat' dir='ltr'><strong>NoTAE</strong></span> <span class='ocrx_word' id='word_1_269' title='bbox 863 272 1200 313; x_wconf 86' lang='lat' dir='ltr'>VARIORUM</span> <span class='ocrx_word' id='word_1_270' title='bbox 1241 273 1308 314; x_wconf 82' lang='lat' dir='ltr'><strong>IN</strong></span> <span class='ocrx_word' id='word_1_271' title='bbox 1348 275 1400 317; x_wconf 69' lang='lat' dir='ltr'><strong>C:-</strong></span> <span class='ocrx_word' id='word_1_272' title='bbox 1438 275 1704 316; x_wconf 74' lang='lat' dir='ltr'>NEPOTIS</span> 
     </span>
    </p>
   </div>
   <div class='ocr_carea' id='block_1_5' title="bbox 1194 392 2100 3560">
    <p class='ocr_par' dir='ltr' id='par_1_10' title="bbox 1206 392 2100 887">
     <span class='ocr_line' id='line_1_53' title="bbox 1210 392 2100 452; baseline -0.001 -19"><span class='ocrx_word' id='word_1_273' title='bbox 1210 392 1310 434; x_wconf 86' lang='lat' dir='ltr'><strong>dein</strong></span> <span class='ocrx_word' id='word_1_274' title='bbox 1326 392 1572 446; x_wconf 64' lang='lat' dir='ltr'><strong>interponere</strong></span> <span class='ocrx_word' id='word_1_275' title='bbox 1587 405 1778 445; x_wconf 72' lang='lat' dir='ltr'><strong>caussam,</strong></span> <span class='ocrx_word' id='word_1_276' title='bbox 1810 393 2100 452; x_wconf 50' lang='lat' dir='ltr'><strong>insolensgcsg</strong></span> 
     </span>
     <span class='ocr_line' id='line_1_54' title="bbox 1209 456 2092 511; baseline 0.007 -15"><span class='ocrx_word' id='word_1_277' title='bbox 1209 456 1391 508; x_wconf 82' lang='lat' dir='ltr'><strong>ciderat,</strong></span> <span class='ocrx_word' id='word_1_278' title='bbox 1410 456 1555 498; x_wconf 86' lang='lat' dir='ltr'><strong>ambas</strong></span> <span class='ocrx_word' id='word_1_279' title='bbox 1573 456 1786 510; x_wconf 76' lang='lat' dir='ltr'><strong>flagitiose</strong></span> <span class='ocrx_word' id='word_1_280' title='bbox 1810 460 2092 511; x_wconf 23' lang='lat' dir='ltr'><strong>transpositis.</strong></span> 
     </span>
     <span class='ocr_line' id='line_1_55' title="bbox 1207 519 2090 572; baseline 0.008 -14"><span class='ocrx_word' id='word_1_281' title='bbox 1207 519 1348 559; x_wconf 85' lang='lat' dir='ltr'><strong>verbis</strong></span> <span class='ocrx_word' id='word_1_282' title='bbox 1367 531 1391 559; x_wconf 90' lang='lat' dir='ltr'><strong>e</strong></span> <span class='ocrx_word' id='word_1_283' title='bbox 1411 531 1488 560; x_wconf 89' lang='lat' dir='ltr'><strong>suo</strong></span> <span class='ocrx_word' id='word_1_284' title='bbox 1505 519 1635 572; x_wconf 78' lang='lat' dir='ltr'><strong>captu</strong></span> <span class='ocrx_word' id='word_1_285' title='bbox 1654 519 1942 572; x_wconf 82' lang='lat' dir='ltr'><strong>interpolavit.</strong></span> <span class='ocrx_word' id='word_1_286' title='bbox 1972 521 2090 565; x_wconf 73' lang='lat' dir='ltr'><strong>Caes·</strong></span> 
     </span>
     <span class='ocr_line' id='line_1_56' title="bbox 1208 579 2094 626; baseline 0.005 -4"><span class='ocrx_word' id='word_1_287' title='bbox 1208 581 1262 622; x_wconf 87' lang='lat' dir='ltr'><strong>de</strong></span> <span class='ocrx_word' id='word_1_288' title='bbox 1282 582 1406 623; x_wconf 90' lang='lat' dir='ltr'><strong>Bello</strong></span> <span class='ocrx_word' id='word_1_289' title='bbox 1425 581 1537 623; x_wconf 84' lang='lat' dir='ltr'><strong>Gall.</strong></span> <span class='ocrx_word' id='word_1_290' title='bbox 1553 583 1581 622; x_wconf 91' lang='lat' dir='ltr'><strong>l.</strong></span> <span class='ocrx_word' id='word_1_291' title='bbox 1596 594 1630 622; x_wconf 89' lang='lat'><strong>1.</strong></span> <span class='ocrx_word' id='word_1_292' title='bbox 1658 583 1672 605; x_wconf 89' lang='lat'>‘</span> <span class='ocrx_word' id='word_1_293' title='bbox 1692 583 1824 624; x_wconf 78' lang='lat' dir='ltr'><strong>Diem</strong></span> <span class='ocrx_word' id='word_1_294' title='bbox 1843 596 1899 624; x_wconf 82' lang='lat' dir='ltr'><strong>ex</strong></span> <span class='ocrx_word' id='word_1_295' title='bbox 1921 584 1991 624; x_wconf 89' lang='lat' dir='ltr'><strong>die</strong></span> <span class='ocrx_word' id='word_1_296' title='bbox 2009 579 2094 626; x_wconf 62' lang='lat' dir='ltr'><strong>du-&gt;</strong></span> 
     </span>
     <span class='ocr_line' id='line_1_57' title="bbox 1207 643 2089 699; baseline 0.005 -15"><span class='ocrx_word' id='word_1_297' title='bbox 1207 656 1308 685; x_wconf 86' lang='lat' dir='ltr'><strong>cere</strong></span> <span class='ocrx_word' id='word_1_298' title='bbox 1325 643 1452 684; x_wconf 87' lang='lat' dir='ltr'><strong>AEdui</strong></span> <span class='ocrx_word' id='word_1_299' title='bbox 1465 658 1478 695; x_wconf 75' lang='grc' dir='ltr'><strong>ς</strong></span> <span class='ocrx_word' id='word_1_300' title='bbox 1507 644 1710 696; x_wconf 84' lang='lat' dir='ltr'><strong>conferri,</strong></span> <span class='ocrx_word' id='word_1_301' title='bbox 1723 646 2000 699; x_wconf 84' lang='lat' dir='ltr'><strong>comportari,</strong></span> <span class='ocrx_word' id='word_1_302' title='bbox 2013 647 2089 688; x_wconf 86' lang='lat' dir='ltr'><strong>ad-</strong></span> 
     </span>
     <span class='ocr_line' id='line_1_58' title="bbox 1207 707 2086 759; baseline 0.005 -12"><span class='ocrx_word' id='word_1_303' title='bbox 1207 718 1318 759; x_wconf 83' lang='lat' dir='ltr'><strong>esse,</strong></span> <span class='ocrx_word' id='word_1_304' title='bbox 1337 707 1495 750; x_wconf 85' lang='lat' dir='ltr'><strong>dicere.</strong></span> <span class='ocrx_word' id='word_1_305' title='bbox 1549 708 1636 750; x_wconf 86' lang='lat' dir='ltr'><strong>Ubi</strong></span> <span class='ocrx_word' id='word_1_306' title='bbox 1655 721 1701 749; x_wconf 87' lang='lat' dir='ltr'><strong>se</strong></span> <span class='ocrx_word' id='word_1_307' title='bbox 1720 709 1881 751; x_wconf 85' lang='lat' dir='ltr'><strong>diutius</strong></span> <span class='ocrx_word' id='word_1_308' title='bbox 1908 709 2008 751; x_wconf 90' lang='lat' dir='ltr'><strong>duci</strong></span> <span class='ocrx_word' id='word_1_309' title='bbox 2022 710 2086 751; x_wconf 88' lang='lat' dir='ltr'><strong>iu·</strong></span> 
     </span>
     <span class='ocr_line' id='line_1_59' title="bbox 1206 769 2094 827; baseline 0.006 -16"><span class='ocrx_word' id='word_1_310' title='bbox 1206 771 1401 813; x_wconf 62' lang='lat' dir='ltr'><strong>tellexit?</strong></span> <span class='ocrx_word' id='word_1_311' title='bbox 1452 772 1518 812; x_wconf 82' lang='grc' dir='ltr'><strong><em>Ἐν</em></strong></span> <span class='ocrx_word' id='word_1_312' title='bbox 1534 769 1661 823; x_wconf 70' lang='grc' dir='ltr'><strong><em>τούτῳ</em></strong></span> <span class='ocrx_word' id='word_1_313' title='bbox 1678 771 1817 825; x_wconf 78' lang='grc' dir='ltr'><strong><em>τριβήν</em></strong></span> <span class='ocrx_word' id='word_1_314' title='bbox 1831 788 1921 814; x_wconf 78' lang='grc' dir='ltr'><strong><em>τινα</em></strong></span> <span class='ocrx_word' id='word_1_315' title='bbox 1942 772 2094 827; x_wconf 79' lang='grc' dir='ltr'><strong><em>χρόνον.</em></strong></span> 
     </span>
     <span class='ocr_line' id='line_1_60' title="bbox 1207 837 1615 887; baseline 0.002 -11"><span class='ocrx_word' id='word_1_316' title='bbox 1207 837 1385 887; x_wconf 82' lang='grc' dir='ltr'><strong><em>ἐμποιῶν.</em></strong></span> <span class='ocrx_word' id='word_1_317' title='bbox 1414 837 1615 878; x_wconf 76' lang='lat' dir='ltr'><strong>Gebhard.</strong></span> 
     </span>
    </p>

    <p class='ocr_par' dir='ltr' id='par_1_11' title="bbox 1195 899 2093 1970">
     <span class='ocr_line' id='line_1_61' title="bbox 1263 899 2087 953; baseline 0.005 -13"><span class='ocrx_word' id='word_1_318' title='bbox 1263 901 1434 940; x_wconf 79' lang='lat' dir='ltr'><strong>Causam</strong></span> <span class='ocrx_word' id='word_1_319' title='bbox 1464 899 1729 952; x_wconf 73' lang='lat' dir='ltr'><strong>interponens,</strong></span> <span class='ocrx_word' id='word_1_320' title='bbox 1758 913 1800 941; x_wconf 91' lang='lat' dir='ltr'><strong>se</strong></span> <span class='ocrx_word' id='word_1_321' title='bbox 1824 903 1991 953; x_wconf 74' lang='lat' dir='ltr'><strong>collegas</strong></span> <span class='ocrx_word' id='word_1_322' title='bbox 2017 915 2087 948; x_wconf 73' lang='lat' dir='ltr'><strong>ea:-</strong></span> 
     </span>
     <span class='ocr_line' id='line_1_62' title="bbox 1203 962 2086 1017; baseline 0.006 -14"><span class='ocrx_word' id='word_1_323' title='bbox 1203 963 1397 1017; x_wconf 80' lang='lat' dir='ltr'><strong>spectare]</strong></span> <span class='ocrx_word' id='word_1_324' title='bbox 1415 962 1545 1004; x_wconf 78' lang='grc' dir='ltr'><strong>Ἀλλὰ</strong></span> <span class='ocrx_word' id='word_1_325' title='bbox 1562 965 1688 1015; x_wconf 76' lang='grc' dir='ltr'><strong><em>διῆγε,</em></strong></span> <span class='ocrx_word' id='word_1_326' title='bbox 1702 963 1768 1004; x_wconf 78' lang='grc' dir='ltr'><strong>καὶ</strong></span> <span class='ocrx_word' id='word_1_327' title='bbox 1782 964 2086 1017; x_wconf 70' lang='grc' dir='ltr'><strong><em>προύφασίζετο.</em></strong></span> 
     </span>
     <span class='ocr_line' id='line_1_63' title="bbox 1205 1025 2093 1080; baseline 0.002 -14"><span class='ocrx_word' id='word_1_328' title='bbox 1205 1026 1270 1066; x_wconf 73' lang='grc' dir='ltr'><strong>καὶ</strong></span> <span class='ocrx_word' id='word_1_329' title='bbox 1289 1025 1407 1067; x_wconf 72' lang='grc' dir='ltr'><strong><em>ὁπότε</em></strong></span> <span class='ocrx_word' id='word_1_330' title='bbox 1431 1042 1493 1067; x_wconf 87' lang='grc' dir='ltr'><strong><em>τις</em></strong></span> <span class='ocrx_word' id='word_1_331' title='bbox 1519 1026 1642 1068; x_wconf 76' lang='grc' dir='ltr'><strong><em>αὐτὸν</em></strong></span> <span class='ocrx_word' id='word_1_332' title='bbox 1658 1026 1783 1080; x_wconf 78' lang='grc' dir='ltr'><strong><em>ἔροιτο</em></strong></span> <span class='ocrx_word' id='word_1_333' title='bbox 1799 1031 1879 1069; x_wconf 83' lang='grc' dir='ltr'><strong><em>τῶν</em></strong></span> <span class='ocrx_word' id='word_1_334' title='bbox 1908 1030 1952 1069; x_wconf 82' lang='grc' dir='ltr'><strong><em>ἐν</em></strong></span> <span class='ocrx_word' id='word_1_335' title='bbox 1974 1028 2093 1071; x_wconf 81' lang='grc' dir='ltr'><strong><em>τέλει.</em></strong></span> 
     </span>
     <span class='ocr_line' id='line_1_64' title="bbox 1207 1089 2091 1144; baseline 0.005 -14"><span class='ocrx_word' id='word_1_336' title='bbox 1207 1089 1345 1144; x_wconf 78' lang='grc' dir='ltr'><strong><em>ὄντων,</em></strong></span> <span class='ocrx_word' id='word_1_337' title='bbox 1372 1089 1434 1130; x_wconf 81' lang='grc' dir='ltr'><strong><em>ὅτι</em></strong></span> <span class='ocrx_word' id='word_1_338' title='bbox 1459 1091 1529 1134; x_wconf 74' lang='grc' dir='ltr'><strong>οὐκ</strong></span> <span class='ocrx_word' id='word_1_339' title='bbox 1559 1089 1768 1144; x_wconf 78' lang='grc' dir='ltr'><strong><em>ἐπέρχεται</em></strong></span> <span class='ocrx_word' id='word_1_340' title='bbox 1793 1092 1859 1132; x_wconf 77' lang='grc' dir='ltr'><strong>ἐπὶ</strong></span> <span class='ocrx_word' id='word_1_341' title='bbox 1873 1091 1922 1134; x_wconf 75' lang='grc' dir='ltr'><strong>τὸ</strong></span> <span class='ocrx_word' id='word_1_342' title='bbox 1943 1092 2091 1141; x_wconf 73' lang='grc' dir='ltr'><strong><em>κοινὸν,</em></strong></span> 
     </span>
     <span class='ocr_line' id='line_1_65' title="bbox 1206 1153 2086 1209; baseline 0.005 -16"><span class='ocrx_word' id='word_1_343' title='bbox 1206 1153 1281 1206; x_wconf 75' lang='grc' dir='ltr'><strong>ἔφη</strong></span> <span class='ocrx_word' id='word_1_344' title='bbox 1293 1153 1383 1195; x_wconf 83' lang='grc' dir='ltr'><strong><em>τοὺς</em></strong></span> <span class='ocrx_word' id='word_1_345' title='bbox 1396 1153 1656 1207; x_wconf 77' lang='grc' dir='ltr'><strong><em>συμπρέσβεις</em></strong></span> <span class='ocrx_word' id='word_1_346' title='bbox 1668 1153 1880 1206; x_wconf 74' lang='grc' dir='ltr'><strong><em>ἀναμένειν.</em></strong></span> <span class='ocrx_word' id='word_1_347' title='bbox 1892 1155 2086 1209; x_wconf 76' lang='lat' dir='ltr'><strong>Thucyd.</strong></span> 
     </span>
     <span class='ocr_line' id='line_1_66' title="bbox 1205 1218 2088 1273; baseline 0.002 -15"><span class='ocrx_word' id='word_1_348' title='bbox 1205 1219 1340 1259; x_wconf 85' lang='lat' dir='ltr'><strong>Erant</strong></span> <span class='ocrx_word' id='word_1_349' title='bbox 1352 1223 1495 1258; x_wconf 89' lang='lat' dir='ltr'><strong>autem</strong></span> <span class='ocrx_word' id='word_1_350' title='bbox 1509 1219 1685 1270; x_wconf 84' lang='lat' dir='ltr'><strong>collegae</strong></span> <span class='ocrx_word' id='word_1_351' title='bbox 1696 1219 1788 1271; x_wconf 86' lang='lat' dir='ltr'><strong>ejus</strong></span> <span class='ocrx_word' id='word_1_352' title='bbox 1801 1218 2088 1273; x_wconf 68' lang='lat' dir='ltr'><strong>Abi-onychas</strong></span> 
     </span>
     <span class='ocr_line' id='line_1_67' title="bbox 1204 1280 2085 1335; baseline 0.001 -13"><span class='ocrx_word' id='word_1_353' title='bbox 1204 1281 1387 1335; x_wconf 81' lang='lat' dir='ltr'><strong>Lysiclis</strong></span> <span class='ocrx_word' id='word_1_354' title='bbox 1400 1281 1530 1334; x_wconf 86' lang='lat' dir='ltr'><strong>filius,</strong></span> <span class='ocrx_word' id='word_1_355' title='bbox 1542 1287 1590 1321; x_wconf 90' lang='lat' dir='ltr'><strong>et</strong></span> <span class='ocrx_word' id='word_1_356' title='bbox 1602 1280 1816 1322; x_wconf 84' lang='lat' dir='ltr'><strong>Aristides</strong></span> <span class='ocrx_word' id='word_1_357' title='bbox 1828 1281 2085 1334; x_wconf 79' lang='lat' dir='ltr'><strong>Lysimachi.</strong></span> 
     </span>
     <span class='ocr_line' id='line_1_68' title="bbox 1203 1345 2086 1398; baseline 0.002 -13"><span class='ocrx_word' id='word_1_358' title='bbox 1203 1345 1386 1386; x_wconf 79' lang='lat' dir='ltr'><strong>Lambin.</strong></span> <span class='ocrx_word' id='word_1_359' title='bbox 1439 1346 1606 1386; x_wconf 89' lang='lat' dir='ltr'><strong>Auctor</strong></span> <span class='ocrx_word' id='word_1_360' title='bbox 1629 1346 1785 1398; x_wconf 87' lang='lat' dir='ltr'><strong>saepius</strong></span> <span class='ocrx_word' id='word_1_361' title='bbox 1812 1345 2009 1387; x_wconf 86' lang='lat' dir='ltr'><strong>laudatus</strong></span> <span class='ocrx_word' id='word_1_362' title='bbox 2037 1345 2086 1387; x_wconf 82' lang='lat' dir='ltr'><strong>in</strong></span> 
     </span>
     <span class='ocr_line' id='line_1_69' title="bbox 1203 1408 2084 1462; baseline 0.005 -15"><span class='ocrx_word' id='word_1_363' title='bbox 1203 1409 1284 1449; x_wconf 87' lang='lat' dir='ltr'><strong>hac</strong></span> <span class='ocrx_word' id='word_1_364' title='bbox 1311 1408 1556 1449; x_wconf 82' lang='lat' dir='ltr'><strong>narratione</strong></span> <span class='ocrx_word' id='word_1_365' title='bbox 1588 1409 1829 1462; x_wconf 81' lang='lat' dir='ltr'><strong>elegantem</strong></span> <span class='ocrx_word' id='word_1_366' title='bbox 1854 1409 1988 1450; x_wconf 78' lang='lat' dir='ltr'><strong>habet</strong></span> <span class='ocrx_word' id='word_1_367' title='bbox 2019 1421 2084 1451; x_wconf 77' lang='lat' dir='ltr'><strong>ra-</strong></span> 
     </span>
     <span class='ocr_line' id='line_1_70' title="bbox 1206 1470 2086 1525; baseline 0.003 -14"><span class='ocrx_word' id='word_1_368' title='bbox 1206 1471 1366 1512; x_wconf 89' lang='lat' dir='ltr'><strong>tionem</strong></span> <span class='ocrx_word' id='word_1_369' title='bbox 1386 1472 1632 1524; x_wconf 85' lang='lat' dir='ltr'><strong>politicam:</strong></span> <span class='ocrx_word' id='word_1_370' title='bbox 1677 1470 1730 1512; x_wconf 82' lang='grc' dir='ltr'><strong>Τὸ</strong></span> <span class='ocrx_word' id='word_1_371' title='bbox 1758 1470 1831 1522; x_wconf 79' lang='grc' dir='ltr'><strong><em>μὲν</em></strong></span> <span class='ocrx_word' id='word_1_372' title='bbox 1856 1474 2007 1525; x_wconf 82' lang='grc' dir='ltr'><strong><em>πρῶτον</em></strong></span> <span class='ocrx_word' id='word_1_373' title='bbox 2031 1471 2086 1514; x_wconf 79' lang='grc' dir='ltr'><strong>εἷς</strong></span> 
     </span>
     <span class='ocr_line' id='line_1_71' title="bbox 1203 1533 2086 1588; baseline 0.003 -14"><span class='ocrx_word' id='word_1_374' title='bbox 1203 1533 1278 1582; x_wconf 76' lang='grc' dir='ltr'><strong><em>τὴν</em></strong></span> <span class='ocrx_word' id='word_1_375' title='bbox 1292 1533 1506 1587; x_wconf 74' lang='grc' dir='ltr'><strong><em>παρουσίαν</em></strong></span> <span class='ocrx_word' id='word_1_376' title='bbox 1521 1533 1762 1588; x_wconf 76' lang='grc' dir='ltr'><strong><em>ὑπερετίθετο</em></strong></span> <span class='ocrx_word' id='word_1_377' title='bbox 1778 1537 1857 1576; x_wconf 78' lang='grc' dir='ltr'><strong><em>τῶν</em></strong></span> <span class='ocrx_word' id='word_1_378' title='bbox 1869 1533 2086 1588; x_wconf 74' lang='grc' dir='ltr'><strong><em>πρεσβέοιν.</em></strong></span> 
     </span>
     <span class='ocr_line' id='line_1_72' title="bbox 1203 1597 2085 1652; baseline 0.002 -14"><span class='ocrx_word' id='word_1_379' title='bbox 1203 1598 1257 1649; x_wconf 74' lang='grc' dir='ltr'><strong>μὴ</strong></span> <span class='ocrx_word' id='word_1_380' title='bbox 1287 1598 1366 1651; x_wconf 68' lang='grc' dir='ltr'><strong>’γὰρ</strong></span> <span class='ocrx_word' id='word_1_381' title='bbox 1397 1597 1576 1650; x_wconf 72' lang='grc' dir='ltr'><strong><em>ἀσφαλὲς</em></strong></span> <span class='ocrx_word' id='word_1_382' title='bbox 1606 1597 1794 1652; x_wconf 77' lang='grc' dir='ltr'><strong><em>ὑπάρχειν</em></strong></span> <span class='ocrx_word' id='word_1_383' title='bbox 1822 1599 1924 1650; x_wconf 67' lang='grc' dir='ltr'><strong>αὐτῷ</strong></span> <span class='ocrx_word' id='word_1_384' title='bbox 1955 1598 2085 1641; x_wconf 81' lang='grc' dir='ltr'><strong><em>κοινὰς</em></strong></span> 
     </span>
     <span class='ocr_line' id='line_1_73' title="bbox 1205 1661 2084 1716; baseline 0 -13"><span class='ocrx_word' id='word_1_385' title='bbox 1205 1662 1368 1704; x_wconf 78' lang='grc' dir='ltr'><strong><em>ἐντολὰς</em></strong></span> <span class='ocrx_word' id='word_1_386' title='bbox 1389 1661 1557 1710; x_wconf 79' lang='grc' dir='ltr'><strong><em>λαβόντι</em></strong></span> <span class='ocrx_word' id='word_1_387' title='bbox 1572 1662 1690 1713; x_wconf 79' lang='grc' dir='ltr'><strong><em>μόνον</em></strong></span> <span class='ocrx_word' id='word_1_388' title='bbox 1714 1663 1993 1716; x_wconf 74' lang='grc' dir='ltr'><strong><em>ἀποπληρῶσαι</em></strong></span> <span class='ocrx_word' id='word_1_389' title='bbox 2009 1662 2084 1711; x_wconf 76' lang='grc' dir='ltr'><strong><em>τὴν</em></strong></span> 
     </span>
     <span class='ocr_line' id='line_1_74' title="bbox 1203 1725 2084 1780; baseline 0.002 -14"><span class='ocrx_word' id='word_1_390' title='bbox 1203 1725 1429 1779; x_wconf 80' lang='grc' dir='ltr'><strong><em>πρέσβειαν.</em></strong></span> <span class='ocrx_word' id='word_1_391' title='bbox 1454 1726 1520 1767; x_wconf 76' lang='grc' dir='ltr'><strong>καὶ</strong></span> <span class='ocrx_word' id='word_1_392' title='bbox 1546 1725 1765 1778; x_wconf 78' lang='grc' dir='ltr'><strong><em>ἔσχαλλεν,</em></strong></span> <span class='ocrx_word' id='word_1_393' title='bbox 1779 1726 1839 1767; x_wconf 85' lang='grc' dir='ltr'><strong><em>ὅτι</em></strong></span> <span class='ocrx_word' id='word_1_394' title='bbox 1857 1726 1971 1778; x_wconf 78' lang='grc' dir='ltr'><strong><em>μήπω</em></strong></span> <span class='ocrx_word' id='word_1_395' title='bbox 1987 1741 2084 1780; x_wconf 83' lang='grc' dir='ltr'><strong><em>παρ-</em></strong></span> 
     </span>
     <span class='ocr_line' id='line_1_75' title="bbox 1204 1789 2083 1842; baseline 0.002 -12"><span class='ocrx_word' id='word_1_396' title='bbox 1204 1789 1400 1842; x_wconf 75' lang='grc' dir='ltr'><strong><em>εγένοντο.</em></strong></span> <span class='ocrx_word' id='word_1_397' title='bbox 1456 1791 1619 1833; x_wconf 82' lang='lat' dir='ltr'><strong>Justiu.</strong></span> <span class='ocrx_word' id='word_1_398' title='bbox 1648 1792 1661 1814; x_wconf 87' lang='lat'>‘</span> <span class='ocrx_word' id='word_1_399' title='bbox 1684 1790 1813 1832; x_wconf 88' lang='lat' dir='ltr'><strong>Nunc</strong></span> <span class='ocrx_word' id='word_1_400' title='bbox 1833 1792 2083 1832; x_wconf 80' lang='lat' dir='ltr'><strong>tarditatem</strong></span> 
     </span>
     <span class='ocr_line' id='line_1_76' title="bbox 1204 1854 2082 1908; baseline 0.001 -14"><span class='ocrx_word' id='word_1_401' title='bbox 1204 1856 1464 1907; x_wconf 84' lang='lat' dir='ltr'><strong>collegarum</strong></span> <span class='ocrx_word' id='word_1_402' title='bbox 1485 1866 1708 1905; x_wconf 87' lang='lat' dir='ltr'><strong>accusans,</strong></span> <span class='ocrx_word' id='word_1_403' title='bbox 1728 1855 1821 1894; x_wconf 83' lang='lat' dir='ltr'><strong>sine</strong></span> <span class='ocrx_word' id='word_1_404' title='bbox 1838 1854 1991 1908; x_wconf 86' lang='lat' dir='ltr'><strong>quibus</strong></span> <span class='ocrx_word' id='word_1_405' title='bbox 2009 1854 2082 1907; x_wconf 82' lang='lat' dir='ltr'><strong>agi</strong></span> 
     </span>
     <span class='ocr_line' id='line_1_77' title="bbox 1195 1917 1826 1970; baseline 0.003 -13"><span class='ocrx_word' id='word_1_406' title='bbox 1195 1918 1299 1970; x_wconf 86' lang='lat' dir='ltr'><strong>jure</strong></span> <span class='ocrx_word' id='word_1_407' title='bbox 1318 1918 1418 1957; x_wconf 86' lang='lat' dir='ltr'><strong>nihil</strong></span> <span class='ocrx_word' id='word_1_408' title='bbox 1439 1917 1598 1970; x_wconf 60' lang='lat' dir='ltr'><strong>possit?</strong></span> <span class='ocrx_word' id='word_1_409' title='bbox 1627 1917 1826 1959; x_wconf 75' lang='lat' dir='ltr'><strong>Gebhard.</strong></span> 
     </span>
    </p>

    <p class='ocr_par' dir='ltr' id='par_1_12' title="bbox 1199 1979 2082 2412">
     <span class='ocr_line' id='line_1_78' title="bbox 1260 1979 2081 2032; baseline 0.002 -12"><span class='ocrx_word' id='word_1_410' title='bbox 1260 1980 1405 2021; x_wconf 79' lang='lat' dir='ltr'><strong>Conari</strong></span> <span class='ocrx_word' id='word_1_411' title='bbox 1425 1980 1589 2032; x_wconf 79' lang='lat' dir='ltr'><strong>fallere]</strong></span> <span class='ocrx_word' id='word_1_412' title='bbox 1637 1981 1750 2023; x_wconf 84' lang='lat' dir='ltr'><strong>Quin</strong></span> <span class='ocrx_word' id='word_1_413' title='bbox 1771 1992 1942 2032; x_wconf 89' lang='lat' dir='ltr'><strong>prorsus</strong></span> <span class='ocrx_word' id='word_1_414' title='bbox 1959 1979 2081 2022; x_wconf 82' lang='lat' dir='ltr'><strong>falle·</strong></span> 
     </span>
     <span class='ocr_line' id='line_1_79' title="bbox 1204 2044 2082 2097; baseline 0.001 -12"><span class='ocrx_word' id='word_1_415' title='bbox 1204 2044 1295 2095; x_wconf 84' lang='lat' dir='ltr'><strong>bat,</strong></span> <span class='ocrx_word' id='word_1_416' title='bbox 1312 2044 1427 2097; x_wconf 87' lang='lat' dir='ltr'><strong>quod</strong></span> <span class='ocrx_word' id='word_1_417' title='bbox 1447 2044 1518 2084; x_wconf 88' lang='lat' dir='ltr'><strong>alii</strong></span> <span class='ocrx_word' id='word_1_418' title='bbox 1538 2044 1772 2096; x_wconf 79' lang='lat' dir='ltr'><strong>scriptores</strong></span> <span class='ocrx_word' id='word_1_419' title='bbox 1789 2044 1978 2096; x_wconf 78' lang='lat' dir='ltr'><strong>Thucyd.</strong></span> <span class='ocrx_word' id='word_1_420' title='bbox 1997 2045 2027 2086; x_wconf 89' lang='lat' dir='ltr'><strong>l.</strong></span> <span class='ocrx_word' id='word_1_421' title='bbox 2046 2056 2082 2086; x_wconf 86' lang='lat'><strong>1.</strong></span> 
     </span>
     <span class='ocr_line' id='line_1_80' title="bbox 1202 2106 2081 2150; baseline 0.001 -2"><span class='ocrx_word' id='word_1_422' title='bbox 1202 2108 1423 2148; x_wconf 86' lang='lat' dir='ltr'><strong>Plutarch.</strong></span> <span class='ocrx_word' id='word_1_423' title='bbox 1457 2108 1500 2147; x_wconf 90' lang='lat' dir='ltr'><strong>in</strong></span> <span class='ocrx_word' id='word_1_424' title='bbox 1531 2107 1739 2147; x_wconf 83' lang='lat' dir='ltr'><strong>Themist.</strong></span> <span class='ocrx_word' id='word_1_425' title='bbox 1777 2106 1869 2148; x_wconf 91' lang='lat' dir='ltr'><strong>Cic.</strong></span> <span class='ocrx_word' id='word_1_426' title='bbox 1902 2106 2015 2149; x_wconf 89' lang='lat' dir='ltr'><strong>offic.</strong></span> <span class='ocrx_word' id='word_1_427' title='bbox 2046 2119 2081 2150; x_wconf 83' lang='lat'><strong>1.</strong></span> 
     </span>
     <span class='ocr_line' id='line_1_81' title="bbox 1201 2170 2080 2213; baseline 0.001 -1"><span class='ocrx_word' id='word_1_428' title='bbox 1201 2172 1354 2212; x_wconf 85' lang='lat' dir='ltr'><strong>AEliau.</strong></span> <span class='ocrx_word' id='word_1_429' title='bbox 1374 2172 1479 2211; x_wconf 89' lang='lat' dir='ltr'><strong>Var.</strong></span> <span class='ocrx_word' id='word_1_430' title='bbox 1498 2170 1613 2212; x_wconf 85' lang='lat' dir='ltr'><strong>Hist.</strong></span> <span class='ocrx_word' id='word_1_431' title='bbox 1642 2181 1715 2211; x_wconf 85' lang='lat'><strong>111.</strong></span> <span class='ocrx_word' id='word_1_432' title='bbox 1744 2174 1810 2211; x_wconf 84' lang='grc'><strong>47.</strong></span> <span class='ocrx_word' id='word_1_433' title='bbox 1842 2173 1947 2212; x_wconf 85' lang='lat' dir='ltr'><strong>satis</strong></span> <span class='ocrx_word' id='word_1_434' title='bbox 1978 2184 2080 2213; x_wconf 86' lang='lat' dir='ltr'><strong>cou-</strong></span> 
     </span>
     <span class='ocr_line' id='line_1_82' title="bbox 1200 2234 2079 2287; baseline 0.002 -12"><span class='ocrx_word' id='word_1_435' title='bbox 1200 2235 1386 2276; x_wconf 82' lang='lat' dir='ltr'><strong>firmant.</strong></span> <span class='ocrx_word' id='word_1_436' title='bbox 1442 2234 1588 2277; x_wconf 80' lang='lat' dir='ltr'><strong>Quid?</strong></span> <span class='ocrx_word' id='word_1_437' title='bbox 1628 2234 1742 2287; x_wconf 87' lang='lat' dir='ltr'><strong>quod</strong></span> <span class='ocrx_word' id='word_1_438' title='bbox 1775 2240 1820 2275; x_wconf 86' lang='lat' dir='ltr'><strong>et</strong></span> <span class='ocrx_word' id='word_1_439' title='bbox 1847 2235 1940 2287; x_wconf 89' lang='lat' dir='ltr'><strong>ipse</strong></span> <span class='ocrx_word' id='word_1_440' title='bbox 1971 2235 2079 2277; x_wconf 82' lang='lat' dir='ltr'><strong>The·</strong></span> 
     </span>
     <span class='ocr_line' id='line_1_83' title="bbox 1200 2297 2079 2351; baseline 0 -11"><span class='ocrx_word' id='word_1_441' title='bbox 1200 2300 1315 2340; x_wconf 82' lang='lat' dir='ltr'><strong>mist.</strong></span> <span class='ocrx_word' id='word_1_442' title='bbox 1341 2299 1383 2338; x_wconf 92' lang='lat' dir='ltr'><strong>in</strong></span> <span class='ocrx_word' id='word_1_443' title='bbox 1410 2299 1495 2339; x_wconf 90' lang='lat' dir='ltr'><strong>suis</strong></span> <span class='ocrx_word' id='word_1_444' title='bbox 1511 2298 1567 2338; x_wconf 89' lang='lat' dir='ltr'><strong>ad</strong></span> <span class='ocrx_word' id='word_1_445' title='bbox 1588 2297 1922 2351; x_wconf 84' lang='lat' dir='ltr'><strong>Habronychum</strong></span> <span class='ocrx_word' id='word_1_446' title='bbox 1940 2299 2079 2340; x_wconf 83' lang='lat' dir='ltr'><strong>literis</strong></span> 
     </span>
     <span class='ocr_line' id='line_1_84' title="bbox 1199 2361 1862 2412; baseline 0 -11"><span class='ocrx_word' id='word_1_447' title='bbox 1199 2361 1452 2412; x_wconf 77' lang='lat' dir='ltr'><strong>Strategema</strong></span> <span class='ocrx_word' id='word_1_448' title='bbox 1473 2366 1610 2401; x_wconf 87' lang='lat' dir='ltr'><strong>vocat.</strong></span> <span class='ocrx_word' id='word_1_449' title='bbox 1639 2361 1862 2401; x_wconf 71' lang='lat' dir='ltr'><strong>Loccenius.</strong></span> 
     </span>
    </p>

    <p class='ocr_par' dir='ltr' id='par_1_13' title="bbox 1194 2423 2081 3239">
     <span class='ocr_line' id='line_1_85' title="bbox 1255 2423 2079 2477; baseline 0 -12"><span class='ocrx_word' id='word_1_450' title='bbox 1255 2425 1350 2465; x_wconf 74' lang='lat' dir='ltr'><strong>Non</strong></span> <span class='ocrx_word' id='word_1_451' title='bbox 1385 2424 1552 2464; x_wconf 80' lang='lat' dir='ltr'><strong>multam</strong></span> <span class='ocrx_word' id='word_1_452' title='bbox 1589 2436 1787 2476; x_wconf 77' lang='lat' dir='ltr'><strong>superesse</strong></span> <span class='ocrx_word' id='word_1_453' title='bbox 1829 2423 2079 2477; x_wconf 74' lang='lat' dir='ltr'><strong>munitionis]</strong></span> 
     </span>
     <span class='ocr_line' id='line_1_86' title="bbox 1194 2485 2079 2538; baseline 0 -11"><span class='ocrx_word' id='word_1_454' title='bbox 1194 2487 1330 2538; x_wconf 79' lang='grc' dir='ltr'><strong><em>Ἔχειν</em></strong></span> <span class='ocrx_word' id='word_1_455' title='bbox 1345 2487 1481 2527; x_wconf 80' lang='grc' dir='ltr'><strong><em>ἱκανῶς</em></strong></span> <span class='ocrx_word' id='word_1_456' title='bbox 1497 2485 1545 2525; x_wconf 76' lang='grc' dir='ltr'><strong>τὸ</strong></span> <span class='ocrx_word' id='word_1_457' title='bbox 1558 2488 1706 2537; x_wconf 79' lang='grc' dir='ltr'><strong><em>τεῖχος.</em></strong></span> <span class='ocrx_word' id='word_1_458' title='bbox 1733 2486 1928 2538; x_wconf 81' lang='lat' dir='ltr'><strong>Thucyd.</strong></span> <span class='ocrx_word' id='word_1_459' title='bbox 1975 2486 2079 2536; x_wconf 79' lang='grc' dir='ltr'><strong>Ἤδη</strong></span> 
     </span>
     <span class='ocr_line' id='line_1_87' title="bbox 1199 2549 2080 2603; baseline 0.001 -11"><span class='ocrx_word' id='word_1_460' title='bbox 1199 2550 1243 2592; x_wconf 69' lang='grc' dir='ltr'><strong>δὲ</strong></span> <span class='ocrx_word' id='word_1_461' title='bbox 1267 2551 1339 2592; x_wconf 80' lang='grc' dir='ltr'><strong>τοῦ</strong></span> <span class='ocrx_word' id='word_1_462' title='bbox 1365 2550 1521 2602; x_wconf 76' lang='grc' dir='ltr'><strong><em>τείχους</em></strong></span> <span class='ocrx_word' id='word_1_463' title='bbox 1552 2550 1688 2590; x_wconf 78' lang='grc' dir='ltr'><strong><em>ἱκανῶς</em></strong></span> <span class='ocrx_word' id='word_1_464' title='bbox 1714 2549 2080 2603; x_wconf 68' lang='grc' dir='ltr'><strong><em>προκεχωρηκότω.</em></strong></span> 
     </span>
     <span class='ocr_line' id='line_1_88' title="bbox 1200 2615 2079 2665; baseline 0 -8"><span class='ocrx_word' id='word_1_465' title='bbox 1200 2617 1329 2658; x_wconf 87' lang='lat' dir='ltr'><strong>Auct.</strong></span> <span class='ocrx_word' id='word_1_466' title='bbox 1362 2616 1557 2657; x_wconf 80' lang='lat' dir='ltr'><strong>Graecus.</strong></span> <span class='ocrx_word' id='word_1_467' title='bbox 1626 2615 1676 2656; x_wconf 86' lang='grc' dir='ltr'><strong>Οἱ</strong></span> <span class='ocrx_word' id='word_1_468' title='bbox 1706 2615 1779 2665; x_wconf 82' lang='grc' dir='ltr'><strong><em>μὲν</em></strong></span> <span class='ocrx_word' id='word_1_469' title='bbox 1807 2616 2000 2664; x_wconf 76' lang='grc' dir='ltr'><strong><em>Ἀθηναῖοι</em></strong></span> <span class='ocrx_word' id='word_1_470' title='bbox 2029 2615 2079 2657; x_wconf 76' lang='grc' dir='ltr'><strong>τὸ</strong></span> 
     </span>
     <span class='ocr_line' id='line_1_89' title="bbox 1198 2678 2079 2731; baseline 0.001 -11"><span class='ocrx_word' id='word_1_471' title='bbox 1198 2682 1331 2731; x_wconf 81' lang='grc' dir='ltr'><strong><em>τεῖχος</em></strong></span> <span class='ocrx_word' id='word_1_472' title='bbox 1367 2678 1555 2731; x_wconf 81' lang='grc' dir='ltr'><strong><em>ἔφθασαν.</em></strong></span> <span class='ocrx_word' id='word_1_473' title='bbox 1598 2679 1657 2730; x_wconf 79' lang='grc' dir='ltr'><strong>ἐφ’</strong></span> <span class='ocrx_word' id='word_1_474' title='bbox 1690 2678 1821 2719; x_wconf 79' lang='grc' dir='ltr'><strong><em>ἱκανὸν</em></strong></span> <span class='ocrx_word' id='word_1_475' title='bbox 1850 2687 2079 2721; x_wconf 77' lang='grc' dir='ltr'><strong><em>κετεσκευα-</em></strong></span> 
     </span>
     <span class='ocr_line' id='line_1_90' title="bbox 1199 2743 2080 2797; baseline 0.002 -13"><span class='ocrx_word' id='word_1_476' title='bbox 1199 2743 1323 2786; x_wconf 86' lang='grc' dir='ltr'><strong><em>κότες.</em></strong></span> <span class='ocrx_word' id='word_1_477' title='bbox 1364 2744 1550 2785; x_wconf 86' lang='lat' dir='ltr'><strong>Diodor.</strong></span> <span class='ocrx_word' id='word_1_478' title='bbox 1595 2744 1796 2786; x_wconf 79' lang='lat' dir='ltr'><strong>Gebhard.</strong></span> <span class='ocrx_word' id='word_1_479' title='bbox 1866 2745 2080 2797; x_wconf 76' lang='lat' dir='ltr'><strong>Superare,</strong></span> 
     </span>
     <span class='ocr_line' id='line_1_91' title="bbox 1200 2802 2081 2850; baseline 0.002 -2"><span class='ocrx_word' id='word_1_480' title='bbox 1200 2809 1360 2849; x_wconf 86' lang='lat' dir='ltr'><strong>diserte</strong></span> <span class='ocrx_word' id='word_1_481' title='bbox 1408 2808 1571 2848; x_wconf 86' lang='lat' dir='ltr'><strong>calamo</strong></span> <span class='ocrx_word' id='word_1_482' title='bbox 1618 2812 1858 2848; x_wconf 83' lang='lat' dir='ltr'><strong>exaratum.</strong></span> <span class='ocrx_word' id='word_1_483' title='bbox 1880 2802 2081 2850; x_wconf 81' lang='lat' dir='ltr'><strong>vidimus.</strong></span> 
     </span>
     <span class='ocr_line' id='line_1_92' title="bbox 1199 2871 2078 2924; baseline -0.001 -12"><span class='ocrx_word' id='word_1_484' title='bbox 1199 2872 1396 2912; x_wconf 74' lang='lat' dir='ltr'><strong>schottus.</strong></span> <span class='ocrx_word' id='word_1_485' title='bbox 1451 2871 1603 2911; x_wconf 86' lang='lat' dir='ltr'><strong>Cicero</strong></span> <span class='ocrx_word' id='word_1_486' title='bbox 1623 2883 1794 2923; x_wconf 89' lang='lat' dir='ltr'><strong>quoque</strong></span> <span class='ocrx_word' id='word_1_487' title='bbox 1808 2872 1870 2911; x_wconf 84' lang='lat' dir='ltr'><strong>ita</strong></span> <span class='ocrx_word' id='word_1_488' title='bbox 1886 2871 2078 2924; x_wconf 87' lang='lat' dir='ltr'><strong>loquitur</strong></span> 
     </span>
     <span class='ocr_line' id='line_1_93' title="bbox 1199 2933 2076 2986; baseline 0 -12"><span class='ocrx_word' id='word_1_489' title='bbox 1199 2934 1440 2975; x_wconf 86' lang='lat' dir='ltr'><strong>Paradoxis</strong></span> <span class='ocrx_word' id='word_1_490' title='bbox 1461 2937 1500 2974; x_wconf 86' lang='grc'><strong>4.</strong></span> <span class='ocrx_word' id='word_1_491' title='bbox 1527 2933 1540 2955; x_wconf 93' lang='lat'>‘</span> <span class='ocrx_word' id='word_1_492' title='bbox 1561 2934 1671 2974; x_wconf 87' lang='lat' dir='ltr'><strong>Uter</strong></span> <span class='ocrx_word' id='word_1_493' title='bbox 1689 2934 1821 2985; x_wconf 86' lang='lat' dir='ltr'><strong>igitur</strong></span> <span class='ocrx_word' id='word_1_494' title='bbox 1847 2939 1913 2974; x_wconf 89' lang='lat' dir='ltr'><strong>est</strong></span> <span class='ocrx_word' id='word_1_495' title='bbox 1929 2933 2076 2986; x_wconf 88' lang='lat' dir='ltr'><strong>ditior,</strong></span> 
     </span>
     <span class='ocr_line' id='line_1_94' title="bbox 1198 2995 2076 3048; baseline -0.002 -9"><span class='ocrx_word' id='word_1_496' title='bbox 1198 2999 1269 3039; x_wconf 87' lang='lat' dir='ltr'><strong>cui</strong></span> <span class='ocrx_word' id='word_1_497' title='bbox 1286 2998 1424 3047; x_wconf 85' lang='lat' dir='ltr'><strong>deest,</strong></span> <span class='ocrx_word' id='word_1_498' title='bbox 1444 3009 1497 3036; x_wconf 89' lang='lat' dir='ltr'><strong>au</strong></span> <span class='ocrx_word' id='word_1_499' title='bbox 1531 2997 1599 3037; x_wconf 89' lang='lat' dir='ltr'><strong>cui</strong></span> <span class='ocrx_word' id='word_1_500' title='bbox 1632 3000 1808 3048; x_wconf 87' lang='lat' dir='ltr'><strong>superat</strong></span> <span class='ocrx_word' id='word_1_501' title='bbox 1823 2995 1855 3036; x_wconf 78' lang='lat'><strong>?&#39;</strong></span> <span class='ocrx_word' id='word_1_502' title='bbox 1894 2996 1962 3037; x_wconf 90' lang='lat' dir='ltr'><strong>De</strong></span> <span class='ocrx_word' id='word_1_503' title='bbox 1982 3008 2076 3038; x_wconf 84' lang='lat' dir='ltr'><strong>ora-</strong></span> 
     </span>
     <span class='ocr_line' id='line_1_95' title="bbox 1197 3059 2077 3111; baseline 0 -9"><span class='ocrx_word' id='word_1_504' title='bbox 1197 3067 1318 3102; x_wconf 87' lang='lat' dir='ltr'><strong>tore:</strong></span> <span class='ocrx_word' id='word_1_505' title='bbox 1362 3062 1374 3083; x_wconf 90' lang='lat'>‘</span> <span class='ocrx_word' id='word_1_506' title='bbox 1395 3060 1446 3100; x_wconf 89' lang='lat' dir='ltr'><strong>In</strong></span> <span class='ocrx_word' id='word_1_507' title='bbox 1467 3059 1674 3099; x_wconf 85' lang='lat' dir='ltr'><strong>divisione</strong></span> <span class='ocrx_word' id='word_1_508' title='bbox 1693 3071 1898 3111; x_wconf 84' lang='lat' dir='ltr'><strong>generum</strong></span> <span class='ocrx_word' id='word_1_509' title='bbox 1927 3065 1971 3101; x_wconf 82' lang='lat' dir='ltr'><strong>et</strong></span> <span class='ocrx_word' id='word_1_510' title='bbox 2003 3061 2077 3103; x_wconf 87' lang='lat' dir='ltr'><strong>de-</strong></span> 
     </span>
     <span class='ocr_line' id='line_1_96' title="bbox 1196 3124 2078 3175; baseline 0 -11"><span class='ocrx_word' id='word_1_511' title='bbox 1196 3136 1290 3164; x_wconf 86' lang='lat' dir='ltr'><strong>esse</strong></span> <span class='ocrx_word' id='word_1_512' title='bbox 1303 3124 1486 3175; x_wconf 85' lang='lat' dir='ltr'><strong>aliquam</strong></span> <span class='ocrx_word' id='word_1_513' title='bbox 1504 3129 1669 3175; x_wconf 85' lang='lat' dir='ltr'><strong>partem</strong></span> <span class='ocrx_word' id='word_1_514' title='bbox 1687 3128 1733 3163; x_wconf 91' lang='lat' dir='ltr'><strong>et</strong></span> <span class='ocrx_word' id='word_1_515' title='bbox 1745 3134 1948 3174; x_wconf 84' lang='lat' dir='ltr'><strong>superare</strong></span> <span class='ocrx_word' id='word_1_516' title='bbox 1962 3135 2078 3166; x_wconf 85' lang='lat' dir='ltr'><strong>men-</strong></span> 
     </span>
     <span class='ocr_line' id='line_1_97' title="bbox 1195 3185 1967 3239; baseline 0 -12"><span class='ocrx_word' id='word_1_517' title='bbox 1195 3187 1344 3227; x_wconf 85' lang='lat' dir='ltr'><strong>dosum</strong></span> <span class='ocrx_word' id='word_1_518' title='bbox 1365 3185 1462 3226; x_wconf 69' lang='lat' dir='ltr'><strong>est!</strong></span> <span class='ocrx_word' id='word_1_519' title='bbox 1517 3188 1576 3227; x_wconf 90' lang='lat' dir='ltr'><strong>Et</strong></span> <span class='ocrx_word' id='word_1_520' title='bbox 1595 3186 1710 3227; x_wconf 87' lang='lat' dir='ltr'><strong>alibi.</strong></span> <span class='ocrx_word' id='word_1_521' title='bbox 1766 3186 1967 3239; x_wconf 72' lang='lat' dir='ltr'><strong>Gebhard.</strong></span> 
     </span>
    </p>

    <p class='ocr_par' dir='ltr' id='par_1_14' title="bbox 1194 3252 2078 3560">
     <span class='ocr_line' id='line_1_98' title="bbox 1248 3252 2074 3304; baseline 0.004 -12"><span class='ocrx_word' id='word_1_522' title='bbox 1248 3253 1314 3294; x_wconf 78' lang='lat' dir='ltr'><strong>Ad</strong></span> <span class='ocrx_word' id='word_1_523' title='bbox 1343 3252 1521 3303; x_wconf 77' lang='lat' dir='ltr'><strong>Ephoros</strong></span> <span class='ocrx_word' id='word_1_524' title='bbox 1553 3252 1949 3304; x_wconf 63' lang='lat' dir='ltr'><strong>Lacedaemoniorum]</strong></span> <span class='ocrx_word' id='word_1_525' title='bbox 2000 3255 2074 3295; x_wconf 89' lang='lat' dir='ltr'><strong>De</strong></span> 
     </span>
     <span class='ocr_line' id='line_1_99' title="bbox 1196 3318 2078 3369; baseline 0.002 -13"><span class='ocrx_word' id='word_1_526' title='bbox 1196 3329 1373 3369; x_wconf 86' lang='lat' dir='ltr'><strong>quorum</strong></span> <span class='ocrx_word' id='word_1_527' title='bbox 1423 3318 1627 3369; x_wconf 85' lang='lat' dir='ltr'><strong>regimine</strong></span> <span class='ocrx_word' id='word_1_528' title='bbox 1674 3322 1719 3357; x_wconf 90' lang='lat' dir='ltr'><strong>et</strong></span> <span class='ocrx_word' id='word_1_529' title='bbox 1759 3322 1975 3369; x_wconf 75' lang='lat' dir='ltr'><strong>potestate</strong></span> <span class='ocrx_word' id='word_1_530' title='bbox 2016 3318 2078 3359; x_wconf 77' lang='lat' dir='ltr'><strong>aa</strong></span> 
     </span>
     <span class='ocr_line' id='line_1_100' title="bbox 1195 3380 2075 3422; baseline 0.003 -3"><span class='ocrx_word' id='word_1_531' title='bbox 1195 3380 1447 3420; x_wconf 78' lang='lat' dir='ltr'><strong>Pausaniam</strong></span> <span class='ocrx_word' id='word_1_532' title='bbox 1480 3381 1681 3421; x_wconf 87' lang='lat' dir='ltr'><strong>dicemus.</strong></span> <span class='ocrx_word' id='word_1_533' title='bbox 1749 3381 1947 3421; x_wconf 90' lang='lat' dir='ltr'><strong>Instituti</strong></span> <span class='ocrx_word' id='word_1_534' title='bbox 1973 3385 2075 3422; x_wconf 77' lang='lat' dir='ltr'><strong>sunt</strong></span> 
     </span>
     <span class='ocr_line' id='line_1_101' title="bbox 1194 3442 2074 3496; baseline 0 -13"><span class='ocrx_word' id='word_1_535' title='bbox 1194 3443 1365 3495; x_wconf 82' lang='lat' dir='ltr'><strong>Spartae</strong></span> <span class='ocrx_word' id='word_1_536' title='bbox 1399 3453 1546 3484; x_wconf 80' lang='lat' dir='ltr'><strong>cxxx.</strong></span> <span class='ocrx_word' id='word_1_537' title='bbox 1573 3442 1694 3482; x_wconf 84' lang='lat' dir='ltr'><strong>annis</strong></span> <span class='ocrx_word' id='word_1_538' title='bbox 1727 3447 1824 3495; x_wconf 84' lang='lat' dir='ltr'><strong>post</strong></span> <span class='ocrx_word' id='word_1_539' title='bbox 1853 3442 1960 3482; x_wconf 83' lang='lat' dir='ltr'><strong>latas</strong></span> <span class='ocrx_word' id='word_1_540' title='bbox 1990 3443 2074 3496; x_wconf 79' lang='lat' dir='ltr'><strong>Ly·</strong></span> 
     </span>
     <span class='ocr_line' id='line_1_102' title="bbox 1195 3504 2073 3560; baseline 0.001 -11"><span class='ocrx_word' id='word_1_541' title='bbox 1195 3506 1317 3559; x_wconf 85' lang='lat' dir='ltr'><strong>curgi</strong></span> <span class='ocrx_word' id='word_1_542' title='bbox 1350 3506 1529 3548; x_wconf 81' lang='lat' dir='ltr'><strong>rhetras.</strong></span> <span class='ocrx_word' id='word_1_543' title='bbox 1584 3505 1696 3549; x_wconf 71' lang='grc' dir='ltr'><strong>ΡΜ.</strong></span> <span class='ocrx_word' id='word_1_544' title='bbox 1772 3504 1861 3547; x_wconf 89' lang='lat' dir='ltr'><strong>Alii</strong></span> <span class='ocrx_word' id='word_1_545' title='bbox 1892 3505 1946 3547; x_wconf 85' lang='lat' dir='ltr'><strong>ab</strong></span> <span class='ocrx_word' id='word_1_546' title='bbox 1977 3506 2073 3560; x_wconf 79' lang='lat' dir='ltr'><strong>ipso</strong></span> 
     </span>
    </p>
   </div>
  </div>
 </body>
</html>
