2306 3900
298 259 405 315 538

300 394 422 435 Dion.
458 394 545 436 Hic
561 397 703 435 autem
720 393 1022 446 Apollocrates
1040 399 1183 435 arcem

280 458 476 522 ‘taudem
494 458 628 499 Dioni
647 457 831 510 dedidit,
846 457 1002 510 partim
1016 458 1081 499 rei
1097 457 1185 498 fru-
1247 459 1260 480 ‘

300 522 525 562 mentariae
557 521 718 574 inopia,
746 521 903 574 partim
938 522 982 562 vi
1019 533 1183 575 oppug-

301 586 493 626 nantium
515 590 706 628 coactus.
733 585 915 627 Lambin.

357 649 467 690 cu».
485 652 526 690 6.
555 649 679 690 Suam
693 650 777 690 vim
789 650 985 703 exercuit]
1012 649 1186 691 Lambi-

302 722 382 752 nus
399 717 486 752 tres
505 712 582 753 has
599 724 730 762 voces
747 717 799 754 ut
818 711 1068 753 subdititias
1083 714 1187 754 Cor

302 776 415 816 nelio
445 775 659 818 detrahit:
688 777 765 818 sed
794 789 878 831 quo
903 777 1019 830 jure,
1049 787 1187 830 quave

301 839 487 891 injuria?
517 840 720 882 Gebhard.

362 903 461 943 Cum
496 916 659 945 uxorem
706 903 946 956 reduxisset]
987 903 1190 944 Divortio

303 966 494 1008 violento
513 968 640 1008 alteri
659 967 864 1008 traditam
894 968 950 1009 de
980 980 1095 1009 novo
1127 981 1190 1008 as·

304 1031 574 1083 sumpsisset.
628 1031 805 1072 Sueton.
824 1031 1076 1073 Domitiano
1097 1044 1135 1073 c.
1150 1035 1191 1074 8.

305 1107 362 1135 m.
383 1095 396 1119 ‘
414 1094 616 1148 Equitem
629 1093 871 1136 Romanum
890 1095 947 1136 ob
967 1095 1191 1137 reductam

303 1158 348 1197 in
368 1157 686 1198 matrimonium
707 1169 902 1210 uxorem,
920 1158 988 1199 cui
1007 1157 1191 1199 dimissae

305 1220 507 1262 adulterii
557 1221 721 1262 crimen
763 1222 1024 1274 intenderat,
1060 1222 1194 1263 erasit

297 1285 496 1338 judicum
517 1286 645 1328 albo.'
701 1287 843 1329 Tacit.
876 1287 992 1330 Anu.
1020 1289 1094 1332 lib.
1110 1300 1194 1331 ιιι.

306 1353 346 1391 2.
373 1350 386 1372 ‘
403 1350 607 1391 Callistus
625 1351 908 1404 improbatam
927 1353 1056 1405 longo
1074 1353 1196 1393 dissi·

306 1413 395 1467 dio,
415 1427 466 1456 ac
485 1415 523 1459 si
543 1427 689 1456 rursus
710 1421 1016 1468 assumeretur,
1029 1428 1082 1456 eo
1102 1416 1194 1469 ipso

307 1479 536 1530 superba-m
558 1493 569 1520 :
596 1480 810 1532 longeque
829 1480 992 1520 rectius
1012 1478 1195 1523 Lolliam

307 1542 484 1584 induci.'
539 1543 671 1584 Dixit
685 1544 823 1585 etiam
839 1545 983 1585 Tacit.
1004 1543 1083 1585 lib.
1098 1552 1193 1584 xlv.

307 1611 377 1648 61.
397 1609 634 1650 ‘revocare
650 1607 857 1650 uxorem?
911 1607 1028 1650 Ibid.
1043 1613 1091 1649 et
1103 1608 1116 1631 ‘
1130 1620 1195 1648 re-

308 1671 525 1725 petitum‚'
565 1673 884 1713 revocationem
918 1672 1010 1712 sive
1043 1670 1197 1712 reduc-

310 1735 473 1776 tionem
493 1735 736 1789 repudiatae
756 1736 916 1777 uxoris.
952 1735 1197 1776 Gebhardus.

317 1798 510 1850 Uxorem]
531 1797 714 1850 Areten,
728 1811 824 1852 quae
841 1798 1078 1839 Timocrati
1090 1809 1198 1850 nup-

311 1868 447 1914 serat,
466 1863 647 1915 expulso
666 1862 826 1903 Dione.
859 1861 1046 1903 Lambin.

368 1925 592 1978 Filiumque
603 1926 718 1966 vellet
733 1937 914 1966 revocure
926 1926 978 1965 ad
990 1923 1198 1976 virtutem]

314 1988 456 2031 Quem
471 1988 703 2041 Dionysius
719 1993 989 2040 corruperat,
1006 1993 1057 2029 ut
1072 2000 1202 2041 supra

315 2051 481 2092 dictum
502 2057 585 2102 est,
604 2052 719 2105 vino,
750 2052 904 2105 epulis,
932 2051 1106 2094 scortis.
1127 2051 1202 2092 de·

312 2115 444 2168 nique
484 2115 658 2156 vivendi
705 2127 863 2168 genere
897 2115 1116 2156 luxurioso
1152 2127 1202 2155 ac

313 2178 558 2219 libidinoso.
588 2178 710 2220 Idem.

368 2241 536 2295 Accepit
569 2241 852 2292 gravissimum
892 2253 1035 2293 parens
1065 2242 1210 2283 valnas·

317 2309 441 2346 morte
454 2305 560 2359 filii]
586 2304 683 2346 Hac
706 2305 762 2345 de
790 2315 839 2345 re
870 2304 1128 2346 Plutarchus
1159 2305 1204 2345 in

318 2369 528 2410 Sermone
546 2367 829 2409 consolatorio
853 2366 908 2407 ad
928 2362 1204 2421 Apollonium

318 2433 498 2486 scripto.
552 2432 761 2474 Dolorem
787 2442 838 2472 ac
870 2432 1060 2484 luctum,
1077 2444 1205 2485 quem

319 2502 522 2549 parentes
554 2495 767 2549 liberique
796 2495 981 2536 invicem
1007 2507 1062 2536 ex
1094 2497 1207 2537 cala·

321 2559 546 2602 mitatibus
565 2571 616 2600 ac
635 2558 843 2599 mortibus
862 2558 1110 2612 liberorum,
1133 2571 1207 2612 pa-

320 2629 505 2676 rentum,
532 2634 584 2664 ac
622 2620 913 2675 proximorum
947 2621 1210 2676 percipiunt,

320 2690 511 2732 observo
558 2684 905 2740 frequentissime
962 2685 1209 2728 vulneribus

323 2751 566 2806 comparari
600 2755 732 2804 atque
773 2751 953 2791 vulnera
986 2750 1209 2792 nominari.

322 2815 447 2857 Infra
467 2816 679 2856 Datame:
708 2815 723 2838 ‘
745 2814 899 2856 Filium
918 2812 1138 2856 Aridaeum
1157 2825 1210 2856 eo

324 2892 423 2921 cum
447 2879 646 2921 exercitu
673 2877 839 2920 mittit:
871 2877 994 2920 cadit
1019 2879 1065 2920 in
1101 2890 1212 2933 prae·

324 2943 383 2984 lio
402 2943 677 2993 adolescens;
708 2940 1000 2995 proficiscitur
1013 2948 1212 2996 eopater

326 3018 412 3048 non
445 3006 512 3047 ita
547 3016 647 3045 cum
693 3015 849 3056 magna
883 3017 1029 3056 mauu,
1065 3005 1210 3047 celans

329 3075 538 3125 quantum
561 3069 715 3110 vulnus
735 3068 1011 3121 accepisset!
1066 3067 1210 3110 Tacit.

330 3135 423 3177 vita
455 3133 673 3188 Agricolas
717 3143 810 3184 cap.
854 3134 924 3172 28.
963 3130 997 3172 f.
1036 3130 1052 3154 ‘
1081 3131 1212 3173 Initio

329 3199 495 3240 aestatis
530 3196 738 3251 Agricola
767 3194 1004 3237 domestico
1034 3195 1213 3236 vulnere

330 3264 459 3315 ictus,
473 3275 584 3304 anno
603 3266 703 3302 ante
724 3266 874 3301 natum
891 3257 1024 3302 filium
1042 3258 1213 3302 amisit?

330 3326 478 3367 Valer.
498 3327 679 3366 Flaccus
698 3323 807 3376 Arg.
837 3335 871 3364 1.
888 3326 986 3365 722.
1028 3323 1042 3347 ⁴
1063 3323 1213 3365 Disitz

333 3399 380 3431 et
398 3390 619 3441 extemplo
634 3389 773 3429 Furiis
785 3389 933 3441 iraque
944 3388 1102 3429 minaci
1112 3389 1214 3430 Ter-

335 3453 490 3503 ribilis,
516 3453 627 3493 Sunt
660 3452 730 3492 hic
761 3452 893 3493 etiam
918 3450 996 3493 tua
1021 3453 1216 3505 vulnera,

335 3516 508 3570 praed03
536 3514 645 3557 Sunt
679 3514 884 3567 lacrimae,
914 3527 1123 3569 carusque
1141 3527 1216 3568 pa-

686 274 863 314 NOTAE
905 273 1238 314 VARloRUM
1283 274 1347 314 IN
1389 276 1439 314 G.
1481 277 1745 317 NEPOTIS

1249 395 1380 436 rens!
1432 396 1577 438 Tacit.
1608 395 1701 437 vita
1728 395 1942 448 Agricolae
1975 396 2071 452 cap.
2090 403 2133 442 7.

1291 459 1482 513 Sequens
1510 472 1645 500 annus
1677 460 1798 512 gravi
1830 461 2009 503 vulnere
2045 465 2136 505 aui·

1248 535 1364 563 mum
1382 523 1639 577 domumque
1653 525 1746 577 ejus
1760 523 1940 566 afflixit:
1968 525 2024 568 de
2047 539 2136 568 ma-

1251 587 1371 627 trem
1392 587 1564 638 praediis
1583 599 1610 627 a
1628 588 1857 629 classiariis
1872 588 2085 630 Othonis·
2073 602 2140 631 m-

1251 647 1452 690 terfecta.
1484 650 1684 691 Valerius
1697 651 1997 694 Maximuslib.
2009 665 2053 694 v.
2065 657 2135 694 10.

1251 713 1354 754 Ext.
1373 713 1428 753 de
1448 714 1644 754 Pericle:
1685 714 1700 736 ‘
1714 715 1796 755 llle
1817 720 1949 769 caput
1965 728 2137 770 quoque

1253 776 1381 817 solito
1393 788 1514 816 more
1523 784 1775 818 coronatum
1788 791 1939 831 gerere
1950 779 2138 820 sustinu-

1253 841 1305 891 it,
1323 846 1375 881 ut
1391 840 1497 880 nihil
1516 853 1570 881 ex
1589 847 1738 882 vetere
1758 843 1845 884 ritu
1870 849 2051 897 propter
2065 843 2140 885 do·

1253 904 1478 944 mesticum
1493 903 1646 944 vulnus
1661 905 1941 948 detraheret!
1972 907 2102 948 θεολ.

1312 968 1395 1014 Qui
1425 968 1579 1020 quidem
1611 967 1738 1009 Dioni
1761 969 2029 1022 principatum
2061 978 2138 1011 m

1255 1030 1479 1082 concedens]
1520 1031 1725 1085 Pertinet
1759 1032 1843 1073 huc
1881 1032 2000 1072 locus
2036 1032 2144 1073 Plu-

1258 1096 1422 1137 tarchi:
1451 1094 1585 1136 Οὕτως
1603 1094 1678 1149 ἄρα
1693 1094 1823 1145 πάντη
1839 1095 2144 1145 Evellendum-ov

1255 1158 1284 1209 ἣ
1300 1158 1407 1213 ἀρχὴ
1424 1158 1489 1199 καὶ
1507 1158 1654 1210 μεστὸν
1671 1159 1854 1202 ἀπιστίας
1874 1159 1939 1202 καὶ
1953 1159 2144 1202 δυσνοίας.

1256 1224 1401 1264 Tacit.
1420 1222 1576 1264 Annal.
1593 1234 1696 1265 1111.
1718 1227 1785 1265 1⁴7.
1812 1224 1826 1247 ‘
1845 1224 1925 1265 Cui
1946 1225 2143 1278 plerique

1255 1288 1389 1329 etiam
1402 1288 1615 1329 hominum
1633 1287 1928 1340 ignoscebant,
1941 1288 2143 1341 antiquas
2155 1308 2160 1311 -

1255 1351 1436 1392 fratrum
1474 1352 1726 1404 discordias,
1762 1351 2014 1392 insociabile
2045 1363 2144 1404 reg-

1257 1426 1358 1455 num
1380 1414 1672 1456 aestimantes:
1727 1415 1892 1456 Seneca
1919 1413 2146 1467 Agamem-

1256 1490 1396 1519 none:
1425 1479 1439 1501 ‘
1462 1479 1558 1520 Nec
1578 1491 1711 1531 regna
1738 1479 1897 1520 socium
1927 1477 2145 1520 terre-uec

1258 1542 1384 1584 taedae
1405 1542 1577 1583 sciunt.’
1629 1543 1716 1585 Qui
1735 1542 1996 1584 Heraclides
2016 1555 2146 1597 quum

1258 1606 1391 1647 Dioni
1421 1605 1683 1660 deferretur,
1713 1611 1919 1660 tauquam
1951 1618 2047 1647 cum
2068 1606 2148 1647 Ca-

1260 1669 1381 1722 lippo
1400 1669 1577 1710 iusidias
1595 1669 1637 1709 ei
1653 1674 1905 1710 necterent:
1935 1670 1948 1693 ‘
1971 1680 2150 1722 respon-

1260 1733 1345 1784 dit,
1380 1745 1427 1774 se
1464 1733 1555 1773 vita
1585 1733 1715 1774 malle
1745 1732 1978 1785 excedere,
2019 1745 2148 1787 quam

1261 1803 1382 1838 metu
1411 1795 1616 1837 violentae
1646 1796 1796 1837 mortis
1823 1796 1984 1837 amicos
2014 1796 2152 1837 inimi-

1263 1872 1421 1914 cosque
1443 1860 1574 1912 juxta
1604 1859 1798 1911 ponere.'
1853 1860 1951 1901 Val.
1978 1860 2054 1902 lib.
2074 1867 2152 1901 ιιι.

1264 1927 1304 1965 8.
1335 1924 1537 1964 Gebhard.
1593 1923 1710 1975 Lege
1734 1922 1991 1969 Orationem
2010 1922 2153 1964 Hera-

1265 1987 1387 2029 clidis
1409 1986 1524 2040 apud
1543 1986 1839 2027 Plutarchum.

1320 2052 1418 2093 Nem
1427 2062 1537 2103 posse
1551 2050 1645 2091 bene
1658 2050 1749 2101 geri
1765 2049 2042 2103 rempublicam
2054 2051 2156 2090 mul·

1265 2119 1393 2155 torum
1409 2113 1607 2167 irnperiis]
1637 2114 1745 2164 Regi
1764 2113 2056 2166 mapublioam,
2083 2118 2154 2154 est

1266 2179 1310 2219 in
1344 2180 1455 2220 Mss.
1490 2189 1575 2219 nou
1612 2178 1739 2219 male.
1785 2176 1940 2221 Schott.
1993 2177 2156 2219 Versus

1268 2248 1391 2283 sunt:
1421 2241 1506 2283 Οὔκ
1526 2240 1676 2292 ἀγαθὸν
1689 2239 1981 2294 πολυκοιρανίη·
2001 2238 2057 2282 εἲς
2073 2239 2155 2282 κοί-

1267 2320 1381 2358 ρανος
1400 2303 1519 2356 ἔστω,
1532 2303 1599 2345 Εἷς
1611 2303 1816 2356 βασιλεὺς,
1832 2301 1864 2356 ᾗ
1875 2303 1993 2348 ἔδωκε
2005 2302 2156 2357 Κρόνου

1267 2371 1358 2410 παῖς
1376 2366 1658 2420 ἀγκυλομήτεω
1671 2366 1876 2420 zet-amp&
1885 2368 1923 2408 τ’
1936 2367 2006 2416 ἡδὲ
2019 2365 2150 2418 θέμισ-

1267 2446 1354 2480 τας,
1380 2431 1447 2472 ἵνα
1473 2430 1609 2484 σφίσιν
1642 2430 1895 2487 ἑμβασιλεύῃ.
1923 2432 1980 2474 Il.
1995 2437 2039 2474 B.
2056 2435 2154 2473 204.

1269 2494 1453 2538 Lambini.
1467 2494 1610 2536 Sam.
1628 2496 1811 2537 Boeoler.
1865 2495 2024 2536 Similis
2044 2494 2160 2536 Cali-

1272 2561 1371 2614 gula
1389 2559 1503 2612 apud
1521 2559 1701 2600 Sueten.
1716 2571 1814 2612 cap.
1833 2562 1902 2601 22.

1326 2624 1438 2666 Car.
1455 2627 1498 2664 7.
1528 2623 1644 2670 Quod
1654 2621 1814 2672 factum
1831 2619 2024 2673 omnibus]
2051 2620 2157 2662 Plu·

1271 2688 1410 2730 tarch.
1445 2685 1646 2736 Ἐλύπησε
1659 2684 1703 2727 δὲ
1715 2684 1867 2740 σφόδρα
1879 2684 2160 2740 Συρακουσίους

1272 2750 1487 2794 &noea-rh.
1516 2750 1700 2791 Lambin.

1327 2816 1553 2858 Maximum
1580 2814 1759 2855 timorem
1787 2811 1954 2865 iniecit}
1971 2811 2025 2853 In
2043 2810 2160 2853 Alci·

1275 2879 1430 2920 biade.
1417 2891 1430 2903 ·
1460 2879 1473 2903 ‘
1502 2878 1690 2930 Magnus
1725 2875 1991 2918 multitudini
2028 2875 2160 2916 timor

1274 2948 1342 2984 est
1358 2939 1571 2995 injectus!
1629 2939 1743 2980 Nam
1762 2939 1838 2992 qui-
1856 2948 2030 2992 genere,
2059 2949 2160 2979 auc·

1275 3006 1470 3058 toritate,
1483 3009 1612 3058 atque
1625 3002 1780 3067 opibus
1796 3001 2089 3053 excellebant,
2104 2999 2161 3042 ad

1275 3078 1509 3122 aequoque
1529 3066 1707 3120 gradum
1730 3064 1824 3106 fieri
1852 3064 2160 3139 opinabantur,

1275 3138 1322 3174 et
1340 3133 1385 3173 iu
1413 3143 1462 3172 se
1481 3129 1688 3184 patienda
1713 3128 1905 3182 primarii
1922 3128 2009 3170 viri
2022 3122 2164 3169 disce·

1275 3194 1384 3237 baut
1397 3192 1612 3245 exemplo.
1629 3191 1770 3233 Tacit.
1791 3191 1909 3232 Hist.
1922 3191 1998 3232 lib.
2015 3201 2078 3232 tv.
2094 3191 2165 3232 n.

1276 3257 1289 3279 ‘
1301 3256 1541 3298 Plurimum
1555 3254 1734 3295 terroris
1747 3253 1893 3294 intulit
1909 3251 2054 3294 codes
2069 3252 2168 3293 Cal-

1278 3318 1423 3373 purnii
1435 3316 1688 3363 Galen-isui?
1738 3316 1860 3358 Idem
1877 3314 1990 3356 Anu.
2010 3315 2083 3356 lib.
2095 3325 2164 3357 ιι.

1278 3388 1319 3426 8.
1356 3383 1370 3407 ‘
1391 3383 1591 3436 Namque
1609 3381 1725 3422 iuter
1743 3378 1947 3421 Gotarzis
1957 3377 2170 3432 pleraque>

1279 3461 1396 3489 saeva
1411 3447 1510 3501 (qui
1523 3457 1673 3487 necem
1685 3442 1812 3485 fratri
1828 3442 2048 3484 Artabano
2065 3453 2167 3484 eon·

1274 3512 1455 3565 jugique
1491 3521 1542 3551 ac
1578 3507 1666 3549 filio
1701 3507 1792 3559 ejus
1821 3511 2163 3559 preparaverat,
