2306 3900
695 282 856 320 XXV.

214 412 393 443 mannus
431 399 487 441 de
521 399 614 441 fun.
641 401 764 440 Rom.
784 411 817 440 1.
837 404 878 441 5.
914 400 1089 442 Heliod.

214 477 267 506 11.
298 462 599 518 προσαφῇρπναί
624 479 675 514 με
704 462 770 503 καὶ
796 462 850 504 τὰ
881 466 1092 505 τελευταῖα

213 530 453 581 περιβαλεῖν,
473 524 653 578 ἐσχάτων
664 526 907 578 φιλημάτων,
917 526 981 567 καὶ
995 526 1090 578 ἀψύ-

213 606 287 642 χος
303 589 577 644 ἀπεστερήθην.
608 591 758 631 Cicero
777 590 949 631 vidend.
966 591 1091 632 Orat.

215 654 259 694 in
277 655 402 694 Verr.
424 665 469 694 v,
496 652 760 692 Keuchenius.
898 660 901 663 ’

270 719 335 758 Ne
364 719 415 757 ad
442 718 500 768 id,
518 719 618 769 quod
646 723 790 757 natura
821 722 993 769 cogeret,
1011 718 1092 770 ipse

213 793 362 833 quoque
374 780 453 820 sibi
466 780 718 831 acceleraret]
736 781 899 821 Seneca
914 794 925 820 :
943 782 955 804 ‘
972 781 1091 822 Nun-

214 854 339 897 quam
375 843 419 883 id
455 856 553 884 sero
572 845 833 895 venit,unde
865 857 1094 898 nunquam,

214 919 311 948 cum
321 908 452 948 semel
466 908 598 956 venit,
611 907 754 959 potuit
774 907 960 948 reverti?
988 909 1093 949 Cur-

214 971 326 1012 tius:
365 972 378 994 ‘
403 971 607 1011 Ultimum
640 972 826 1012 omnium
863 984 976 1012 mors
1013 978 1096 1024 est,

213 1034 268 1076 ad
285 1047 412 1088 quam
425 1047 509 1075 nou
530 1035 654 1087 pigre
671 1035 735 1076 ire
750 1036 855 1076 satis
872 1035 969 1076 est!
989 1036 1094 1088 Βίας,

215 1096 514 1147 ἐπικαλουμένου
530 1097 635 1139 τινὸς
656 1097 728 1138 τὸν
749 1096 913 1139 Θάνατον
928 1099 993 1139 ἐπὶ
1010 1097 1095 1140 τέκ-

215 1176 291 1202 νων
304 1160 492 1214 ἀπωλείᾳ,
512 1159 604 1214 ἔφη,
613 1161 782 1213 τίῐαῦτὸν
796 1165 946 1216 καλεῖς,
957 1163 1094 1217 ἅνθρω-

214 1237 290 1274 πες
306 1224 393 1276 οὐκ,
411 1224 460 1265 ἃν
476 1224 531 1276 μὴ
549 1224 737 1277 καλέσῃς,
754 1226 856 1277 ἥξω
878 1228 1093 1269 Caeterum

211 1287 341 1329 moris
373 1293 469 1328 erat
496 1289 714 1330 sumendae
744 1292 895 1331 mortis
925 1296 1095 1343 specta-

210 1355 330 1393 tores
361 1350 572 1391 advocare
597 1353 875 1403 necessarios,
904 1353 1095 1406 aliosque

211 1412 350 1454 claros
368 1413 497 1464 viros,
514 1426 692 1466 quorum
726 1416 966 1466 praesentia.
985 1428 1096 1456 mor-

212 1481 302 1517 tem
338 1477 566 1517 clariorem
600 1482 647 1517 et
687 1479 956 1519 testatior-em
1001 1479 1097 1520 fieri

212 1539 440 1592 putabant,
473 1540 545 1592 qui
576 1545 722 1581 tamen
750 1543 1016 1596 plerumque,
1047 1549 1097 1583 ut

208 1603 308 1648 ‚heic
343 1602 459 1656 apud
494 1604 543 1644 Τ.
570 1605 858 1657 Pomponium
891 1607 1098 1658 Atticum,

209 1667 453 1709 hortatores
488 1669 591 1710 vitae
620 1668 810 1711 fuerant.
865 1672 938 1712 Sic
961 1670 1097 1712 foemi·

210 1743 311 1773 nam
342 1732 555 1786 quandam
591 1733 762 1773 Sextus·
783 1734 1017 1787 Pompeius
1051 1735 1097 1776 in

211 1796 355 1836 insula
388 1797 478 1837 Coo
514 1797 623 1837 mori
653 1797 926 1850 destinatam,
952 1797 1097 1839 facun-

211 1858 386 1901 dissimo
429 1871 624 1900 sermone
670 1872 877 1901 revocare
917 1867 1096 1902 conatus

211 1928 295 1963 est.
323 1922 418 1964 Val.
433 1923 552 1963 Max.
567 1934 618 1973 ιι.
633 1927 674 1964 6.
693 1927 730 1965 1.
764 1925 966 1966 Gebhard.
993 1926 1098 1966 Vul-

212 1986 305 2038 gati
320 1985 421 2026 libri
437 1986 645 2027 omittunt
662 1988 884 2039 praeposit.
903 1989 968 2028 ad.

268 2049 530 2102 Compressu]
571 2049 625 2089 Iu
662 2050 754 2091 aliis
786 2050 908 2090 libris
936 2054 1004 2090 est
1030 2051 1096 2091 de-

207 2112 374 2164 pressit.-
429 2112 474 2152 id
521 2118 604 2164 est,
653 2113 766 2153 serio
818 2114 1094 2166 contempsit.

211 2175 415 2216 Emtius.
455 2175 692 2227 Compressu
710 2188 737 2216 a
753 2175 961 2217 Lambino
979 2175 1097 2217 vide·

214 2241 288 2278 tur
305 2249 415 2279 esse.
452 2238 616 2279 Rosius.

269 2302 343 2342 Cn.-
362 2301 557 2353 Domitio,
590 2301 639 2343 C.
667 2300 781 2341 Sosio
812 2300 942 2353 Cosa]
967 2300 1096 2342 Anno

214 2361 348 2404 Urbis
366 2366 462 2404 721.

267 2426 412 2467 Elatus
447 2431 507 2467 est
540 2426 585 2466 in
627 2426 828 2478 lecticula]
875 2426 1095 2468 Lecticam

210 2489 326 2542 apud
345 2491 560 2531 Romanos
577 2491 795 2543 comperio
806 2490 939 2531 fuisse
956 2491 1000 2531 in
1020 2491 1096 2530 du-

211 2552 317 2604 plici
333 2564 440 2602 usu;
461 2552 517 2592 ad
534 2558 727 2593 mortuos
740 2551 959 2603 ferendos,
977 2557 1022 2592 et
1040 2551 1095 2592 ad

210 2614 348 2655 vivos.
403 2614 472 2654 Ad
498 2606 706 2663 mortuos,
725 2615 925 2667 antiquus
946 2615 1094 2654 Romae

209 2689 318 2728 mos,
345 2682 392 2717 et
419 2677 511 2728 jam
530 2676 630 2717 inde
647 2689 674 2717 a
690 2677 861 2728 regibus
879 2677 1035 2717 mortui
1054 2677 1096 2717 in

210 2739 336 2780 lectis
368 2738 676 2790 efferebantur,
710 2740 802 2780 sive
839 2740 881 2780 in
914 2740 1096 2782 lecticis.

204 2803 444 2855 ,Dionysius
477 2802 554 2843 lib.
574 2813 640 2843 ιν.
662 2802 849 2842 cadaver
880 2803 1096 2844 Lucretiae

212 2865 359 2907 efferri
378 2865 486 2907 facit
505 2865 569 2906 ἐπὶ
596 2865 732 2915 κλίνης
759 2864 927 2916 μέλασιν
947 2866 1099 2919 ἀμφίοις

213 2927 475 2983 ἐστρωμένης.
511 2930 571 2970 Et
603 2930 716 2970 inter
749 2931 866 2982 leges
897 2942 981 2972 xn.
1001 2930 1100 2982 fuit,

212 2995 226 3016 ‘
247 3004 302 3033 ne
348 2994 494 3045 plures
531 2992 635 3033 lecti
683 2999 954 3042 struerentur
994 2993 1096 3036 uni.'

212 3055 379 3096 Mansit
407 3057 444 3096 is
477 3068 584 3103 mos,
614 3055 814 3109 quamdiu
842 3057 997 3097 mansit
1026 3069 1096 3098 res

213 3118 420 3159 Romana.
475 3117 712 3159 Asconiust
753 3119 766 3141 ‘
788 3119 983 3160 Cadaver
1000 3121 1097 3161 Clo·

212 3181 272 3221 dii
302 3180 345 3220 in
374 3180 444 3220 via
461 3180 660 3220 relictum
692 3182 792 3221 Sex.
831 3182 995 3223 'Pedius
1024 3183 1097 3222 Se·

213 3250 355 3294 nator,
372 3243 444 3296 qui
465 3242 579 3283 forte
609 3254 705 3283 rure
726 3243 770 3283 in
789 3243 940 3284 urbem
960 3256 1100 3285 rever·

172 3307 176 3312 '
215 3305 404 3356 tebatur,
436 3304 628 3355 sustulit,
662 3310 707 3344 et
725 3304 882 3345 lectica
908 3318 986 3346 sua
1015 3307 1099 3347 Ro-

216 3380 326 3408 mam
358 3366 464 3409 ferri
489 3366 649 3419 jussit.'
691 3367 869 3408 Tacitus
890 3368 1008 3410 Hist.
1026 3381 1098 3410 ιιι.

220 3430 234 3455 ‘
252 3427 383 3478 Simul
416 3430 642 3474 ferebatur
666 3429 870 3472 lecticula
897 3432 1099 3483 parvulus

920 282 1221 334 ΑττιουΜ,
1259 283 1393 323 cAP.
1429 270 1517 323 22.

1925 270 2033 323 699

1155 399 1284 450 tilius,
1317 402 1438 442 velut
1473 402 1517 441 in
1549 400 1772 443 funebrem
1801 400 2033 454 pompam.'

1155 463 1319 504 Mortui
1336 463 1600 505 honestiores
1618 464 1773 504 lectica
1790 463 2035 516 hexaphoro

1157 523 1469 565 efferebantur:
1500 533 1545 566 at
1565 527 1781 567 tenuiores
1800 526 2039 578 sandapila,

1158 587 1227 626 cui
1242 587 1462 638 subjuncti
1476 589 1629 628 saltem
1640 589 1828 629 homiues
1840 594 2037 641 quatuor.

1156 649 1269 690 Vide
1289 651 1548 691 Martialem.
1602 652 1655 692 In
1676 659 1950 693 monumento
1970 654 2034 693 M.

1157 711 1338 753 Antonii
1371 712 1490 753 Antii
1523 715 1651 766 Lupi,
1678 714 1791 767 quod
1819 721 1964 756 exstat
1992 727 2036 754 e-

1157 779 1260 818 tiam
1278 790 1392 818 nunc
1412 779 1481 819 via
1500 780 1740 831 Hostiensi,
1761 782 1931 833 sculpta
1949 782 2038 821 lec-

1158 842 1248 882 tica
1266 854 1361 881 cum
1381 843 1555 894 pulvino
1585 850 1631 883 et
1647 855 1805 884 corona
1822 844 2036 893 cernitur3

1157 905 1339 946 funebre
1360 907 1526 948 scilicet
1541 908 1724 959 signum.
1751 908 1861 960 Lips.
1919 908 2040 949 Grae-

1158 970 1197 1009 ci
1216 967 1290 1016 τὴν
1301 967 1438 1017 κλίνην
1461 974 1506 1009 et
1524 968 1572 1008 τὸ
1600 967 1723 1020 λέχος
1742 974 1911 1011 vocant.
1949 971 2040 1010 He-

1159 1033 1331 1085 sychius
1346 1047 1356 1073 ε
1387 1032 1512 1084 Λέχη,
1529 1034 1589 1085 ἐφ’
1607 1033 1663 1075 οἷς
1675 1032 1766 1075 τοὺς
1779 1033 1933 1087 νεκροὺς
1946 1047 2041 1075 κοσ-

1161 1096 1310 1145 μοῦσιν.
1349 1096 1482 1136 Plura
1516 1096 1692 1137 doctiss.
1725 1097 2038 1138 Kirchmannus

1160 1160 1215 1200 de
1251 1161 1407 1201 Funer.
1435 1162 1722 1202 Romanorum
1756 1162 1834 1203 lib.
1857 1173 1890 1202 1.
1927 1165 1966 1202 4.
1992 1166 2039 1203 et

1158 1223 1236 1263 lib.
1254 1235 1307 1263 ιι.
1324 1226 1366 1263 9.

1213 1285 1308 1328 Sine
1325 1287 1403 1326 ulla
1418 1299 1558 1339 pompa
1573 1287 1752 1340 funeris]
1769 1289 1921 1331 ‚Quam
1941 1288 2040 1329 Ser-

1158 1349 1267 1400 vius,
1303 1349 1357 1388 ad
1390 1350 1634 1403 Virgilium,
1673 1354 1686 1374 ‘
1707 1364 1908 1403 pompam
1938 1365 2040 1393 exe-

1159 1412 1355 1464 quialem’
1369 1418 1510 1454 vocat.
1539 1414 1829 1455 Quintilianus
1844 1415 2040 1456 Declam.

1159 1485 1374 1516 cccxx1x.
1413 1476 1426 1498 ‘
1460 1475 1659 1517 Ducatur
1694 1478 1844 1530 ingens
1875 1476 2039 1518 funeris

1159 1538 1346 1591 pompa.'
1374 1539 1551 1580 Tacitus
1585 1539 1700 1582 Ann.
1733 1553 1787 1582 11.
1814 1541 1827 1564 ‘
1850 1541 2042 1581 Fuerunt

1161 1602 1412 1659 qui-funeris
1443 1604 1603 1656 publici
1623 1616 1824 1658 pompam
1851 1606 2041 1659 require-

1160 1666 1289 1705 rent!
1342 1665 1579 1719 Apuleius:
1620 1669 1633 1690 ‘
1653 1669 1820 1720 Utpote
1850 1681 1959 1709 unus
1985 1669 2043 1710 de

1160 1730 1454 1782 optimatibus,
1487 1744 1644 1785 pompa
1674 1731 1838 1773 funeris
1867 1733 2043 1785 publica

1160 1791 1421 1833 ductabatur
1450 1805 1528 1845 per
1557 1793 1729 1834 forum!
1785 1795 1855 1836 Sic
1885 1807 2043 1848 pompa

1159 1855 1412 1908 plerumque
1445 1856 1501 1896 de
1522 1855 1675 1898 funere
1702 1858 1875 1898 dicitur.
1929 1858 2042 1898 Vide

1159 1919 1335 1959 Festum
1357 1919 1401 1958 in
1418 1919 1750 1972 Vespillonibus.
1777 1922 1977 1963 Kenwhen.

1214 1981 1398 2034 Sepultus
1413 1986 1473 2023 est
1492 1982 1617 2032 juxta
1645 1985 1751 2024 vium
1766 1985 1959 2037 Appiam]
1988 1984 2042 2025 Iu

1161 2056 1247 2096 qua
1282 2050 1405 2085 erant
1448 2046 1689 2088 conditoria
1722 2054 1768 2088 et
1814 2049 2044 2100 sepulchra

1160 2108 1460 2151 Romanorum.
1475 2109 1670 2152 Rhenan.
1689 2111 1742 2152 ad
1758 2111 1912 2153 Senec.
1927 2110 2042 2152 Vide

1161 2171 1414 2212 Ciceronem
1440 2173 1486 2212 in
1512 2173 1663 2215 Milon.
1719 2175 1820 2218 Fuit
1838 2174 1899 2214 ibi
1917 2181 1962 2214 et
1981 2186 2046 2214 se·

1158 2235 1355 2287 pulcrum
1369 2235 1517 2276 Severi
1533 2237 1644 2289 Imp.
1660 2242 1774 2277 teste
1788 2237 1898 2277 AElio
1915 2237 2044 2289 Spar·

1159 2298 1280 2339 tiano
1297 2299 1340 2339 in
1359 2298 1577 2340 Antonino
1596 2300 1741 2341 Geta:
1768 2303 1780 2324 ‘
1801 2301 1955 2342 Illatus
1973 2307 2045 2343 est

1159 2361 1203 2402 iu
1221 2361 1430 2410 majorum
1451 2363 1663 2414 sepulcra,
1682 2363 1762 2403 hoc
1781 2368 1864 2414 est,
1881 2364 2045 2414 Severi,

1159 2425 1271 2479 qnod
1305 2431 1370 2466 est
1402 2425 1446 2464 in
1480 2426 1625 2478 Appia
1653 2426 1725 2465 via
1756 2426 2043 2468 euntibus-ad

1159 2494 1325 2541 portam
1345 2488 1571 2529 dextram!
1612 2489 1854 2529 Gallienum
1875 2501 2043 2542 quoque

1161 2553 1275 2604 Imp.
1287 2553 1330 2592 in
1346 2553 1425 2592 hac
1444 2552 1514 2592 via
1529 2564 1640 2592 nono
1656 2551 1798 2603 lapide
1815 2552 2045 2603 sepultum,

1161 2614 1297 2655 tradit
1314 2615 1472 2654 Sextus
1491 2613 1706 2654 Aurelius.
1747 2615 1818 2654 De
1837 2614 2043 2655 Thessalo

1159 2678 1354 2727 Medico,
1385 2677 1549 2717 Plinius
1581 2677 1655 2718 lib.
1687 2687 1828 2719 xxrx.
1862 2681 1900 2719 1.
1927 2677 2043 2718 idem

1159 2741 1234 2782 lib.
1254 2751 1300 2780 x.
1320 2744 1389 2782 43.
1418 2741 1721 2781 Kirchmannw.

1212 2804 1279 2846 Aa
1296 2806 1476 2856 quintum
1507 2803 1697 2855 lapidem]
1726 2804 1838 2844 Nam
1858 2804 1903 2844 in
1922 2804 2043 2845 Urbe

1162 2866 1300 2907 Roma
1319 2866 1491 2918 sepeliri
1522 2864 1671 2915 nefas;
1701 2872 1746 2906 et
1765 2867 1855 2918 jam
1889 2866 1992 2907 inde
2019 2879 2045 2908 a

1162 2942 1207 2971 x.
1242 2930 1344 2970 viris
1375 2930 1471 2981 lege
1503 2940 1590 2970 ιιι.
1625 2930 1831 2970 vetitum:
1862 2942 1958 2983 quae
1978 2932 2042 2972 his

1159 2993 1303 3034 verbis
1323 2997 1537 3045 concepta
1555 2997 1624 3033 est
1644 2994 1759 3044 apud
1776 2993 1973 3035 Ciceron.
1990 3006 2045 3036 ιι.

1160 3056 1215 3096 de
1261 3057 1367 3107 Leg.
1402 3066 1647 3096 nomnium.
1684 3067 1931 3097 mon'rvvm.
1977 3068 2043 3099 m.

1163 3130 1300 3160 vans.
1335 3129 1409 3158 ΝΕ.
1446 3129 1672 3159 εΕΡΕιιΤο.
1711 3130 1846 3159 Nava.
1882 3130 2044 3161 varro.

1162 3183 1304 3223 Credo
1324 3181 1463 3234 inquit
1481 3182 1636 3222 Cicero
1650 3183 1716 3221 vel
1738 3187 1917 3235 propter
1933 3183 2044 3236 ignis

1161 3245 1414 3297 periculum.
1452 3244 1604 3285 Schott.

1216 3309 1267 3348 In
1303 3312 1546 3348 monumento
1586 3308 1636 3353 Q.
1665 3308 1833 3361 Caenia,
1863 3313 2044 3353 avunculi

1161 3369 1244 3421 sui]
1284 3369 1415 3421 Cujus
1444 3375 1490 3409 et
1513 3369 1796 3412 hereditatem
1823 3375 1962 3414 crevit
1987 3386 2044 3415 ex

1163 3431 1390 3482 dodrante,
1435 3431 1691 3486 domumque
1728 3434 1957 3488 habitavit,
1998 3443 2043 3477 et
