<?xml version="1.0" encoding="UTF-8"?>
<!DOCTYPE html PUBLIC "-//W3C//DTD XHTML 1.0 Transitional//EN"
    "http://www.w3.org/TR/xhtml1/DTD/xhtml1-transitional.dtd">
<html xmlns="http://www.w3.org/1999/xhtml" xml:lang="en" lang="en">
 <head>
  <title>
</title>
<meta http-equiv="Content-Type" content="text/html;charset=utf-8" />
  <meta name='ocr-system' content='tesseract 3.04.00' />
  <meta name='ocr-capabilities' content='ocr_page ocr_carea ocr_par ocr_line ocrx_word'/>
</head>
<body>
  <div class='ocr_page' id='page_1' title='image "./vitaeexcellentiu02nepouoft_0215.png"; bbox 0 0 2306 3900; ppageno 0'>
   <div class='ocr_carea' id='block_1_1' title="bbox 591 254 1538 319">
    <p class='ocr_par' dir='ltr' id='par_1_1' title="bbox 591 254 1538 319">
     <span class='ocr_line' id='line_1_1' title="bbox 591 254 1538 319; baseline -0.002 -9"><span class='ocrx_word' id='word_1_1' title='bbox 591 270 758 310; x_wconf 75' lang='lat' dir='ltr'><strong>xxii.</strong></span> <span class='ocrx_word' id='word_1_2' title='bbox 821 268 1271 319; x_wconf 75' lang='lat' dir='ltr'><strong>HAMILGAREM,</strong></span> <span class='ocrx_word' id='word_1_3' title='bbox 1309 268 1446 308; x_wconf 68' lang='lat' dir='ltr'><strong>cn.</strong></span> <span class='ocrx_word' id='word_1_4' title='bbox 1484 254 1538 308; x_wconf 93' lang='grc'><strong>1.</strong></span> 
     </span>
    </p>
   </div>
   <div class='ocr_carea' id='block_1_2' title="bbox 128 388 1028 3542">
    <p class='ocr_par' dir='ltr' id='par_1_2' title="bbox 138 388 1028 1320">
     <span class='ocr_line' id='line_1_2' title="bbox 200 388 1024 443; baseline -0.006 -11"><span class='ocrx_word' id='word_1_5' title='bbox 200 392 439 443; x_wconf 58' lang='lat' dir='ltr'><strong>eonomine</strong></span> <span class='ocrx_word' id='word_1_6' title='bbox 458 389 629 441; x_wconf 73' lang='lat' dir='ltr'><strong>Bareas]</strong></span> <span class='ocrx_word' id='word_1_7' title='bbox 657 388 728 429; x_wconf 89' lang='lat' dir='ltr'><strong>Ita</strong></span> <span class='ocrx_word' id='word_1_8' title='bbox 749 393 910 440; x_wconf 85' lang='lat' dir='ltr'><strong>praeter</strong></span> <span class='ocrx_word' id='word_1_9' title='bbox 929 398 1024 429; x_wconf 85' lang='lat' dir='ltr'><strong>nos-</strong></span> 
     </span>
     <span class='ocr_line' id='line_1_3' title="bbox 146 450 1026 506; baseline -0.008 -11"><span class='ocrx_word' id='word_1_10' title='bbox 146 461 261 495; x_wconf 83' lang='lat' dir='ltr'><strong>trum</strong></span> <span class='ocrx_word' id='word_1_11' title='bbox 288 453 512 506; x_wconf 72' lang='lat' dir='ltr'><strong>Polybius,</strong></span> <span class='ocrx_word' id='word_1_12' title='bbox 540 450 782 504; x_wconf 72' lang='lat' dir='ltr'><strong>Appianas,</strong></span> <span class='ocrx_word' id='word_1_13' title='bbox 815 453 863 490; x_wconf 89' lang='lat' dir='ltr'><strong>et</strong></span> <span class='ocrx_word' id='word_1_14' title='bbox 896 460 951 490; x_wconf 83' lang='lat' dir='ltr'><strong>ex</strong></span> <span class='ocrx_word' id='word_1_15' title='bbox 983 459 1026 489; x_wconf 90' lang='lat' dir='ltr'><strong>e-</strong></span> 
     </span>
     <span class='ocr_line' id='line_1_4' title="bbox 144 513 1026 566; baseline -0.007 -7"><span class='ocrx_word' id='word_1_16' title='bbox 144 517 420 559; x_wconf 85' lang='lat' dir='ltr'><strong>mendatione</strong></span> <span class='ocrx_word' id='word_1_17' title='bbox 432 516 504 558; x_wconf 86' lang='lat' dir='ltr'><strong>Jo.</strong></span> <span class='ocrx_word' id='word_1_18' title='bbox 519 513 738 557; x_wconf 84' lang='lat' dir='ltr'><strong>Valentini</strong></span> <span class='ocrx_word' id='word_1_19' title='bbox 757 513 1026 566; x_wconf 73' lang='lat' dir='ltr'><strong>Porphyrius</strong></span> 
     </span>
     <span class='ocr_line' id='line_1_5' title="bbox 143 576 1027 634; baseline -0.007 -11"><span class='ocrx_word' id='word_1_20' title='bbox 143 582 230 634; x_wconf 68' lang='grc' dir='ltr'><strong>πρὶ</strong></span> <span class='ocrx_word' id='word_1_21' title='bbox 245 581 402 633; x_wconf 69' lang='grc' dir='ltr'><strong>ἀποχῆς</strong></span> <span class='ocrx_word' id='word_1_22' title='bbox 426 591 479 621; x_wconf 88' lang='grc' dir='ltr'><strong>ιι.</strong></span> <span class='ocrx_word' id='word_1_23' title='bbox 508 583 576 620; x_wconf 80' lang='grc'><strong>67.</strong></span> <span class='ocrx_word' id='word_1_24' title='bbox 606 578 680 618; x_wconf 87' lang='lat' dir='ltr'><strong>ubi</strong></span> <span class='ocrx_word' id='word_1_25' title='bbox 715 578 842 630; x_wconf 77' lang='lat' dir='ltr'><strong>vulgo</strong></span> <span class='ocrx_word' id='word_1_26' title='bbox 869 576 1027 618; x_wconf 81' lang='grc' dir='ltr'><strong>Βάλκας</strong></span> 
     </span>
     <span class='ocr_line' id='line_1_6' title="bbox 144 642 1025 698; baseline -0.006 -12"><span class='ocrx_word' id='word_1_27' title='bbox 144 646 319 698; x_wconf 80' lang='lat' dir='ltr'><strong>legitur.</strong></span> <span class='ocrx_word' id='word_1_28' title='bbox 360 644 470 685; x_wconf 87' lang='lat' dir='ltr'><strong>Mss.</strong></span> <span class='ocrx_word' id='word_1_29' title='bbox 498 643 659 683; x_wconf 72' lang='lat' dir='ltr'><strong>Barcha</strong></span> <span class='ocrx_word' id='word_1_30' title='bbox 686 642 755 682; x_wconf 87' lang='lat' dir='ltr'><strong>vel</strong></span> <span class='ocrx_word' id='word_1_31' title='bbox 785 642 923 682; x_wconf 78' lang='lat' dir='ltr'><strong>Barca</strong></span> <span class='ocrx_word' id='word_1_32' title='bbox 953 642 1025 682; x_wconf 88' lang='lat' dir='ltr'><strong>ha-</strong></span> 
     </span>
     <span class='ocr_line' id='line_1_7' title="bbox 145 705 1024 761; baseline -0.003 -13"><span class='ocrx_word' id='word_1_33' title='bbox 145 707 271 759; x_wconf 85' lang='lat' dir='ltr'><strong>bent,</strong></span> <span class='ocrx_word' id='word_1_34' title='bbox 287 705 504 761; x_wconf 61' lang='lat' dir='ltr'><strong>quomodo</strong></span> <span class='ocrx_word' id='word_1_35' title='bbox 522 710 569 746; x_wconf 89' lang='lat' dir='ltr'><strong>et</strong></span> <span class='ocrx_word' id='word_1_36' title='bbox 584 705 780 747; x_wconf 83' lang='lat' dir='ltr'><strong>Frontin.</strong></span> <span class='ocrx_word' id='word_1_37' title='bbox 799 716 872 746; x_wconf 90' lang='grc' dir='ltr'><strong>ιιι.</strong></span> <span class='ocrx_word' id='word_1_38' title='bbox 894 709 961 746; x_wconf 86' lang='lat' dir='ltr'><strong>lo.</strong></span> <span class='ocrx_word' id='word_1_39' title='bbox 981 709 1024 747; x_wconf 84' lang='lat'><strong>9.</strong></span> 
     </span>
     <span class='ocr_line' id='line_1_8' title="bbox 142 768 1025 827; baseline -0.002 -15"><span class='ocrx_word' id='word_1_40' title='bbox 142 769 343 827; x_wconf 54' lang='grc' dir='ltr'><strong>ἰιιίὶοιίςχ</strong></span> <span class='ocrx_word' id='word_1_41' title='bbox 379 769 557 811; x_wconf 84' lang='lat' dir='ltr'><strong>Gentile</strong></span> <span class='ocrx_word' id='word_1_42' title='bbox 575 781 732 810; x_wconf 88' lang='lat' dir='ltr'><strong>nomen</strong></span> <span class='ocrx_word' id='word_1_43' title='bbox 746 768 879 810; x_wconf 83' lang='lat' dir='ltr'><strong>fuisse</strong></span> <span class='ocrx_word' id='word_1_44' title='bbox 895 769 1025 810; x_wconf 89' lang='lat' dir='ltr'><strong>docet</strong></span> 
     </span>
     <span class='ocr_line' id='line_1_9' title="bbox 143 830 1025 886; baseline -0.001 -12"><span class='ocrx_word' id='word_1_45' title='bbox 143 830 362 886; x_wconf 59' lang='lat' dir='ltr'><strong>inadffilii</strong></span> <span class='ocrx_word' id='word_1_46' title='bbox 378 832 523 874; x_wconf 87' lang='lat' dir='ltr'><strong>Italici</strong></span> <span class='ocrx_word' id='word_1_47' title='bbox 541 832 620 873; x_wconf 86' lang='lat' dir='ltr'><strong>lib.</strong></span> <span class='ocrx_word' id='word_1_48' title='bbox 635 844 668 873; x_wconf 83' lang='lat'><strong>1.</strong></span> <span class='ocrx_word' id='word_1_49' title='bbox 695 832 708 854; x_wconf 80' lang='lat'><em>⁴</em></span> <span class='ocrx_word' id='word_1_50' title='bbox 727 832 862 874; x_wconf 82' lang='lat' dir='ltr'><strong>Ortus</strong></span> <span class='ocrx_word' id='word_1_51' title='bbox 879 833 1025 874; x_wconf 88' lang='lat' dir='ltr'><strong>Serra·</strong></span> 
     </span>
     <span class='ocr_line' id='line_1_10' title="bbox 139 892 1028 949; baseline 0 -12"><span class='ocrx_word' id='word_1_52' title='bbox 139 908 198 937; x_wconf 82' lang='lat' dir='ltr'><strong>na</strong></span> <span class='ocrx_word' id='word_1_53' title='bbox 216 892 356 949; x_wconf 80' lang='lat' dir='ltr'><strong>prisca</strong></span> <span class='ocrx_word' id='word_1_54' title='bbox 370 896 518 938; x_wconf 85' lang='lat' dir='ltr'><strong>Bartae</strong></span> <span class='ocrx_word' id='word_1_55' title='bbox 537 895 593 937; x_wconf 88' lang='lat' dir='ltr'><strong>de</strong></span> <span class='ocrx_word' id='word_1_56' title='bbox 611 895 771 949; x_wconf 65' lang='lat' dir='ltr'><strong>gente?</strong></span> <span class='ocrx_word' id='word_1_57' title='bbox 798 896 915 940; x_wconf 81' lang='lat' dir='ltr'><strong>Quid</strong></span> <span class='ocrx_word' id='word_1_58' title='bbox 932 896 1028 938; x_wconf 89' lang='lat' dir='ltr'><strong>Sui-</strong></span> 
     </span>
     <span class='ocr_line' id='line_1_11' title="bbox 141 959 1027 1010; baseline 0.002 -11"><span class='ocrx_word' id='word_1_59' title='bbox 141 959 209 1000; x_wconf 74' lang='lat' dir='ltr'><strong>dae</strong></span> <span class='ocrx_word' id='word_1_60' title='bbox 230 960 274 1000; x_wconf 91' lang='lat' dir='ltr'><strong>in</strong></span> <span class='ocrx_word' id='word_1_61' title='bbox 290 964 479 1001; x_wconf 82' lang='lat' dir='ltr'><strong>mentem</strong></span> <span class='ocrx_word' id='word_1_62' title='bbox 495 959 662 1000; x_wconf 87' lang='lat' dir='ltr'><strong>venerit</strong></span> <span class='ocrx_word' id='word_1_63' title='bbox 676 959 839 1010; x_wconf 85' lang='lat' dir='ltr'><strong>nescio,</strong></span> <span class='ocrx_word' id='word_1_64' title='bbox 851 971 949 1002; x_wconf 90' lang='lat' dir='ltr'><strong>cum</strong></span> <span class='ocrx_word' id='word_1_65' title='bbox 962 959 1027 1002; x_wconf 91' lang='lat' dir='ltr'><strong>ita</strong></span> 
     </span>
     <span class='ocr_line' id='line_1_12' title="bbox 140 1021 1027 1075; baseline 0.001 -11"><span class='ocrx_word' id='word_1_66' title='bbox 140 1022 352 1064; x_wconf 72' lang='lat' dir='ltr'><strong>scriberet</strong></span> <span class='ocrx_word' id='word_1_67' title='bbox 369 1035 382 1063; x_wconf 73' lang='grc' dir='ltr'><strong>ι</strong></span> <span class='ocrx_word' id='word_1_68' title='bbox 410 1021 611 1075; x_wconf 78' lang='grc' dir='ltr'><strong>Ἀμίλκας,</strong></span> <span class='ocrx_word' id='word_1_69' title='bbox 628 1023 651 1062; x_wconf 78' lang='grc' dir='ltr'><strong><em>ὁ</em></strong></span> <span class='ocrx_word' id='word_1_70' title='bbox 664 1022 731 1064; x_wconf 73' lang='grc' dir='ltr'><strong>καὶ</strong></span> <span class='ocrx_word' id='word_1_71' title='bbox 744 1021 912 1071; x_wconf 70' lang='grc' dir='ltr'><strong>Φαβέας.</strong></span> <span class='ocrx_word' id='word_1_72' title='bbox 966 1025 1027 1065; x_wconf 90' lang='lat' dir='ltr'><strong>Et</strong></span> 
     </span>
     <span class='ocr_line' id='line_1_13' title="bbox 141 1084 1026 1139; baseline 0.001 -12"><span class='ocrx_word' id='word_1_73' title='bbox 141 1086 273 1128; x_wconf 84' lang='lat' dir='ltr'><strong>alibi:</strong></span> <span class='ocrx_word' id='word_1_74' title='bbox 301 1084 454 1133; x_wconf 67' lang='grc' dir='ltr'><strong>Οαβέας</strong></span> <span class='ocrx_word' id='word_1_75' title='bbox 471 1087 495 1126; x_wconf 76' lang='grc' dir='ltr'><strong><em>ὁ</em></strong></span> <span class='ocrx_word' id='word_1_76' title='bbox 510 1086 579 1128; x_wconf 76' lang='grc' dir='ltr'><strong>καὶ</strong></span> <span class='ocrx_word' id='word_1_77' title='bbox 591 1086 795 1139; x_wconf 74' lang='grc' dir='ltr'><strong>Ἀμίλκας.</strong></span> <span class='ocrx_word' id='word_1_78' title='bbox 821 1087 919 1130; x_wconf 84' lang='lat' dir='ltr'><strong>Nisi</strong></span> <span class='ocrx_word' id='word_1_79' title='bbox 933 1087 1026 1128; x_wconf 84' lang='lat' dir='ltr'><strong>fors</strong></span> 
     </span>
     <span class='ocr_line' id='line_1_14' title="bbox 142 1149 1022 1193; baseline 0.001 -2"><span class='ocrx_word' id='word_1_80' title='bbox 142 1151 251 1191; x_wconf 89' lang='lat' dir='ltr'><strong>duos</strong></span> <span class='ocrx_word' id='word_1_81' title='bbox 286 1150 558 1192; x_wconf 86' lang='lat' dir='ltr'><strong>Hamilcares</strong></span> <span class='ocrx_word' id='word_1_82' title='bbox 604 1149 817 1193; x_wconf 82' lang='lat' dir='ltr'><strong>confudit.</strong></span> <span class='ocrx_word' id='word_1_83' title='bbox 863 1151 1022 1192; x_wconf 74' lang='lat' dir='ltr'><strong>Rosius.</strong></span> 
     </span>
     <span class='ocr_line' id='line_1_15' title="bbox 138 1214 1025 1266; baseline 0.002 -13"><span class='ocrx_word' id='word_1_84' title='bbox 138 1214 250 1254; x_wconf 88' lang='lat' dir='ltr'><strong>Vide</strong></span> <span class='ocrx_word' id='word_1_85' title='bbox 273 1219 491 1266; x_wconf 60' lang='lat' dir='ltr'><strong>praeterea</strong></span> <span class='ocrx_word' id='word_1_86' title='bbox 510 1218 633 1255; x_wconf 85' lang='lat' dir='ltr'><strong>notas</strong></span> <span class='ocrx_word' id='word_1_87' title='bbox 652 1214 880 1256; x_wconf 80' lang='lat' dir='ltr'><strong>Savaronis</strong></span> <span class='ocrx_word' id='word_1_88' title='bbox 897 1214 945 1254; x_wconf 85' lang='lat' dir='ltr'><strong>in</strong></span> <span class='ocrx_word' id='word_1_89' title='bbox 962 1214 1025 1255; x_wconf 84' lang='lat' dir='ltr'><strong>Si-</strong></span> 
     </span>
     <span class='ocr_line' id='line_1_16' title="bbox 139 1277 600 1320; baseline 0.004 -3"><span class='ocrx_word' id='word_1_90' title='bbox 139 1277 254 1318; x_wconf 85' lang='lat' dir='ltr'><strong>donii</strong></span> <span class='ocrx_word' id='word_1_91' title='bbox 275 1277 417 1318; x_wconf 82' lang='lat' dir='ltr'><strong>carm.</strong></span> <span class='ocrx_word' id='word_1_92' title='bbox 435 1280 476 1319; x_wconf 81' lang='lat'><strong>2.</strong></span> <span class='ocrx_word' id='word_1_93' title='bbox 494 1284 541 1318; x_wconf 88' lang='lat' dir='ltr'><strong>et</strong></span> <span class='ocrx_word' id='word_1_94' title='bbox 558 1283 600 1320; x_wconf 86' lang='lat'><strong>5.</strong></span> 
     </span>
    </p>

    <p class='ocr_par' dir='ltr' id='par_1_3' title="bbox 128 1340 1022 1964">
     <span class='ocr_line' id='line_1_17' title="bbox 190 1340 1022 1393; baseline 0.004 -13"><span class='ocrx_word' id='word_1_95' title='bbox 190 1340 329 1380; x_wconf 79' lang='lat' dir='ltr'><strong>Primo</strong></span> <span class='ocrx_word' id='word_1_96' title='bbox 356 1340 506 1381; x_wconf 75' lang='lat' dir='ltr'><strong>Punico</strong></span> <span class='ocrx_word' id='word_1_97' title='bbox 534 1340 650 1393; x_wconf 86' lang='lat' dir='ltr'><strong>bello]</strong></span> <span class='ocrx_word' id='word_1_98' title='bbox 683 1341 736 1382; x_wconf 86' lang='lat' dir='ltr'><strong>In</strong></span> <span class='ocrx_word' id='word_1_99' title='bbox 765 1342 918 1383; x_wconf 89' lang='lat' dir='ltr'><strong>Veteri</strong></span> <span class='ocrx_word' id='word_1_100' title='bbox 952 1341 1022 1383; x_wconf 90' lang='lat' dir='ltr'><strong>In·</strong></span> 
     </span>
     <span class='ocr_line' id='line_1_18' title="bbox 135 1403 1022 1456; baseline 0.001 -12"><span class='ocrx_word' id='word_1_101' title='bbox 135 1403 399 1455; x_wconf 76' lang='lat' dir='ltr'><strong>scriptione:</strong></span> <span class='ocrx_word' id='word_1_102' title='bbox 427 1403 544 1444; x_wconf 85' lang='lat' dir='ltr'><strong>Bello</strong></span> <span class='ocrx_word' id='word_1_103' title='bbox 560 1404 754 1455; x_wconf 80' lang='lat' dir='ltr'><strong>Poenicio,</strong></span> <span class='ocrx_word' id='word_1_104' title='bbox 771 1403 819 1444; x_wconf 88' lang='lat' dir='ltr'><strong>id</strong></span> <span class='ocrx_word' id='word_1_105' title='bbox 836 1410 918 1456; x_wconf 86' lang='lat' dir='ltr'><strong>est,</strong></span> <span class='ocrx_word' id='word_1_106' title='bbox 938 1406 1022 1445; x_wconf 78' lang='lat' dir='ltr'><strong>Pu·</strong></span> 
     </span>
     <span class='ocr_line' id='line_1_19' title="bbox 136 1465 1021 1518; baseline 0.001 -12"><span class='ocrx_word' id='word_1_107' title='bbox 136 1465 239 1506; x_wconf 73' lang='lat' dir='ltr'><strong>nico.</strong></span> <span class='ocrx_word' id='word_1_108' title='bbox 269 1465 383 1506; x_wconf 87' lang='lat' dir='ltr'><strong>Nam</strong></span> <span class='ocrx_word' id='word_1_109' title='bbox 416 1465 610 1505; x_wconf 73' lang='lat' dir='ltr'><strong>Punicum</strong></span> <span class='ocrx_word' id='word_1_110' title='bbox 641 1476 722 1518; x_wconf 90' lang='lat' dir='ltr'><strong>pro</strong></span> <span class='ocrx_word' id='word_1_111' title='bbox 756 1466 918 1507; x_wconf 74' lang='lat' dir='ltr'><strong>Poenico</strong></span> <span class='ocrx_word' id='word_1_112' title='bbox 927 1480 945 1514; x_wconf 91' lang='lat'><strong>,·</strong></span> <span class='ocrx_word' id='word_1_113' title='bbox 973 1471 1021 1507; x_wconf 90' lang='lat' dir='ltr'><strong>ut</strong></span> 
     </span>
     <span class='ocr_line' id='line_1_20' title="bbox 131 1529 1020 1583; baseline 0.001 -13"><span class='ocrx_word' id='word_1_114' title='bbox 131 1529 274 1580; x_wconf 75' lang='lat' dir='ltr'><strong>punico</strong></span> <span class='ocrx_word' id='word_1_115' title='bbox 308 1541 388 1581; x_wconf 89' lang='lat' dir='ltr'><strong>pro</strong></span> <span class='ocrx_word' id='word_1_116' title='bbox 415 1529 579 1582; x_wconf 77' lang='lat' dir='ltr'><strong>poenico.</strong></span> <span class='ocrx_word' id='word_1_117' title='bbox 649 1529 818 1571; x_wconf 74' lang='lat' dir='ltr'><strong>Glossae</strong></span> <span class='ocrx_word' id='word_1_118' title='bbox 836 1543 849 1570; x_wconf 70' lang='grc' dir='ltr'><strong>ι</strong></span> <span class='ocrx_word' id='word_1_119' title='bbox 879 1530 1020 1583; x_wconf 87' lang='lat' dir='ltr'><strong>Poeni,</strong></span> 
     </span>
     <span class='ocr_line' id='line_1_21' title="bbox 128 1591 1019 1646; baseline 0.002 -14"><span class='ocrx_word' id='word_1_120' title='bbox 128 1591 283 1646; x_wconf 74' lang='grc' dir='ltr'><strong>Ἀφροι.</strong></span> <span class='ocrx_word' id='word_1_121' title='bbox 299 1591 482 1634; x_wconf 66' lang='grc' dir='ltr'><strong>Φοίνικες.</strong></span> <span class='ocrx_word' id='word_1_122' title='bbox 537 1591 647 1632; x_wconf 86' lang='lat' dir='ltr'><strong>Inde</strong></span> <span class='ocrx_word' id='word_1_123' title='bbox 664 1591 790 1643; x_wconf 66' lang='grc' dir='ltr'><strong>Φοίνιξ</strong></span> <span class='ocrx_word' id='word_1_124' title='bbox 815 1591 1019 1634; x_wconf 73' lang='grc' dir='ltr'><strong>διάλεκτος</strong></span> 
     </span>
     <span class='ocr_line' id='line_1_22' title="bbox 136 1655 1019 1709; baseline -0.001 -12"><span class='ocrx_word' id='word_1_125' title='bbox 136 1656 252 1709; x_wconf 80' lang='lat' dir='ltr'><strong>apud</strong></span> <span class='ocrx_word' id='word_1_126' title='bbox 271 1655 512 1709; x_wconf 84' lang='lat' dir='ltr'><strong>Apsyrtum</strong></span> <span class='ocrx_word' id='word_1_127' title='bbox 535 1655 621 1708; x_wconf 74' lang='grc' dir='ltr'><strong>περὶ</strong></span> <span class='ocrx_word' id='word_1_128' title='bbox 649 1658 808 1696; x_wconf 78' lang='grc' dir='ltr'><strong>παντῶν</strong></span> <span class='ocrx_word' id='word_1_129' title='bbox 823 1658 939 1702; x_wconf 75' lang='grc' dir='ltr'><strong><em>βοῶν·</em></strong></span> <span class='ocrx_word' id='word_1_130' title='bbox 965 1656 1019 1696; x_wconf 77' lang='grc' dir='ltr'><strong>τὰ</strong></span> 
     </span>
     <span class='ocr_line' id='line_1_23' title="bbox 135 1719 1020 1774; baseline 0.002 -14"><span class='ocrx_word' id='word_1_131' title='bbox 135 1719 178 1762; x_wconf 71' lang='grc' dir='ltr'><strong>δὲ</strong></span> <span class='ocrx_word' id='word_1_132' title='bbox 194 1719 279 1774; x_wconf 67' lang='grc' dir='ltr'><strong>περὶ</strong></span> <span class='ocrx_word' id='word_1_133' title='bbox 294 1719 389 1762; x_wconf 73' lang='grc' dir='ltr'><strong>τοὺς</strong></span> <span class='ocrx_word' id='word_1_134' title='bbox 405 1719 502 1767; x_wconf 81' lang='grc' dir='ltr'><strong>βόας</strong></span> <span class='ocrx_word' id='word_1_135' title='bbox 529 1719 794 1771; x_wconf 72' lang='grc' dir='ltr'>συμβαίνοντα</span> <span class='ocrx_word' id='word_1_136' title='bbox 810 1719 930 1774; x_wconf 73' lang='grc' dir='ltr'><strong><em>πάθη,</em></strong></span> <span class='ocrx_word' id='word_1_137' title='bbox 952 1719 1020 1762; x_wconf 73' lang='grc' dir='ltr'><strong>καὶ</strong></span> 
     </span>
     <span class='ocr_line' id='line_1_24' title="bbox 133 1782 1019 1837; baseline 0.001 -14"><span class='ocrx_word' id='word_1_138' title='bbox 133 1784 187 1824; x_wconf 73' lang='grc' dir='ltr'><strong>τὰ</strong></span> <span class='ocrx_word' id='word_1_139' title='bbox 199 1783 294 1837; x_wconf 72' lang='grc' dir='ltr'><strong>πρὸς</strong></span> <span class='ocrx_word' id='word_1_140' title='bbox 304 1783 405 1825; x_wconf 62' lang='grc' dir='ltr'><strong>αὐτὰ</strong></span> <span class='ocrx_word' id='word_1_141' title='bbox 420 1782 666 1834; x_wconf 73' lang='grc' dir='ltr'><strong><em>βοηθήματα,</em></strong></span> <span class='ocrx_word' id='word_1_142' title='bbox 687 1782 829 1836; x_wconf 73' lang='grc' dir='ltr'><strong>ἄριστα</strong></span> <span class='ocrx_word' id='word_1_143' title='bbox 844 1782 1019 1836; x_wconf 68' lang='grc' dir='ltr'><strong>γέγραπ-</strong></span> 
     </span>
     <span class='ocr_line' id='line_1_25' title="bbox 134 1846 1018 1902; baseline 0.001 -15"><span class='ocrx_word' id='word_1_144' title='bbox 134 1864 200 1888; x_wconf 83' lang='grc' dir='ltr'><strong>ται</strong></span> <span class='ocrx_word' id='word_1_145' title='bbox 213 1847 375 1899; x_wconf 52' lang='lat' dir='ltr'><strong>Monam</strong></span> <span class='ocrx_word' id='word_1_146' title='bbox 386 1863 443 1898; x_wconf 75' lang='grc' dir='ltr'><strong>τῳ</strong></span> <span class='ocrx_word' id='word_1_147' title='bbox 423 1846 709 1900; x_wconf 75' lang='grc' dir='ltr'><strong><em>Καρχηδονίῳ</em></strong></span> <span class='ocrx_word' id='word_1_148' title='bbox 719 1848 772 1902; x_wconf 78' lang='grc' dir='ltr'><strong>τῇ</strong></span> <span class='ocrx_word' id='word_1_149' title='bbox 782 1846 924 1888; x_wconf 71' lang='grc' dir='ltr'><strong>Φοίνικι</strong></span> <span class='ocrx_word' id='word_1_150' title='bbox 939 1850 1018 1888; x_wconf 81' lang='grc' dir='ltr'><strong>δια·</strong></span> 
     </span>
     <span class='ocr_line' id='line_1_26' title="bbox 132 1912 538 1964; baseline 0 -12"><span class='ocrx_word' id='word_1_151' title='bbox 132 1912 276 1964; x_wconf 79' lang='grc' dir='ltr'><strong>λέκτῳ.</strong></span> <span class='ocrx_word' id='word_1_152' title='bbox 305 1912 538 1954; x_wconf 72' lang='lat' dir='ltr'><strong>Salmasius.</strong></span> 
     </span>
    </p>

    <p class='ocr_par' dir='ltr' id='par_1_4' title="bbox 134 1975 1018 2340">
     <span class='ocr_line' id='line_1_27' title="bbox 190 1975 1018 2029; baseline 0 -12"><span class='ocrx_word' id='word_1_153' title='bbox 190 1976 272 2017; x_wconf 83' lang='lat' dir='ltr'><strong>Sed</strong></span> <span class='ocrx_word' id='word_1_154' title='bbox 285 1975 521 2028; x_wconf 73' lang='lat' dir='ltr'><strong>temporibus</strong></span> <span class='ocrx_word' id='word_1_155' title='bbox 537 1975 744 2029; x_wconf 75' lang='lat' dir='ltr'><strong>extremis]</strong></span> <span class='ocrx_word' id='word_1_156' title='bbox 765 1975 933 2029; x_wconf 82' lang='lat' dir='ltr'><strong>Nempe</strong></span> <span class='ocrx_word' id='word_1_157' title='bbox 945 1989 1018 2017; x_wconf 70' lang='lat' dir='ltr'><strong>an-</strong></span> 
     </span>
     <span class='ocr_line' id='line_1_28' title="bbox 134 2037 1018 2091; baseline 0.003 -13"><span class='ocrx_word' id='word_1_158' title='bbox 134 2038 179 2078; x_wconf 87' lang='lat' dir='ltr'><strong>ni</strong></span> <span class='ocrx_word' id='word_1_159' title='bbox 199 2038 327 2091; x_wconf 89' lang='lat' dir='ltr'><strong>primi</strong></span> <span class='ocrx_word' id='word_1_160' title='bbox 343 2037 470 2090; x_wconf 85' lang='lat' dir='ltr'><strong>hujus</strong></span> <span class='ocrx_word' id='word_1_161' title='bbox 487 2038 591 2078; x_wconf 89' lang='lat' dir='ltr'><strong>belli</strong></span> <span class='ocrx_word' id='word_1_162' title='bbox 610 2038 768 2079; x_wconf 90' lang='lat' dir='ltr'><strong>Punici</strong></span> <span class='ocrx_word' id='word_1_163' title='bbox 790 2040 1018 2081; x_wconf 85' lang='lat' dir='ltr'><strong>1v111.0-</strong></span> 
     </span>
     <span class='ocr_line' id='line_1_29' title="bbox 137 2100 1017 2152; baseline 0.005 -13"><span class='ocrx_word' id='word_1_164' title='bbox 137 2100 340 2152; x_wconf 88' lang='lat' dir='ltr'><strong>lympiad.</strong></span> <span class='ocrx_word' id='word_1_165' title='bbox 374 2110 578 2141; x_wconf 81' lang='lat' dir='ltr'><strong>cxxxnr.</strong></span> <span class='ocrx_word' id='word_1_166' title='bbox 620 2113 730 2142; x_wconf 84' lang='lat' dir='ltr'><strong>anno</strong></span> <span class='ocrx_word' id='word_1_167' title='bbox 759 2109 904 2143; x_wconf 82' lang='lat' dir='ltr'><strong>autem</strong></span> <span class='ocrx_word' id='word_1_168' title='bbox 935 2102 1017 2143; x_wconf 89' lang='lat' dir='ltr'><strong>Ur-</strong></span> 
     </span>
     <span class='ocr_line' id='line_1_30' title="bbox 135 2163 1017 2218; baseline 0.002 -15"><span class='ocrx_word' id='word_1_169' title='bbox 135 2163 198 2203; x_wconf 90' lang='lat' dir='ltr'><strong>bis</strong></span> <span class='ocrx_word' id='word_1_170' title='bbox 212 2174 303 2204; x_wconf 79' lang='lat' dir='ltr'><strong>mv.</strong></span> <span class='ocrx_word' id='word_1_171' title='bbox 342 2163 567 2204; x_wconf 79' lang='lat' dir='ltr'><strong>Hamilcar</strong></span> <span class='ocrx_word' id='word_1_172' title='bbox 585 2163 699 2204; x_wconf 87' lang='lat' dir='ltr'><strong>bello</strong></span> <span class='ocrx_word' id='word_1_173' title='bbox 712 2164 814 2205; x_wconf 90' lang='lat' dir='ltr'><strong>huic</strong></span> <span class='ocrx_word' id='word_1_174' title='bbox 833 2163 1017 2218; x_wconf 79' lang='lat' dir='ltr'><strong>praefec-</strong></span> 
     </span>
     <span class='ocr_line' id='line_1_31' title="bbox 135 2225 1016 2281; baseline 0.002 -15"><span class='ocrx_word' id='word_1_175' title='bbox 135 2231 221 2277; x_wconf 88' lang='lat' dir='ltr'><strong>tus,</strong></span> <span class='ocrx_word' id='word_1_176' title='bbox 239 2225 382 2266; x_wconf 82' lang='lat' dir='ltr'><strong>Italiae</strong></span> <span class='ocrx_word' id='word_1_177' title='bbox 402 2237 521 2267; x_wconf 88' lang='lat' dir='ltr'><strong>oram</strong></span> <span class='ocrx_word' id='word_1_178' title='bbox 551 2226 808 2268; x_wconf 77' lang='lat' dir='ltr'><strong>maritimam</strong></span> <span class='ocrx_word' id='word_1_179' title='bbox 839 2228 1016 2281; x_wconf 88' lang='lat' dir='ltr'><strong>popula·</strong></span> 
     </span>
     <span class='ocr_line' id='line_1_32' title="bbox 138 2287 838 2340; baseline 0.001 -12"><span class='ocrx_word' id='word_1_180' title='bbox 138 2294 207 2328; x_wconf 87' lang='lat' dir='ltr'><strong>tus</strong></span> <span class='ocrx_word' id='word_1_181' title='bbox 225 2293 309 2329; x_wconf 88' lang='lat' dir='ltr'><strong>est.</strong></span> <span class='ocrx_word' id='word_1_182' title='bbox 363 2287 519 2340; x_wconf 84' lang='lat' dir='ltr'><strong>Polyb.</strong></span> <span class='ocrx_word' id='word_1_183' title='bbox 537 2300 578 2329; x_wconf 86' lang='lat' dir='ltr'><strong>v.</strong></span> <span class='ocrx_word' id='word_1_184' title='bbox 598 2293 666 2330; x_wconf 80' lang='lat'><strong>56.</strong></span> <span class='ocrx_word' id='word_1_185' title='bbox 695 2290 838 2330; x_wconf 75' lang='lat' dir='ltr'><strong>Ernst.</strong></span> 
     </span>
    </p>

    <p class='ocr_par' dir='ltr' id='par_1_5' title="bbox 130 2351 1017 2909">
     <span class='ocr_line' id='line_1_33' title="bbox 183 2351 1017 2405; baseline 0.001 -13"><span class='ocrx_word' id='word_1_186' title='bbox 183 2351 406 2392; x_wconf 69' lang='lat' dir='ltr'><strong>Admodum</strong></span> <span class='ocrx_word' id='word_1_187' title='bbox 418 2351 743 2404; x_wconf 68' lang='lat' dir='ltr'><strong>adauxerit-alus]</strong></span> <span class='ocrx_word' id='word_1_188' title='bbox 758 2352 810 2392; x_wconf 90' lang='lat' dir='ltr'><strong>Id</strong></span> <span class='ocrx_word' id='word_1_189' title='bbox 823 2357 906 2404; x_wconf 86' lang='lat' dir='ltr'><strong>est,</strong></span> <span class='ocrx_word' id='word_1_190' title='bbox 921 2364 1017 2405; x_wconf 87' lang='lat' dir='ltr'><strong>per·</strong></span> 
     </span>
     <span class='ocr_line' id='line_1_34' title="bbox 133 2414 1017 2468; baseline 0 -12"><span class='ocrx_word' id='word_1_191' title='bbox 133 2414 493 2463; x_wconf 78' lang='lat' dir='ltr'><strong>adolescentulus,</strong></span> <span class='ocrx_word' id='word_1_192' title='bbox 510 2419 561 2456; x_wconf 87' lang='lat' dir='ltr'><strong>ut</strong></span> <span class='ocrx_word' id='word_1_193' title='bbox 584 2415 773 2468; x_wconf 89' lang='lat' dir='ltr'><strong>loquitur</strong></span> <span class='ocrx_word' id='word_1_194' title='bbox 792 2415 836 2456; x_wconf 90' lang='lat' dir='ltr'><strong>in</strong></span> <span class='ocrx_word' id='word_1_195' title='bbox 863 2417 1017 2458; x_wconf 88' lang='lat' dir='ltr'><strong>Eume·</strong></span> 
     </span>
     <span class='ocr_line' id='line_1_35' title="bbox 132 2477 1015 2522; baseline 0.005 -4"><span class='ocrx_word' id='word_1_196' title='bbox 132 2490 202 2519; x_wconf 87' lang='lat' dir='ltr'><strong>ne.</strong></span> <span class='ocrx_word' id='word_1_197' title='bbox 222 2477 402 2519; x_wconf 70' lang='lat' dir='ltr'><strong>Lambini.</strong></span> <span class='ocrx_word' id='word_1_198' title='bbox 456 2479 629 2520; x_wconf 77' lang='lat' dir='ltr'><strong>Tacitus</strong></span> <span class='ocrx_word' id='word_1_199' title='bbox 649 2478 763 2520; x_wconf 85' lang='lat' dir='ltr'><strong>Anu.</strong></span> <span class='ocrx_word' id='word_1_200' title='bbox 779 2479 855 2522; x_wconf 90' lang='lat' dir='ltr'><strong>lib.</strong></span> <span class='ocrx_word' id='word_1_201' title='bbox 874 2492 939 2522; x_wconf 76' lang='grc' dir='ltr'><strong>ιν.</strong></span> <span class='ocrx_word' id='word_1_202' title='bbox 959 2480 1015 2522; x_wconf 90' lang='lat' dir='ltr'><strong>de</strong></span> 
     </span>
     <span class='ocr_line' id='line_1_36' title="bbox 134 2539 1016 2584; baseline 0.001 -2"><span class='ocrx_word' id='word_1_203' title='bbox 134 2542 182 2582; x_wconf 87' lang='lat' dir='ltr'><strong>L.</strong></span> <span class='ocrx_word' id='word_1_204' title='bbox 203 2539 452 2583; x_wconf 81' lang='lat' dir='ltr'><strong>Antonino:</strong></span> <span class='ocrx_word' id='word_1_205' title='bbox 480 2541 494 2564; x_wconf 89' lang='lat'>‘</span> <span class='ocrx_word' id='word_1_206' title='bbox 511 2543 643 2583; x_wconf 88' lang='lat' dir='ltr'><strong>Hunc</strong></span> <span class='ocrx_word' id='word_1_207' title='bbox 672 2542 899 2583; x_wconf 76' lang='lat' dir='ltr'><strong>admodum</strong></span> <span class='ocrx_word' id='word_1_208' title='bbox 917 2544 1016 2584; x_wconf 87' lang='lat' dir='ltr'><strong>ado·</strong></span> 
     </span>
     <span class='ocr_line' id='line_1_37' title="bbox 130 2604 1017 2657; baseline 0.006 -15"><span class='ocrx_word' id='word_1_209' title='bbox 130 2604 416 2645; x_wconf 85' lang='lat' dir='ltr'><strong>lescentulum</strong></span> <span class='ocrx_word' id='word_1_210' title='bbox 431 2604 590 2645; x_wconf 89' lang='lat' dir='ltr'><strong>sororis</strong></span> <span class='ocrx_word' id='word_1_211' title='bbox 605 2610 808 2657; x_wconf 81' lang='lat' dir='ltr'><strong>nepotem</strong></span> <span class='ocrx_word' id='word_1_212' title='bbox 823 2607 1017 2657; x_wconf 82' lang='lat' dir='ltr'><strong>seposuit</strong></span> 
     </span>
     <span class='ocr_line' id='line_1_38' title="bbox 134 2665 1015 2719; baseline 0.003 -12"><span class='ocrx_word' id='word_1_213' title='bbox 134 2665 356 2719; x_wconf 80' lang='lat' dir='ltr'><strong>Augustus</strong></span> <span class='ocrx_word' id='word_1_214' title='bbox 387 2667 432 2707; x_wconf 90' lang='lat' dir='ltr'><strong>in</strong></span> <span class='ocrx_word' id='word_1_215' title='bbox 472 2667 695 2708; x_wconf 80' lang='lat' dir='ltr'><strong>civitatem</strong></span> <span class='ocrx_word' id='word_1_216' title='bbox 735 2669 1015 2710; x_wconf 84' lang='lat' dir='ltr'><strong>Massiliensi·</strong></span> 
     </span>
     <span class='ocr_line' id='line_1_39' title="bbox 133 2729 1016 2785; baseline 0.003 -15"><span class='ocrx_word' id='word_1_217' title='bbox 133 2729 232 2771; x_wconf 88' lang='lat' dir='ltr'><strong>um.&#39;</strong></span> <span class='ocrx_word' id='word_1_218' title='bbox 285 2729 461 2771; x_wconf 83' lang='lat' dir='ltr'><strong>Curtius</strong></span> <span class='ocrx_word' id='word_1_219' title='bbox 496 2730 510 2753; x_wconf 87' lang='lat'>‘</span> <span class='ocrx_word' id='word_1_220' title='bbox 526 2730 754 2772; x_wconf 83' lang='lat' dir='ltr'><strong>admodum</strong></span> <span class='ocrx_word' id='word_1_221' title='bbox 780 2732 988 2785; x_wconf 86' lang='lat' dir='ltr'><strong>juvenem</strong></span> <span class='ocrx_word' id='word_1_222' title='bbox 1003 2732 1016 2751; x_wconf 93' lang='lat'>’</span> 
     </span>
     <span class='ocr_line' id='line_1_40' title="bbox 132 2793 1016 2849; baseline 0.005 -16"><span class='ocrx_word' id='word_1_223' title='bbox 132 2794 257 2835; x_wconf 88' lang='lat' dir='ltr'><strong>dixit.</strong></span> <span class='ocrx_word' id='word_1_224' title='bbox 283 2804 368 2835; x_wconf 85' lang='lat' dir='ltr'><strong>vn.</strong></span> <span class='ocrx_word' id='word_1_225' title='bbox 395 2793 594 2835; x_wconf 81' lang='lat' dir='ltr'><strong>Justinua</strong></span> <span class='ocrx_word' id='word_1_226' title='bbox 621 2795 634 2818; x_wconf 89' lang='lat'>‘</span> <span class='ocrx_word' id='word_1_227' title='bbox 651 2793 880 2836; x_wconf 84' lang='lat' dir='ltr'><strong>admodum</strong></span> <span class='ocrx_word' id='word_1_228' title='bbox 915 2807 1016 2849; x_wconf 88' lang='lat' dir='ltr'><strong>pue·</strong></span> 
     </span>
     <span class='ocr_line' id='line_1_41' title="bbox 132 2856 789 2909; baseline 0.005 -13"><span class='ocrx_word' id='word_1_229' title='bbox 132 2857 252 2908; x_wconf 88' lang='lat' dir='ltr'><strong>rum,’</strong></span> <span class='ocrx_word' id='word_1_230' title='bbox 270 2861 316 2896; x_wconf 88' lang='lat' dir='ltr'><strong>et</strong></span> <span class='ocrx_word' id='word_1_231' title='bbox 344 2857 357 2880; x_wconf 90' lang='lat'>‘</span> <span class='ocrx_word' id='word_1_232' title='bbox 373 2856 630 2909; x_wconf 72' lang='lat' dir='ltr'><strong>parvulum!</strong></span> <span class='ocrx_word' id='word_1_233' title='bbox 661 2858 789 2899; x_wconf 68' lang='lat' dir='ltr'><strong>Gema.</strong></span> 
     </span>
    </p>

    <p class='ocr_par' dir='ltr' id='par_1_6' title="bbox 132 2922 1015 3026">
     <span class='ocr_line' id='line_1_42' title="bbox 183 2922 1015 2977; baseline 0.006 -14"><span class='ocrx_word' id='word_1_234' title='bbox 183 2924 291 2964; x_wconf 73' lang='lat' dir='ltr'><strong>Ante</strong></span> <span class='ocrx_word' id='word_1_235' title='bbox 308 2922 392 2972; x_wconf 69' lang='lat' dir='ltr'><strong>eius</strong></span> <span class='ocrx_word' id='word_1_236' title='bbox 407 2924 634 2976; x_wconf 74' lang='lat' dir='ltr'><strong>adventum]</strong></span> <span class='ocrx_word' id='word_1_237' title='bbox 662 2926 744 2966; x_wconf 87' lang='lat' dir='ltr'><strong>Ms.</strong></span> <span class='ocrx_word' id='word_1_238' title='bbox 764 2930 837 2967; x_wconf 74' lang='lat' dir='ltr'><strong>aut</strong></span> <span class='ocrx_word' id='word_1_239' title='bbox 848 2924 930 2977; x_wconf 68' lang='lat' dir='ltr'><strong>qy‘us</strong></span> <span class='ocrx_word' id='word_1_240' title='bbox 945 2928 1015 2968; x_wconf 74' lang='lat' dir='ltr'><strong>aa·</strong></span> 
     </span>
     <span class='ocr_line' id='line_1_43' title="bbox 132 2990 262 3026; baseline 0 -1"><span class='ocrx_word' id='word_1_241' title='bbox 132 2990 262 3026; x_wconf 72' lang='lat' dir='ltr'><strong>ventu.-</strong></span> 
     </span>
    </p>

    <p class='ocr_par' dir='ltr' id='par_1_7' title="bbox 129 3048 1013 3466">
     <span class='ocr_line' id='line_1_44' title="bbox 187 3048 1013 3105; baseline 0.007 -18"><span class='ocrx_word' id='word_1_242' title='bbox 187 3048 322 3100; x_wconf 80' lang='lat' dir='ltr'><strong>Neque</strong></span> <span class='ocrx_word' id='word_1_243' title='bbox 352 3049 476 3089; x_wconf 80' lang='lat' dir='ltr'><strong>locum</strong></span> <span class='ocrx_word' id='word_1_244' title='bbox 501 3051 664 3091; x_wconf 76' lang='lat' dir='ltr'><strong>nocendi</strong></span> <span class='ocrx_word' id='word_1_245' title='bbox 692 3050 823 3103; x_wconf 76' lang='lat' dir='ltr'><strong>dedit]</strong></span> <span class='ocrx_word' id='word_1_246' title='bbox 859 3051 1013 3105; x_wconf 86' lang='lat' dir='ltr'><strong>Neque</strong></span> 
     </span>
     <span class='ocr_line' id='line_1_45' title="bbox 130 3109 1013 3165; baseline 0.008 -16"><span class='ocrx_word' id='word_1_247' title='bbox 130 3110 323 3151; x_wconf 80' lang='lat' dir='ltr'><strong>hostibus</strong></span> <span class='ocrx_word' id='word_1_248' title='bbox 348 3109 618 3165; x_wconf 80' lang='lat' dir='ltr'><strong>facultatem,</strong></span> <span class='ocrx_word' id='word_1_249' title='bbox 637 3120 714 3154; x_wconf 85' lang='lat' dir='ltr'><strong>aut</strong></span> <span class='ocrx_word' id='word_1_250' title='bbox 743 3114 1013 3156; x_wconf 82' lang='lat' dir='ltr'><strong>occasionem</strong></span> 
     </span>
     <span class='ocr_line' id='line_1_46' title="bbox 133 3172 1013 3218; baseline 0.008 -7"><span class='ocrx_word' id='word_1_251' title='bbox 133 3172 318 3212; x_wconf 87' lang='lat' dir='ltr'><strong>nocendi</strong></span> <span class='ocrx_word' id='word_1_252' title='bbox 350 3172 486 3214; x_wconf 84' lang='lat' dir='ltr'><strong>dedit.</strong></span> <span class='ocrx_word' id='word_1_253' title='bbox 518 3174 658 3216; x_wconf 74' lang='lat' dir='ltr'><strong>Lamb.</strong></span> <span class='ocrx_word' id='word_1_254' title='bbox 727 3175 1013 3218; x_wconf 81' lang='lat' dir='ltr'><strong>Occasionem</strong></span> 
     </span>
     <span class='ocr_line' id='line_1_47' title="bbox 130 3236 1012 3291; baseline 0.007 -16"><span class='ocrx_word' id='word_1_255' title='bbox 130 3236 315 3287; x_wconf 84' lang='lat' dir='ltr'><strong>aperuit,</strong></span> <span class='ocrx_word' id='word_1_256' title='bbox 354 3241 404 3276; x_wconf 84' lang='lat' dir='ltr'><strong>ut</strong></span> <span class='ocrx_word' id='word_1_257' title='bbox 438 3236 587 3277; x_wconf 85' lang='lat' dir='ltr'><strong>hostes</strong></span> <span class='ocrx_word' id='word_1_258' title='bbox 622 3249 779 3279; x_wconf 84' lang='lat' dir='ltr'><strong>nocere</strong></span> <span class='ocrx_word' id='word_1_259' title='bbox 821 3245 1012 3291; x_wconf 84' lang='lat' dir='ltr'><strong>possent.</strong></span> 
     </span>
     <span class='ocr_line' id='line_1_48' title="bbox 129 3297 1011 3355; baseline 0.006 -17"><span class='ocrx_word' id='word_1_260' title='bbox 129 3298 204 3338; x_wconf 87' lang='lat' dir='ltr'><strong>Sic</strong></span> <span class='ocrx_word' id='word_1_261' title='bbox 233 3309 367 3351; x_wconf 82' lang='lat' dir='ltr'><strong>supra</strong></span> <span class='ocrx_word' id='word_1_262' title='bbox 391 3297 623 3351; x_wconf 82' lang='lat' dir='ltr'><strong>Pelopida:</strong></span> <span class='ocrx_word' id='word_1_263' title='bbox 651 3299 765 3341; x_wconf 85' lang='lat' dir='ltr'><strong>‘Sed</strong></span> <span class='ocrx_word' id='word_1_264' title='bbox 793 3308 840 3342; x_wconf 88' lang='lat' dir='ltr'><strong>ut</strong></span> <span class='ocrx_word' id='word_1_265' title='bbox 865 3313 1011 3355; x_wconf 86' lang='lat' dir='ltr'><strong>quem·</strong></span> 
     </span>
     <span class='ocr_line' id='line_1_49' title="bbox 131 3362 1012 3414; baseline 0.005 -14"><span class='ocrx_word' id='word_1_266' title='bbox 131 3373 300 3414; x_wconf 87' lang='lat' dir='ltr'><strong>cunque</strong></span> <span class='ocrx_word' id='word_1_267' title='bbox 320 3374 374 3401; x_wconf 80' lang='lat' dir='ltr'><strong>ex</strong></span> <span class='ocrx_word' id='word_1_268' title='bbox 394 3362 589 3414; x_wconf 83' lang='lat' dir='ltr'><strong>proximo</strong></span> <span class='ocrx_word' id='word_1_269' title='bbox 619 3363 758 3403; x_wconf 87' lang='lat' dir='ltr'><strong>locum</strong></span> <span class='ocrx_word' id='word_1_270' title='bbox 776 3362 866 3404; x_wconf 81' lang='lat' dir='ltr'><strong>fors</strong></span> <span class='ocrx_word' id='word_1_271' title='bbox 886 3363 1012 3404; x_wconf 84' lang='lat' dir='ltr'><strong>obtu-</strong></span> 
     </span>
     <span class='ocr_line' id='line_1_50' title="bbox 131 3424 511 3466; baseline 0.008 -3"><span class='ocrx_word' id='word_1_272' title='bbox 131 3424 284 3465; x_wconf 64' lang='lat' dir='ltr'><strong>iisset!</strong></span> <span class='ocrx_word' id='word_1_273' title='bbox 313 3425 511 3466; x_wconf 76' lang='lat' dir='ltr'><strong>Gebhard.</strong></span> 
     </span>
    </p>

    <p class='ocr_par' dir='ltr' id='par_1_8' title="bbox 187 3487 1010 3542">
     <span class='ocr_line' id='line_1_51' title="bbox 187 3487 1010 3542; baseline 0.005 -16"><span class='ocrx_word' id='word_1_274' title='bbox 187 3487 261 3527; x_wconf 79' lang='lat' dir='ltr'><strong>Ille</strong></span> <span class='ocrx_word' id='word_1_275' title='bbox 296 3489 463 3541; x_wconf 80' lang='lat' dir='ltr'><strong>Erycem</strong></span> <span class='ocrx_word' id='word_1_276' title='bbox 490 3490 547 3531; x_wconf 82' lang='lat' dir='ltr'><strong>sic</strong></span> <span class='ocrx_word' id='word_1_277' title='bbox 578 3489 777 3541; x_wconf 79' lang='lat' dir='ltr'><strong>defendit]</strong></span> <span class='ocrx_word' id='word_1_278' title='bbox 807 3488 902 3530; x_wconf 81' lang='lat' dir='ltr'><strong>Iino</strong></span> <span class='ocrx_word' id='word_1_279' title='bbox 934 3501 1010 3542; x_wconf 89' lang='lat' dir='ltr'><strong>op·</strong></span> 
     </span>
    </p>
   </div>
   <div class='ocr_carea' id='block_1_3' title="bbox 1077 1278 1248 1329">
    <p class='ocr_par' dir='ltr' id='par_1_9' title="bbox 1077 1278 1248 1329">
     <span class='ocr_line' id='line_1_52' title="bbox 1077 1278 1248 1329; baseline -0.006 -10"><span class='ocrx_word' id='word_1_280' title='bbox 1077 1278 1248 1329; x_wconf 76' lang='grc' dir='ltr'><strong>Ἔλυμα.</strong></span> 
     </span>
    </p>
   </div>
   <div class='ocr_carea' id='block_1_4' title="bbox 1863 256 1970 309">
    <p class='ocr_par' dir='ltr' id='par_1_10' title="bbox 1863 256 1970 309">
     <span class='ocr_line' id='line_1_53' title="bbox 1863 256 1970 309; baseline 0 0"><span class='ocrx_word' id='word_1_281' title='bbox 1863 256 1970 309; x_wconf 84' lang='grc'><strong>637</strong></span> 
     </span>
    </p>
   </div>
   <div class='ocr_carea' id='block_1_5' title="bbox 1069 384 1974 3547">
    <p class='ocr_par' dir='ltr' id='par_1_11' title="bbox 1079 384 1974 1700">
     <span class='ocr_line' id='line_1_54' title="bbox 1087 384 1973 440; baseline -0.005 -10"><span class='ocrx_word' id='word_1_282' title='bbox 1087 389 1309 440; x_wconf 78' lang='lat' dir='ltr'><strong>pugnavit.</strong></span> <span class='ocrx_word' id='word_1_283' title='bbox 1364 388 1478 429; x_wconf 86' lang='lat' dir='ltr'><strong>Nam</strong></span> <span class='ocrx_word' id='word_1_284' title='bbox 1505 386 1714 434; x_wconf 81' lang='lat' dir='ltr'><strong>tenebant</strong></span> <span class='ocrx_word' id='word_1_285' title='bbox 1744 384 1927 427; x_wconf 84' lang='lat' dir='ltr'><strong>Romani</strong></span> <span class='ocrx_word' id='word_1_286' title='bbox 1946 398 1973 426; x_wconf 85' lang='lat' dir='ltr'><strong>a</strong></span> 
     </span>
     <span class='ocr_line' id='line_1_55' title="bbox 1086 449 1972 504; baseline -0.003 -11"><span class='ocrx_word' id='word_1_287' title='bbox 1086 451 1136 493; x_wconf 90' lang='lat' dir='ltr'><strong>L.</strong></span> <span class='ocrx_word' id='word_1_288' title='bbox 1153 451 1286 494; x_wconf 83' lang='lat' dir='ltr'><strong>Junio</strong></span> <span class='ocrx_word' id='word_1_289' title='bbox 1303 449 1448 504; x_wconf 86' lang='lat' dir='ltr'><strong>paullo</strong></span> <span class='ocrx_word' id='word_1_290' title='bbox 1480 456 1582 492; x_wconf 87' lang='lat' dir='ltr'><strong>ante</strong></span> <span class='ocrx_word' id='word_1_291' title='bbox 1599 452 1791 503; x_wconf 79' lang='lat' dir='ltr'><strong>captum,</strong></span> <span class='ocrx_word' id='word_1_292' title='bbox 1806 453 1858 490; x_wconf 86' lang='lat' dir='ltr'><strong>nt</strong></span> <span class='ocrx_word' id='word_1_293' title='bbox 1883 453 1972 490; x_wconf 88' lang='lat' dir='ltr'><strong>tes-</strong></span> 
     </span>
     <span class='ocr_line' id='line_1_56' title="bbox 1087 511 1974 566; baseline -0.001 -11"><span class='ocrx_word' id='word_1_294' title='bbox 1087 519 1207 555; x_wconf 86' lang='lat' dir='ltr'><strong>tatur</strong></span> <span class='ocrx_word' id='word_1_295' title='bbox 1223 513 1380 566; x_wconf 85' lang='lat' dir='ltr'><strong>Polyb.</strong></span> <span class='ocrx_word' id='word_1_296' title='bbox 1406 513 1482 555; x_wconf 88' lang='lat' dir='ltr'><strong>lib.</strong></span> <span class='ocrx_word' id='word_1_297' title='bbox 1499 525 1533 556; x_wconf 85' lang='grc' dir='ltr'><strong>ι.</strong></span> <span class='ocrx_word' id='word_1_298' title='bbox 1558 513 1680 566; x_wconf 83' lang='lat' dir='ltr'><strong>cujus</strong></span> <span class='ocrx_word' id='word_1_299' title='bbox 1709 511 1844 554; x_wconf 86' lang='lat' dir='ltr'><strong>verba</strong></span> <span class='ocrx_word' id='word_1_300' title='bbox 1872 516 1974 554; x_wconf 82' lang='lat' dir='ltr'><strong>sunt</strong></span> 
     </span>
     <span class='ocr_line' id='line_1_57' title="bbox 1087 575 1973 631; baseline -0.001 -13"><span class='ocrx_word' id='word_1_301' title='bbox 1087 578 1206 619; x_wconf 80' lang='lat' dir='ltr'><strong>hoec:</strong></span> <span class='ocrx_word' id='word_1_302' title='bbox 1236 576 1310 618; x_wconf 74' lang='grc' dir='ltr'><strong>Διὸ</strong></span> <span class='ocrx_word' id='word_1_303' title='bbox 1326 576 1392 619; x_wconf 74' lang='grc' dir='ltr'><strong>καὶ</strong></span> <span class='ocrx_word' id='word_1_304' title='bbox 1407 578 1598 631; x_wconf 74' lang='grc' dir='ltr'><strong>βραχείας</strong></span> <span class='ocrx_word' id='word_1_305' title='bbox 1610 577 1717 628; x_wconf 74' lang='grc' dir='ltr'><strong>αὐτῷ’</strong></span> <span class='ocrx_word' id='word_1_306' title='bbox 1726 575 1973 629; x_wconf 75' lang='grc' dir='ltr'><strong>παραπεσού-</strong></span> 
     </span>
     <span class='ocr_line' id='line_1_58' title="bbox 1086 640 1972 695; baseline 0.001 -13"><span class='ocrx_word' id='word_1_307' title='bbox 1086 653 1160 690; x_wconf 69' lang='lat' dir='ltr'><strong>cns</strong></span> <span class='ocrx_word' id='word_1_308' title='bbox 1176 640 1349 695; x_wconf 71' lang='grc' dir='ltr'><strong><em>ἀφορμῆς</em></strong></span> <span class='ocrx_word' id='word_1_309' title='bbox 1365 640 1662 692; x_wconf 75' lang='grc' dir='ltr'><strong>καταλαμβάνει</strong></span> <span class='ocrx_word' id='word_1_310' title='bbox 1683 640 1972 694; x_wconf 70' lang='grc' dir='ltr'><strong>πραξικοπήσαι</strong></span> 
     </span>
     <span class='ocr_line' id='line_1_59' title="bbox 1086 703 1970 759; baseline 0.001 -14"><span class='ocrx_word' id='word_1_311' title='bbox 1086 703 1158 746; x_wconf 73' lang='grc' dir='ltr'><strong>τὸν</strong></span> <span class='ocrx_word' id='word_1_312' title='bbox 1175 705 1336 759; x_wconf 75' lang='grc' dir='ltr'><strong>Ἔρυκα,</strong></span> <span class='ocrx_word' id='word_1_313' title='bbox 1359 705 1424 747; x_wconf 76' lang='grc' dir='ltr'><strong>καὶ</strong></span> <span class='ocrx_word' id='word_1_314' title='bbox 1439 705 1590 756; x_wconf 70' lang='grc' dir='ltr'><strong>’γίνεται</strong></span> <span class='ocrx_word' id='word_1_315' title='bbox 1609 706 1680 746; x_wconf 78' lang='grc' dir='ltr'><strong>τοῦ</strong></span> <span class='ocrx_word' id='word_1_316' title='bbox 1691 720 1738 746; x_wconf 76' lang='grc' dir='ltr'><strong>τε</strong></span> <span class='ocrx_word' id='word_1_317' title='bbox 1749 707 1822 754; x_wconf 76' lang='grc' dir='ltr'><strong>τῆς</strong></span> <span class='ocrx_word' id='word_1_318' title='bbox 1832 707 1970 758; x_wconf 82' lang='grc' dir='ltr'><strong><em>Ἀφρο-</em></strong></span> 
     </span>
     <span class='ocr_line' id='line_1_60' title="bbox 1087 767 1971 822; baseline 0 -13"><span class='ocrx_word' id='word_1_319' title='bbox 1087 767 1196 817; x_wconf 78' lang='grc' dir='ltr'><strong><em>δίτης</em></strong></span> <span class='ocrx_word' id='word_1_320' title='bbox 1206 768 1308 822; x_wconf 79' lang='grc' dir='ltr'><strong><em>ἱεροῦ</em></strong></span> <span class='ocrx_word' id='word_1_321' title='bbox 1317 769 1385 810; x_wconf 72' lang='grc' dir='ltr'><strong>καὶ</strong></span> <span class='ocrx_word' id='word_1_322' title='bbox 1390 770 1466 818; x_wconf 72' lang='grc' dir='ltr'><strong>τῆς</strong></span> <span class='ocrx_word' id='word_1_323' title='bbox 1475 767 1628 810; x_wconf 72' lang='grc' dir='ltr'><strong>πόλεως</strong></span> <span class='ocrx_word' id='word_1_324' title='bbox 1634 767 1841 821; x_wconf 65' lang='grc' dir='ltr'><strong>ἐγκρατής.</strong></span> <span class='ocrx_word' id='word_1_325' title='bbox 1859 768 1971 809; x_wconf 89' lang='lat' dir='ltr'><strong>Vide</strong></span> 
     </span>
     <span class='ocr_line' id='line_1_61' title="bbox 1086 831 1973 886; baseline -0.003 -12"><span class='ocrx_word' id='word_1_326' title='bbox 1086 833 1315 886; x_wconf 83' lang='lat' dir='ltr'><strong>sequentia</strong></span> <span class='ocrx_word' id='word_1_327' title='bbox 1324 832 1382 874; x_wconf 90' lang='lat' dir='ltr'><strong>de</strong></span> <span class='ocrx_word' id='word_1_328' title='bbox 1395 832 1614 874; x_wconf 84' lang='lat' dir='ltr'><strong>obsidione</strong></span> <span class='ocrx_word' id='word_1_329' title='bbox 1623 832 1715 885; x_wconf 84' lang='lat' dir='ltr'><strong>ejus</strong></span> <span class='ocrx_word' id='word_1_330' title='bbox 1729 835 1879 873; x_wconf 86' lang='lat' dir='ltr'><strong>contra</strong></span> <span class='ocrx_word' id='word_1_331' title='bbox 1890 831 1973 872; x_wconf 88' lang='lat' dir='ltr'><strong>Ro-</strong></span> 
     </span>
     <span class='ocr_line' id='line_1_62' title="bbox 1086 894 1972 949; baseline -0.003 -12"><span class='ocrx_word' id='word_1_332' title='bbox 1086 907 1252 937; x_wconf 85' lang='lat' dir='ltr'><strong>manos.</strong></span> <span class='ocrx_word' id='word_1_333' title='bbox 1267 895 1451 938; x_wconf 76' lang='lat' dir='ltr'><strong>Lambin.</strong></span> <span class='ocrx_word' id='word_1_334' title='bbox 1482 895 1728 949; x_wconf 87' lang='lat' dir='ltr'><strong>Stephanus</strong></span> <span class='ocrx_word' id='word_1_335' title='bbox 1739 908 1751 936; x_wconf 74' lang='grc' dir='ltr'><strong>ε</strong></span> <span class='ocrx_word' id='word_1_336' title='bbox 1764 894 1972 948; x_wconf 73' lang='grc' dir='ltr'><strong>Ἔρυξ,πό-</strong></span> 
     </span>
     <span class='ocr_line' id='line_1_63' title="bbox 1087 957 1971 1013; baseline -0.001 -13"><span class='ocrx_word' id='word_1_337' title='bbox 1087 965 1152 1000; x_wconf 79' lang='grc' dir='ltr'><strong>λιι·</strong></span> <span class='ocrx_word' id='word_1_338' title='bbox 1168 958 1348 1002; x_wconf 74' lang='grc' dir='ltr'><strong>Σικελίας</strong></span> <span class='ocrx_word' id='word_1_339' title='bbox 1372 959 1595 1013; x_wconf 71' lang='grc' dir='ltr'><strong>ἀρσενικῶς,</strong></span> <span class='ocrx_word' id='word_1_340' title='bbox 1623 958 1700 1000; x_wconf 73' lang='grc' dir='ltr'><strong>ἀπὸ</strong></span> <span class='ocrx_word' id='word_1_341' title='bbox 1722 957 1886 1012; x_wconf 74' lang='grc' dir='ltr'><strong><em>Ἔρυκος</em></strong></span> <span class='ocrx_word' id='word_1_342' title='bbox 1898 958 1971 999; x_wconf 78' lang='grc' dir='ltr'><strong>τοῦ</strong></span> 
     </span>
     <span class='ocr_line' id='line_1_64' title="bbox 1085 1021 1973 1077; baseline -0.005 -13"><span class='ocrx_word' id='word_1_343' title='bbox 1085 1023 1316 1077; x_wconf 73' lang='grc' dir='ltr'><strong><em>Ἀφροδίτης</em></strong></span> <span class='ocrx_word' id='word_1_344' title='bbox 1328 1022 1394 1064; x_wconf 78' lang='grc' dir='ltr'><strong>καὶ</strong></span> <span class='ocrx_word' id='word_1_345' title='bbox 1407 1021 1544 1064; x_wconf 73' lang='lat' dir='ltr'><strong>Bi&#39;nov.</strong></span> <span class='ocrx_word' id='word_1_346' title='bbox 1573 1021 1854 1075; x_wconf 83' lang='lat' dir='ltr'><strong>Thucydides</strong></span> <span class='ocrx_word' id='word_1_347' title='bbox 1870 1022 1973 1074; x_wconf 77' lang='lat' dir='ltr'><strong>Ely-</strong></span> 
     </span>
     <span class='ocr_line' id='line_1_65' title="bbox 1086 1085 1969 1129; baseline -0.003 -1"><span class='ocrx_word' id='word_1_348' title='bbox 1086 1099 1252 1128; x_wconf 86' lang='lat' dir='ltr'><strong>morum</strong></span> <span class='ocrx_word' id='word_1_349' title='bbox 1270 1087 1399 1129; x_wconf 86' lang='lat' dir='ltr'><strong>nrbes</strong></span> <span class='ocrx_word' id='word_1_350' title='bbox 1417 1086 1462 1128; x_wconf 89' lang='lat' dir='ltr'><strong>in</strong></span> <span class='ocrx_word' id='word_1_351' title='bbox 1478 1085 1626 1128; x_wconf 86' lang='lat' dir='ltr'><strong>Sicilia</strong></span> <span class='ocrx_word' id='word_1_352' title='bbox 1653 1085 1762 1127; x_wconf 83' lang='lat' dir='ltr'><strong>duas</strong></span> <span class='ocrx_word' id='word_1_353' title='bbox 1784 1097 1882 1126; x_wconf 84' lang='lat' dir='ltr'><strong>esse</strong></span> <span class='ocrx_word' id='word_1_354' title='bbox 1902 1085 1969 1127; x_wconf 53' lang='grc' dir='ltr'><strong>(Ιί-Α</strong></span> 
     </span>
     <span class='ocr_line' id='line_1_66' title="bbox 1087 1147 1971 1204; baseline -0.002 -12"><span class='ocrx_word' id='word_1_355' title='bbox 1087 1151 1168 1203; x_wconf 86' lang='lat' dir='ltr'><strong>cit,</strong></span> <span class='ocrx_word' id='word_1_356' title='bbox 1177 1151 1365 1204; x_wconf 83' lang='lat' dir='ltr'><strong>Erycem</strong></span> <span class='ocrx_word' id='word_1_357' title='bbox 1379 1155 1426 1192; x_wconf 87' lang='lat' dir='ltr'><strong>et</strong></span> <span class='ocrx_word' id='word_1_358' title='bbox 1438 1151 1654 1202; x_wconf 77' lang='lat' dir='ltr'><strong>Egestam.</strong></span> <span class='ocrx_word' id='word_1_359' title='bbox 1671 1147 1829 1199; x_wconf 75' lang='grc' dir='ltr'><strong>Ἔλυμα</strong></span> <span class='ocrx_word' id='word_1_360' title='bbox 1842 1154 1971 1190; x_wconf 83' lang='lat' dir='ltr'><strong>vocat</strong></span> 
     </span>
     <span class='ocr_line' id='line_1_67' title="bbox 1086 1211 1971 1269; baseline -0.005 -13"><span class='ocrx_word' id='word_1_361' title='bbox 1086 1215 1323 1269; x_wconf 87' lang='lat' dir='ltr'><strong>Dionysius</strong></span> <span class='ocrx_word' id='word_1_362' title='bbox 1354 1227 1434 1268; x_wconf 88' lang='lat' dir='ltr'><strong>pro</strong></span> <span class='ocrx_word' id='word_1_363' title='bbox 1463 1214 1606 1266; x_wconf 85' lang='lat' dir='ltr'><strong>Eryce</strong></span> <span class='ocrx_word' id='word_1_364' title='bbox 1622 1226 1637 1254; x_wconf 73' lang='grc' dir='ltr'><strong>ι</strong></span> <span class='ocrx_word' id='word_1_365' title='bbox 1674 1211 1877 1264; x_wconf 53' lang='lat' dir='ltr'><strong>alvia-rau</strong></span> <span class='ocrx_word' id='word_1_366' title='bbox 1903 1211 1971 1253; x_wconf 72' lang='lat' dir='ltr'><strong>nal</strong></span> 
     </span>
     <span class='ocr_line' id='line_1_68' title="bbox 1302 1275 1971 1329; baseline -0.006 -9"><span class='ocrx_word' id='word_1_367' title='bbox 1302 1276 1506 1321; x_wconf 78' lang='lat' dir='ltr'><strong>Quinimo</strong></span> <span class='ocrx_word' id='word_1_368' title='bbox 1527 1275 1701 1327; x_wconf 72' lang='grc' dir='ltr'><strong>Ἐλνμον</strong></span> <span class='ocrx_word' id='word_1_369' title='bbox 1719 1277 1971 1329; x_wconf 87' lang='lat' dir='ltr'><strong>appellabat</strong></span> 
     </span>
     <span class='ocr_line' id='line_1_69' title="bbox 1083 1339 1968 1395; baseline -0.006 -11"><span class='ocrx_word' id='word_1_370' title='bbox 1083 1349 1290 1394; x_wconf 88' lang='lat' dir='ltr'><strong>montem,</strong></span> <span class='ocrx_word' id='word_1_371' title='bbox 1309 1341 1383 1395; x_wconf 90' lang='lat' dir='ltr'><strong>qui</strong></span> <span class='ocrx_word' id='word_1_372' title='bbox 1402 1340 1497 1382; x_wconf 87' lang='lat' dir='ltr'><strong>aliis</strong></span> <span class='ocrx_word' id='word_1_373' title='bbox 1509 1339 1638 1393; x_wconf 73' lang='grc' dir='ltr'><strong>Ἔρυξ.</strong></span> <span class='ocrx_word' id='word_1_374' title='bbox 1678 1341 1807 1381; x_wconf 90' lang='lat' dir='ltr'><strong>Mons</strong></span> <span class='ocrx_word' id='word_1_375' title='bbox 1824 1345 1968 1380; x_wconf 88' lang='lat' dir='ltr'><strong>autem</strong></span> 
     </span>
     <span class='ocr_line' id='line_1_70' title="bbox 1083 1403 1969 1458; baseline -0.005 -13"><span class='ocrx_word' id='word_1_376' title='bbox 1083 1406 1220 1457; x_wconf 78' lang='lat' dir='ltr'><strong>Eryx,</strong></span> <span class='ocrx_word' id='word_1_377' title='bbox 1231 1405 1277 1445; x_wconf 94' lang='lat' dir='ltr'><strong>in</strong></span> <span class='ocrx_word' id='word_1_378' title='bbox 1295 1417 1380 1458; x_wconf 90' lang='lat' dir='ltr'><strong>qua</strong></span> <span class='ocrx_word' id='word_1_379' title='bbox 1398 1403 1516 1444; x_wconf 87' lang='lat' dir='ltr'><strong>Urbs</strong></span> <span class='ocrx_word' id='word_1_380' title='bbox 1531 1405 1692 1456; x_wconf 86' lang='lat' dir='ltr'><strong>Eryce,</strong></span> <span class='ocrx_word' id='word_1_381' title='bbox 1707 1414 1838 1455; x_wconf 85' lang='lat' dir='ltr'><strong>supra</strong></span> <span class='ocrx_word' id='word_1_382' title='bbox 1852 1403 1969 1442; x_wconf 89' lang='lat' dir='ltr'><strong>Dre-</strong></span> 
     </span>
     <span class='ocr_line' id='line_1_71' title="bbox 1082 1466 1966 1521; baseline -0.003 -13"><span class='ocrx_word' id='word_1_383' title='bbox 1082 1480 1256 1521; x_wconf 89' lang='lat' dir='ltr'><strong>panum.</strong></span> <span class='ocrx_word' id='word_1_384' title='bbox 1285 1467 1482 1509; x_wconf 84' lang='lat' dir='ltr'><strong>Servius:</strong></span> <span class='ocrx_word' id='word_1_385' title='bbox 1498 1468 1511 1489; x_wconf 88' lang='lat'>‘</span> <span class='ocrx_word' id='word_1_386' title='bbox 1524 1468 1659 1520; x_wconf 84' lang='lat' dir='ltr'><strong>Eryx,</strong></span> <span class='ocrx_word' id='word_1_387' title='bbox 1672 1478 1793 1507; x_wconf 84' lang='lat' dir='ltr'><strong>mons</strong></span> <span class='ocrx_word' id='word_1_388' title='bbox 1805 1466 1966 1506; x_wconf 76' lang='lat' dir='ltr'><strong>Siciliae</strong></span> 
     </span>
     <span class='ocr_line' id='line_1_72' title="bbox 1082 1530 1968 1585; baseline -0.005 -12"><span class='ocrx_word' id='word_1_389' title='bbox 1082 1544 1214 1585; x_wconf 88' lang='lat' dir='ltr'><strong>snpra</strong></span> <span class='ocrx_word' id='word_1_390' title='bbox 1245 1530 1525 1584; x_wconf 60' lang='lat' dir='ltr'><strong>Drepanum?</strong></span> <span class='ocrx_word' id='word_1_391' title='bbox 1551 1530 1724 1572; x_wconf 79' lang='lat' dir='ltr'><strong>Salmas.</strong></span> <span class='ocrx_word' id='word_1_392' title='bbox 1777 1530 1850 1571; x_wconf 89' lang='lat' dir='ltr'><strong>De</strong></span> <span class='ocrx_word' id='word_1_393' title='bbox 1880 1530 1968 1570; x_wconf 88' lang='lat' dir='ltr'><strong>situ</strong></span> 
     </span>
     <span class='ocr_line' id='line_1_73' title="bbox 1081 1593 1968 1648; baseline -0.001 -13"><span class='ocrx_word' id='word_1_394' title='bbox 1081 1595 1173 1647; x_wconf 86' lang='lat' dir='ltr'><strong>ejus</strong></span> <span class='ocrx_word' id='word_1_395' title='bbox 1207 1600 1412 1636; x_wconf 87' lang='lat' dir='ltr'><strong>accurate</strong></span> <span class='ocrx_word' id='word_1_396' title='bbox 1445 1595 1561 1636; x_wconf 86' lang='lat' dir='ltr'><strong>inter</strong></span> <span class='ocrx_word' id='word_1_397' title='bbox 1588 1594 1695 1635; x_wconf 85' lang='lat' dir='ltr'><strong>alios</strong></span> <span class='ocrx_word' id='word_1_398' title='bbox 1741 1593 1968 1648; x_wconf 85' lang='lat' dir='ltr'><strong>Polybius,</strong></span> 
     </span>
     <span class='ocr_line' id='line_1_74' title="bbox 1079 1658 1205 1700; baseline 0.008 -1"><span class='ocrx_word' id='word_1_399' title='bbox 1079 1658 1155 1700; x_wconf 88' lang='lat' dir='ltr'><strong>lib.</strong></span> <span class='ocrx_word' id='word_1_400' title='bbox 1172 1670 1205 1700; x_wconf 89' lang='lat'><strong>1.</strong></span> 
     </span>
    </p>

    <p class='ocr_par' dir='ltr' id='par_1_12' title="bbox 1082 1720 1967 1838">
     <span class='ocr_line' id='line_1_75' title="bbox 1135 1720 1967 1773; baseline -0.001 -11"><span class='ocrx_word' id='word_1_401' title='bbox 1135 1721 1304 1762; x_wconf 79' lang='lat' dir='ltr'><strong>Interim</strong></span> <span class='ocrx_word' id='word_1_402' title='bbox 1337 1720 1686 1773; x_wconf 73' lang='lat' dir='ltr'><strong>Carthaginenses]</strong></span> <span class='ocrx_word' id='word_1_403' title='bbox 1714 1721 1844 1762; x_wconf 82' lang='lat' dir='ltr'><strong>Duce</strong></span> <span class='ocrx_word' id='word_1_404' title='bbox 1877 1722 1967 1762; x_wconf 84' lang='lat' dir='ltr'><strong>Au·</strong></span> 
     </span>
     <span class='ocr_line' id='line_1_76' title="bbox 1082 1784 1393 1838; baseline 0 -12"><span class='ocrx_word' id='word_1_405' title='bbox 1082 1797 1206 1826; x_wconf 83' lang='lat' dir='ltr'><strong>none.</strong></span> <span class='ocrx_word' id='word_1_406' title='bbox 1234 1784 1393 1838; x_wconf 85' lang='lat' dir='ltr'><strong>Polyb.</strong></span> 
     </span>
    </p>

    <p class='ocr_par' dir='ltr' id='par_1_13' title="bbox 1077 1847 1967 2401">
     <span class='ocr_line' id='line_1_77' title="bbox 1136 1847 1967 1902; baseline 0.002 -13"><span class='ocrx_word' id='word_1_407' title='bbox 1136 1847 1292 1900; x_wconf 78' lang='lat' dir='ltr'><strong>Classe]</strong></span> <span class='ocrx_word' id='word_1_408' title='bbox 1334 1848 1622 1902; x_wconf 84' lang='lat' dir='ltr'><strong>Undiquaque</strong></span> <span class='ocrx_word' id='word_1_409' title='bbox 1660 1849 1882 1902; x_wconf 84' lang='lat' dir='ltr'><strong>expedita,</strong></span> <span class='ocrx_word' id='word_1_410' title='bbox 1915 1862 1967 1891; x_wconf 87' lang='lat' dir='ltr'><strong>ac</strong></span> 
     </span>
     <span class='ocr_line' id='line_1_78' title="bbox 1081 1912 1967 1965; baseline 0 -13"><span class='ocrx_word' id='word_1_411' title='bbox 1081 1912 1235 1953; x_wconf 85' lang='lat' dir='ltr'><strong>validis</strong></span> <span class='ocrx_word' id='word_1_412' title='bbox 1253 1913 1468 1953; x_wconf 88' lang='lat' dir='ltr'><strong>instructa</strong></span> <span class='ocrx_word' id='word_1_413' title='bbox 1484 1912 1688 1965; x_wconf 83' lang='lat' dir='ltr'><strong>remigiis.</strong></span> <span class='ocrx_word' id='word_1_414' title='bbox 1707 1912 1864 1965; x_wconf 88' lang='lat' dir='ltr'><strong>Polyb.</strong></span> <span class='ocrx_word' id='word_1_415' title='bbox 1909 1912 1967 1952; x_wconf 93' lang='lat' dir='ltr'><strong>Il-</strong></span> 
     </span>
     <span class='ocr_line' id='line_1_79' title="bbox 1080 1974 1967 2017; baseline -0.001 -1"><span class='ocrx_word' id='word_1_416' title='bbox 1080 1976 1165 2016; x_wconf 90' lang='lat' dir='ltr'><strong>lam</strong></span> <span class='ocrx_word' id='word_1_417' title='bbox 1184 1977 1364 2016; x_wconf 87' lang='lat' dir='ltr'><strong>classem</strong></span> <span class='ocrx_word' id='word_1_418' title='bbox 1395 1980 1690 2016; x_wconf 86' lang='lat' dir='ltr'><strong>trecentarum</strong></span> <span class='ocrx_word' id='word_1_419' title='bbox 1710 1976 1882 2017; x_wconf 85' lang='lat' dir='ltr'><strong>navium</strong></span> <span class='ocrx_word' id='word_1_420' title='bbox 1899 1974 1967 2015; x_wconf 79' lang='lat' dir='ltr'><strong>fu-</strong></span> 
     </span>
     <span class='ocr_line' id='line_1_80' title="bbox 1082 2040 1966 2094; baseline 0 -14"><span class='ocrx_word' id='word_1_421' title='bbox 1082 2041 1180 2094; x_wconf 86' lang='lat' dir='ltr'><strong>isse,</strong></span> <span class='ocrx_word' id='word_1_422' title='bbox 1188 2040 1321 2082; x_wconf 87' lang='lat' dir='ltr'><strong>tradit</strong></span> <span class='ocrx_word' id='word_1_423' title='bbox 1331 2041 1498 2082; x_wconf 88' lang='lat' dir='ltr'><strong>Auctor</strong></span> <span class='ocrx_word' id='word_1_424' title='bbox 1513 2041 1567 2082; x_wconf 89' lang='lat' dir='ltr'><strong>de</strong></span> <span class='ocrx_word' id='word_1_425' title='bbox 1578 2041 1694 2082; x_wconf 87' lang='lat' dir='ltr'><strong>Viris</strong></span> <span class='ocrx_word' id='word_1_426' title='bbox 1704 2040 1966 2081; x_wconf 88' lang='lat' dir='ltr'><strong>Illustribus.</strong></span> 
     </span>
     <span class='ocr_line' id='line_1_81' title="bbox 1080 2105 1965 2159; baseline -0.002 -12"><span class='ocrx_word' id='word_1_427' title='bbox 1080 2105 1204 2147; x_wconf 88' lang='lat' dir='ltr'><strong>Idem</strong></span> <span class='ocrx_word' id='word_1_428' title='bbox 1238 2105 1448 2159; x_wconf 86' lang='lat' dir='ltr'><strong>Polybius</strong></span> <span class='ocrx_word' id='word_1_429' title='bbox 1494 2105 1703 2146; x_wconf 88' lang='lat' dir='ltr'><strong>ducentas</strong></span> <span class='ocrx_word' id='word_1_430' title='bbox 1748 2110 1965 2146; x_wconf 86' lang='lat' dir='ltr'><strong>numerat.</strong></span> 
     </span>
     <span class='ocr_line' id='line_1_82' title="bbox 1080 2168 1965 2210; baseline -0.001 -1"><span class='ocrx_word' id='word_1_431' title='bbox 1080 2169 1286 2209; x_wconf 86' lang='lat' dir='ltr'><strong>Nonnulli</strong></span> <span class='ocrx_word' id='word_1_432' title='bbox 1320 2173 1366 2210; x_wconf 88' lang='lat' dir='ltr'><strong>et</strong></span> <span class='ocrx_word' id='word_1_433' title='bbox 1396 2168 1581 2210; x_wconf 89' lang='lat' dir='ltr'><strong>bostium</strong></span> <span class='ocrx_word' id='word_1_434' title='bbox 1613 2171 1659 2209; x_wconf 87' lang='lat' dir='ltr'><strong>et</strong></span> <span class='ocrx_word' id='word_1_435' title='bbox 1678 2168 1965 2209; x_wconf 86' lang='lat' dir='ltr'><strong>Romanorum</strong></span> 
     </span>
     <span class='ocr_line' id='line_1_83' title="bbox 1077 2232 1965 2286; baseline -0.002 -12"><span class='ocrx_word' id='word_1_436' title='bbox 1077 2235 1327 2286; x_wconf 80' lang='lat' dir='ltr'><strong>conjunctas</strong></span> <span class='ocrx_word' id='word_1_437' title='bbox 1338 2243 1544 2275; x_wconf 76' lang='lat' dir='ltr'><strong>nctxxx.</strong></span> <span class='ocrx_word' id='word_1_438' title='bbox 1565 2238 1731 2274; x_wconf 88' lang='lat' dir='ltr'><strong>tantum</strong></span> <span class='ocrx_word' id='word_1_439' title='bbox 1745 2232 1878 2278; x_wconf 86' lang='lat' dir='ltr'><strong>fuisse</strong></span> <span class='ocrx_word' id='word_1_440' title='bbox 1893 2242 1965 2272; x_wconf 80' lang='lat' dir='ltr'><strong>vo·</strong></span> 
     </span>
     <span class='ocr_line' id='line_1_84' title="bbox 1077 2295 1965 2349; baseline -0.001 -13"><span class='ocrx_word' id='word_1_441' title='bbox 1077 2296 1189 2345; x_wconf 90' lang='lat' dir='ltr'><strong>lunt,</strong></span> <span class='ocrx_word' id='word_1_442' title='bbox 1202 2301 1253 2336; x_wconf 85' lang='lat' dir='ltr'><strong>ut</strong></span> <span class='ocrx_word' id='word_1_443' title='bbox 1270 2308 1421 2349; x_wconf 88' lang='lat' dir='ltr'><strong>parum</strong></span> <span class='ocrx_word' id='word_1_444' title='bbox 1441 2295 1627 2349; x_wconf 86' lang='lat' dir='ltr'><strong>probata</strong></span> <span class='ocrx_word' id='word_1_445' title='bbox 1645 2297 1702 2337; x_wconf 92' lang='lat' dir='ltr'><strong>sit</strong></span> <span class='ocrx_word' id='word_1_446' title='bbox 1720 2295 1766 2336; x_wconf 89' lang='lat' dir='ltr'><strong>in</strong></span> <span class='ocrx_word' id='word_1_447' title='bbox 1786 2306 1965 2336; x_wconf 90' lang='lat' dir='ltr'><strong>numero</strong></span> 
     </span>
     <span class='ocr_line' id='line_1_85' title="bbox 1077 2358 1494 2401; baseline 0.005 -2"><span class='ocrx_word' id='word_1_448' title='bbox 1077 2358 1200 2399; x_wconf 81' lang='lat' dir='ltr'><strong>fides.</strong></span> <span class='ocrx_word' id='word_1_449' title='bbox 1229 2359 1494 2401; x_wconf 73' lang='lat' dir='ltr'><strong>Keioelienius.</strong></span> 
     </span>
    </p>

    <p class='ocr_par' dir='ltr' id='par_1_14' title="bbox 1077 2420 1965 2906">
     <span class='ocr_line' id='line_1_86' title="bbox 1129 2420 1963 2474; baseline -0.001 -13"><span class='ocrx_word' id='word_1_450' title='bbox 1129 2420 1248 2472; x_wconf 75' lang='lat' dir='ltr'><strong>Apud</strong></span> <span class='ocrx_word' id='word_1_451' title='bbox 1263 2421 1413 2462; x_wconf 72' lang='lat' dir='ltr'><strong>insulas</strong></span> <span class='ocrx_word' id='word_1_452' title='bbox 1437 2421 1626 2474; x_wconf 74' lang='lat' dir='ltr'><strong>AEgat&#39;es]</strong></span> <span class='ocrx_word' id='word_1_453' title='bbox 1655 2420 1766 2465; x_wconf 66' lang='lat' dir='ltr'><strong>Quae</strong></span> <span class='ocrx_word' id='word_1_454' title='bbox 1785 2420 1829 2461; x_wconf 91' lang='lat' dir='ltr'><strong>in</strong></span> <span class='ocrx_word' id='word_1_455' title='bbox 1854 2421 1963 2461; x_wconf 87' lang='lat' dir='ltr'><strong>mari</strong></span> 
     </span>
     <span class='ocr_line' id='line_1_87' title="bbox 1077 2484 1965 2537; baseline 0 -13"><span class='ocrx_word' id='word_1_456' title='bbox 1077 2490 1223 2525; x_wconf 87' lang='lat' dir='ltr'><strong>nostro</strong></span> <span class='ocrx_word' id='word_1_457' title='bbox 1259 2484 1661 2537; x_wconf 84' lang='lat' dir='ltr'><strong>Carthaginensium</strong></span> <span class='ocrx_word' id='word_1_458' title='bbox 1698 2485 1811 2526; x_wconf 83' lang='lat' dir='ltr'><strong>sinui</strong></span> <span class='ocrx_word' id='word_1_459' title='bbox 1847 2484 1965 2536; x_wconf 87' lang='lat' dir='ltr'><strong>obja-</strong></span> 
     </span>
     <span class='ocr_line' id='line_1_88' title="bbox 1077 2546 1961 2601; baseline -0.003 -12"><span class='ocrx_word' id='word_1_460' title='bbox 1077 2552 1191 2589; x_wconf 91' lang='lat' dir='ltr'><strong>cent.</strong></span> <span class='ocrx_word' id='word_1_461' title='bbox 1248 2548 1512 2601; x_wconf 86' lang='lat' dir='ltr'><strong>Pomponius</strong></span> <span class='ocrx_word' id='word_1_462' title='bbox 1548 2548 1622 2589; x_wconf 88' lang='lat' dir='ltr'><strong>lib.</strong></span> <span class='ocrx_word' id='word_1_463' title='bbox 1652 2559 1707 2589; x_wconf 90' lang='grc' dir='ltr'><strong>ιι.</strong></span> <span class='ocrx_word' id='word_1_464' title='bbox 1736 2552 1778 2589; x_wconf 87' lang='grc'><strong>7.</strong></span> <span class='ocrx_word' id='word_1_465' title='bbox 1824 2546 1961 2601; x_wconf 88' lang='lat' dir='ltr'><strong>(unde</strong></span> 
     </span>
     <span class='ocr_line' id='line_1_89' title="bbox 1078 2611 1962 2665; baseline -0.002 -13"><span class='ocrx_word' id='word_1_466' title='bbox 1078 2613 1245 2653; x_wconf 86' lang='lat' dir='ltr'><strong>Plinius</strong></span> <span class='ocrx_word' id='word_1_467' title='bbox 1279 2613 1425 2653; x_wconf 82' lang='lat' dir='ltr'><strong>hausit</strong></span> <span class='ocrx_word' id='word_1_468' title='bbox 1458 2612 1535 2654; x_wconf 89' lang='lat' dir='ltr'><strong>lib.</strong></span> <span class='ocrx_word' id='word_1_469' title='bbox 1570 2623 1643 2653; x_wconf 89' lang='grc' dir='ltr'><strong>ιιι.</strong></span> <span class='ocrx_word' id='word_1_470' title='bbox 1663 2611 1726 2665; x_wconf 91' lang='lat'><strong>8.)</strong></span> <span class='ocrx_word' id='word_1_471' title='bbox 1768 2612 1781 2634; x_wconf 77' lang='lat'>⁶</span> <span class='ocrx_word' id='word_1_472' title='bbox 1798 2612 1962 2653; x_wconf 90' lang='lat' dir='ltr'><strong>Contra</strong></span> 
     </span>
     <span class='ocr_line' id='line_1_90' title="bbox 1078 2673 1961 2727; baseline -0.005 -10"><span class='ocrx_word' id='word_1_473' title='bbox 1078 2675 1353 2727; x_wconf 79' lang='lat' dir='ltr'><strong>Carthaginis</strong></span> <span class='ocrx_word' id='word_1_474' title='bbox 1373 2675 1511 2716; x_wconf 89' lang='lat' dir='ltr'><strong>sinum</strong></span> <span class='ocrx_word' id='word_1_475' title='bbox 1526 2675 1734 2716; x_wconf 83' lang='lat' dir='ltr'><strong>Tarichiae</strong></span> <span class='ocrx_word' id='word_1_476' title='bbox 1756 2679 1801 2715; x_wconf 89' lang='lat' dir='ltr'><strong>et</strong></span> <span class='ocrx_word' id='word_1_477' title='bbox 1832 2673 1961 2726; x_wconf 81' lang='lat' dir='ltr'><strong>AEga-</strong></span> 
     </span>
     <span class='ocr_line' id='line_1_91' title="bbox 1079 2736 1961 2790; baseline -0.002 -12"><span class='ocrx_word' id='word_1_478' title='bbox 1079 2743 1164 2790; x_wconf 88' lang='lat' dir='ltr'><strong>tes,</strong></span> <span class='ocrx_word' id='word_1_479' title='bbox 1182 2739 1374 2779; x_wconf 86' lang='lat' dir='ltr'><strong>Romana</strong></span> <span class='ocrx_word' id='word_1_480' title='bbox 1392 2738 1517 2780; x_wconf 84' lang='lat' dir='ltr'><strong>clade</strong></span> <span class='ocrx_word' id='word_1_481' title='bbox 1531 2736 1861 2779; x_wconf 87' lang='lat' dir='ltr'><strong>memorabiles.&#39;</strong></span> <span class='ocrx_word' id='word_1_482' title='bbox 1889 2738 1961 2778; x_wconf 88' lang='lat' dir='ltr'><strong>De</strong></span> 
     </span>
     <span class='ocr_line' id='line_1_92' title="bbox 1078 2801 1958 2854; baseline -0.002 -13"><span class='ocrx_word' id='word_1_483' title='bbox 1078 2813 1164 2854; x_wconf 89' lang='lat' dir='ltr'><strong>quo</strong></span> <span class='ocrx_word' id='word_1_484' title='bbox 1183 2802 1278 2842; x_wconf 89' lang='lat' dir='ltr'><strong>loco</strong></span> <span class='ocrx_word' id='word_1_485' title='bbox 1292 2801 1346 2841; x_wconf 86' lang='lat' dir='ltr'><strong>ad</strong></span> <span class='ocrx_word' id='word_1_486' title='bbox 1360 2801 1521 2842; x_wconf 84' lang='lat' dir='ltr'><strong>Melam</strong></span> <span class='ocrx_word' id='word_1_487' title='bbox 1538 2806 1584 2842; x_wconf 89' lang='lat' dir='ltr'><strong>et</strong></span> <span class='ocrx_word' id='word_1_488' title='bbox 1597 2801 1766 2842; x_wconf 86' lang='lat' dir='ltr'><strong>Victor.</strong></span> <span class='ocrx_word' id='word_1_489' title='bbox 1779 2812 1876 2854; x_wconf 90' lang='lat' dir='ltr'><strong>cap.</strong></span> <span class='ocrx_word' id='word_1_490' title='bbox 1889 2802 1958 2840; x_wconf 76' lang='lat'><strong>41.</strong></span> 
     </span>
     <span class='ocr_line' id='line_1_93' title="bbox 1078 2864 1612 2906; baseline 0.002 -1"><span class='ocrx_word' id='word_1_491' title='bbox 1078 2864 1134 2905; x_wconf 88' lang='lat' dir='ltr'><strong>de</strong></span> <span class='ocrx_word' id='word_1_492' title='bbox 1151 2865 1228 2906; x_wconf 86' lang='lat' dir='ltr'><strong>vir.</strong></span> <span class='ocrx_word' id='word_1_493' title='bbox 1247 2865 1382 2906; x_wconf 88' lang='lat' dir='ltr'><strong>illust.</strong></span> <span class='ocrx_word' id='word_1_494' title='bbox 1410 2864 1612 2906; x_wconf 73' lang='lat' dir='ltr'><strong>Schoteus.</strong></span> 
     </span>
    </p>

    <p class='ocr_par' dir='ltr' id='par_1_15' title="bbox 1069 2925 1962 3547">
     <span class='ocr_line' id='line_1_94' title="bbox 1132 2925 1955 2979; baseline -0.002 -11"><span class='ocrx_word' id='word_1_495' title='bbox 1132 2930 1170 2968; x_wconf 82' lang='lat' dir='ltr'><strong><em>A</em></strong></span> <span class='ocrx_word' id='word_1_496' title='bbox 1187 2927 1284 2968; x_wconf 81' lang='lat' dir='ltr'><strong>Caio</strong></span> <span class='ocrx_word' id='word_1_497' title='bbox 1307 2927 1469 2968; x_wconf 79' lang='lat' dir='ltr'><strong>Lutatio</strong></span> <span class='ocrx_word' id='word_1_498' title='bbox 1486 2926 1672 2979; x_wconf 60' lang='lat' dir='ltr'><strong>Consiste]</strong></span> <span class='ocrx_word' id='word_1_499' title='bbox 1700 2926 1870 2968; x_wconf 88' lang='lat' dir='ltr'><strong>Auctor</strong></span> <span class='ocrx_word' id='word_1_500' title='bbox 1899 2925 1955 2967; x_wconf 89' lang='lat' dir='ltr'><strong>de</strong></span> 
     </span>
     <span class='ocr_line' id='line_1_95' title="bbox 1076 2989 1960 3044; baseline -0.002 -14"><span class='ocrx_word' id='word_1_501' title='bbox 1076 2989 1194 3031; x_wconf 82' lang='lat' dir='ltr'><strong>Viris</strong></span> <span class='ocrx_word' id='word_1_502' title='bbox 1228 2990 1476 3032; x_wconf 77' lang='lat' dir='ltr'><strong>illustribus</strong></span> <span class='ocrx_word' id='word_1_503' title='bbox 1506 3001 1606 3044; x_wconf 87' lang='lat' dir='ltr'><strong>cap.</strong></span> <span class='ocrx_word' id='word_1_504' title='bbox 1638 2993 1707 3031; x_wconf 77' lang='lat'><strong>41.</strong></span> <span class='ocrx_word' id='word_1_505' title='bbox 1740 2989 1855 3030; x_wconf 88' lang='lat' dir='ltr'><strong>hunc</strong></span> <span class='ocrx_word' id='word_1_506' title='bbox 1875 3001 1960 3029; x_wconf 89' lang='lat' dir='ltr'><strong>non</strong></span> 
     </span>
     <span class='ocr_line' id='line_1_96' title="bbox 1077 3054 1962 3104; baseline -0.002 -9"><span class='ocrx_word' id='word_1_507' title='bbox 1077 3055 1243 3104; x_wconf 88' lang='lat' dir='ltr'><strong>Caium,</strong></span> <span class='ocrx_word' id='word_1_508' title='bbox 1271 3054 1349 3096; x_wconf 86' lang='lat' dir='ltr'><strong>sed</strong></span> <span class='ocrx_word' id='word_1_509' title='bbox 1379 3054 1590 3098; x_wconf 71' lang='lat' dir='ltr'><strong>Quintum</strong></span> <span class='ocrx_word' id='word_1_510' title='bbox 1619 3055 1866 3095; x_wconf 84' lang='lat' dir='ltr'><strong>Luctatium</strong></span> <span class='ocrx_word' id='word_1_511' title='bbox 1887 3065 1962 3093; x_wconf 85' lang='lat' dir='ltr'><strong>vo-</strong></span> 
     </span>
     <span class='ocr_line' id='line_1_97' title="bbox 1075 3115 1961 3159; baseline -0.005 0"><span class='ocrx_word' id='word_1_512' title='bbox 1075 3123 1178 3159; x_wconf 81' lang='lat' dir='ltr'><strong>cat:</strong></span> <span class='ocrx_word' id='word_1_513' title='bbox 1206 3123 1252 3159; x_wconf 87' lang='lat' dir='ltr'><strong>et</strong></span> <span class='ocrx_word' id='word_1_514' title='bbox 1271 3123 1489 3159; x_wconf 89' lang='lat' dir='ltr'><strong>trecentas</strong></span> <span class='ocrx_word' id='word_1_515' title='bbox 1516 3130 1651 3159; x_wconf 84' lang='lat' dir='ltr'><strong>naves</strong></span> <span class='ocrx_word' id='word_1_516' title='bbox 1677 3117 1876 3157; x_wconf 86' lang='lat' dir='ltr'><strong>habuisse</strong></span> <span class='ocrx_word' id='word_1_517' title='bbox 1896 3115 1961 3156; x_wconf 88' lang='lat' dir='ltr'><strong>di·</strong></span> 
     </span>
     <span class='ocr_line' id='line_1_98' title="bbox 1074 3181 1962 3235; baseline -0.005 -13"><span class='ocrx_word' id='word_1_518' title='bbox 1074 3181 1153 3233; x_wconf 87' lang='lat' dir='ltr'><strong>cit,</strong></span> <span class='ocrx_word' id='word_1_519' title='bbox 1169 3181 1324 3235; x_wconf 88' lang='lat' dir='ltr'><strong>quibus</strong></span> <span class='ocrx_word' id='word_1_520' title='bbox 1343 3187 1574 3222; x_wconf 85' lang='lat' dir='ltr'><strong>sexcentas</strong></span> <span class='ocrx_word' id='word_1_521' title='bbox 1593 3181 1842 3231; x_wconf 88' lang='lat' dir='ltr'><strong>Poenorum,</strong></span> <span class='ocrx_word' id='word_1_522' title='bbox 1859 3191 1962 3232; x_wconf 57' lang='lat' dir='ltr'><strong>qua»</strong></span> 
     </span>
     <span class='ocr_line' id='line_1_99' title="bbox 1073 3241 1957 3295; baseline -0.002 -11"><span class='ocrx_word' id='word_1_523' title='bbox 1073 3255 1165 3284; x_wconf 89' lang='lat' dir='ltr'><strong>rum</strong></span> <span class='ocrx_word' id='word_1_524' title='bbox 1185 3243 1273 3283; x_wconf 86' lang='lat' dir='ltr'><strong>dux</strong></span> <span class='ocrx_word' id='word_1_525' title='bbox 1292 3250 1387 3284; x_wconf 85' lang='lat' dir='ltr'><strong>erat</strong></span> <span class='ocrx_word' id='word_1_526' title='bbox 1419 3243 1620 3295; x_wconf 81' lang='lat' dir='ltr'><strong>Himilco,</strong></span> <span class='ocrx_word' id='word_1_527' title='bbox 1647 3241 1764 3295; x_wconf 88' lang='lat' dir='ltr'><strong>apud</strong></span> <span class='ocrx_word' id='word_1_528' title='bbox 1781 3241 1957 3295; x_wconf 74' lang='lat' dir='ltr'><strong>AEgates</strong></span> 
     </span>
     <span class='ocr_line' id='line_1_100' title="bbox 1073 3304 1957 3359; baseline 0.002 -14"><span class='ocrx_word' id='word_1_529' title='bbox 1073 3306 1232 3346; x_wconf 85' lang='lat' dir='ltr'><strong>insulas</strong></span> <span class='ocrx_word' id='word_1_530' title='bbox 1251 3305 1367 3346; x_wconf 85' lang='lat' dir='ltr'><strong>inter</strong></span> <span class='ocrx_word' id='word_1_531' title='bbox 1382 3306 1573 3346; x_wconf 85' lang='lat' dir='ltr'><strong>Siciliam</strong></span> <span class='ocrx_word' id='word_1_532' title='bbox 1594 3310 1640 3347; x_wconf 87' lang='lat' dir='ltr'><strong>et</strong></span> <span class='ocrx_word' id='word_1_533' title='bbox 1657 3304 1849 3347; x_wconf 79' lang='lat' dir='ltr'><strong>Africam</strong></span> <span class='ocrx_word' id='word_1_534' title='bbox 1881 3318 1957 3359; x_wconf 90' lang='lat' dir='ltr'><strong>op-</strong></span> 
     </span>
     <span class='ocr_line' id='line_1_101' title="bbox 1072 3366 1956 3423; baseline 0.003 -16"><span class='ocrx_word' id='word_1_535' title='bbox 1072 3368 1243 3420; x_wconf 88' lang='lat' dir='ltr'><strong>pressit,</strong></span> <span class='ocrx_word' id='word_1_536' title='bbox 1258 3366 1476 3422; x_wconf 82' lang='lat' dir='ltr'><strong>finemque</strong></span> <span class='ocrx_word' id='word_1_537' title='bbox 1497 3368 1612 3410; x_wconf 88' lang='lat' dir='ltr'><strong>bello</strong></span> <span class='ocrx_word' id='word_1_538' title='bbox 1631 3368 1844 3423; x_wconf 83' lang='lat' dir='ltr'><strong>imposuit.</strong></span> <span class='ocrx_word' id='word_1_539' title='bbox 1861 3370 1956 3410; x_wconf 83' lang='grc' dir='ltr'><strong>Μα-</strong></span> 
     </span>
     <span class='ocr_line' id='line_1_102' title="bbox 1069 3430 1955 3485; baseline 0.005 -15"><span class='ocrx_word' id='word_1_540' title='bbox 1069 3431 1179 3480; x_wconf 69' lang='lat' dir='ltr'><strong>gius.</strong></span> <span class='ocrx_word' id='word_1_541' title='bbox 1253 3430 1367 3472; x_wconf 85' lang='lat' dir='ltr'><strong>Sane</strong></span> <span class='ocrx_word' id='word_1_542' title='bbox 1402 3430 1517 3472; x_wconf 89' lang='lat' dir='ltr'><strong>haud</strong></span> <span class='ocrx_word' id='word_1_543' title='bbox 1557 3444 1706 3485; x_wconf 82' lang='lat' dir='ltr'><strong>pamm</strong></span> <span class='ocrx_word' id='word_1_544' title='bbox 1746 3433 1955 3474; x_wconf 85' lang='lat' dir='ltr'><strong>dormitat</strong></span> 
     </span>
     <span class='ocr_line' id='line_1_103' title="bbox 1074 3493 1953 3547; baseline 0.005 -15"><span class='ocrx_word' id='word_1_545' title='bbox 1074 3493 1273 3545; x_wconf 82' lang='lat' dir='ltr'><strong>Magius;</strong></span> <span class='ocrx_word' id='word_1_546' title='bbox 1315 3493 1417 3547; x_wconf 90' lang='lat' dir='ltr'><strong>imo,</strong></span> <span class='ocrx_word' id='word_1_547' title='bbox 1455 3495 1705 3546; x_wconf 74' lang='lat' dir='ltr'><strong>gravissime</strong></span> <span class='ocrx_word' id='word_1_548' title='bbox 1740 3497 1821 3538; x_wconf 84' lang='lat' dir='ltr'><strong>hoc</strong></span> <span class='ocrx_word' id='word_1_549' title='bbox 1857 3497 1953 3537; x_wconf 88' lang='lat' dir='ltr'><strong>loco</strong></span> 
     </span>
    </p>
   </div>
  </div>
 </body>
</html>
