2306 3900
745 276 965 319 RERUM
1007 278 1084 319 ΕΤ
1123 278 1489 322 VERBORUM.

214 418 217 422 ⁴
253 399 501 496 grobratione
511 396 992 456 tyrannidisconvinoere)
1019 417 1082 452 xv,

200 505 352 549 Coelum
370 507 602 561 vesperascit
625 507 704 554 xvi,
721 511 748 548 2
785 507 830 546 in
856 507 997 547 coelum
1025 510 1083 548 ef-

212 578 220 582 >
255 563 344 602 ferri
374 562 521 602 laudib.
549 561 684 615 (valde
701 558 855 612 extolli)
883 575 923 608 x,
941 565 966 600 7
995 561 1081 614 (Sic

251 615 292 654 in
321 615 419 655 coelo
451 627 550 660 esse,
578 613 719 661 coelum
751 619 896 660 tenere,
923 619 1081 666 tangere

249 673 291 706 et
307 668 349 707 in
366 668 505 707 coelum
523 666 627 706 abire
643 666 838 712 dicuntur,
858 666 926 718 qui
941 667 1082 707 beatis-

250 720 338 759 simi
359 720 432 759 sibi
455 719 647 758 videntur.
665 720 716 758 de
733 732 812 771 quo
830 720 908 758 vid.
926 720 1080 760 Buchn.

248 771 366 812 Thes.
381 773 483 812 adde
499 773 638 812 Senec-
655 773 706 811 de
723 772 853 812 benef.
879 772 908 819 i,
923 776 974 814 13
1002 774 1079 813 Pe-

207 850 212 857 .-
251 826 423 864 tinnins:
464 831 477 848 ‘
495 825 615 864 Nunc
649 826 691 864 in
726 826 867 865 coelum
902 826 1011 874 abiit,
1039 834 1080 867 et

246 877 495 918 Trimalcioni
511 884 674 929 tapanta
690 878 785 929 est’)
952 896 953 899 ¹

195 930 359 972 Goenare
378 933 483 984 apud
503 931 671 983 aliquem
698 931 804 978 xxiii,
823 934 875 972 12

194 984 327 1036 Coepit
342 985 406 1024 hic
423 997 579 1037 operam
597 986 689 1023 dare
706 984 839 1038 (dedit
864 984 952 1037 op.)
978 984 1033 1031 ix,
1053 990 1076 1025 5

204 1054 215 1061 ·
244 1037 337 1077 Sic:
366 1038 486 1090 coepit
511 1050 618 1077 orare
644 1038 697 1084 iv,
713 1041 740 1078 4
769 1046 907 1089 petere*
926 1037 1034 1085 xxiii,
1052 1042 1078 1078 2

246 1091 367 1142 coepit
392 1091 559 1144 pugnari
589 1103 678 1130 cum
704 1104 769 1138 xv,
789 1095 841 1131 10
869 1096 998 1143 coepta
1019 1097 1080 1130 est

243 1143 453 1183 desiderari
468 1143 673 1196 diligentia
699 1157 762 1191 xv,
781 1148 806 1184 7
834 1150 962 1195 coepta
988 1149 1079 1183 sunt

243 1195 389 1248 conjici
406 1209 498 1236 vasa
524 1197 629 1244 xxiii,
650 1201 699 1237 11

192 1248 397 1289 Coe'rceoe-
414 1249 590 1289 manibus
614 1249 887 1301 procacitatem

243 1302 386 1355 pariter
402 1316 449 1342 ac
467 1302 662 1356 inhibere)
690 1316 754 1349 xx,
773 1307 796 1342 5

190 1353 365 1408 Cogere:
394 1357 501 1408 quod
533 1356 642 1408 cogit
671 1360 809 1395 natura
841 1355 914 1408 (ad
944 1355 1075 1408 quod)

241 1416 330 1456 xxv,
349 1413 402 1449 22
430 1409 527 1462 (nisi
545 1409 621 1461 leg.
640 1415 713 1455 est,
733 1410 781 1447 ad
807 1407 949 1459 quod).
968 1410 1076 1460 cogit

239 1460 306 1501 hic
332 1474 469 1514 equos,
498 1462 683 1501 verberib.
715 1461 888 1500 exultare
915 1462 1019 1508 xviii,
1045 1467 1070 1501 5

240 1526 309 1553 eos
341 1515 434 1554 satis
464 1515 620 1562 habere,
662 1515 695 1553 si
734 1527 798 1561 xx,
830 1518 858 1555 2
898 1515 1071 1554 medicos

240 1567 334 1607 dare
363 1580 539 1620 soporem
577 1581 617 1615 x,
648 1572 676 1609 2
715 1573 864 1619 cogunt
892 1567 950 1606 illi
981 1581 1068 1607 eum

203 1646 206 1649 -
233 1619 368 1670 jurare
393 1634 433 1668 x,
451 1626 477 1662 8
504 1627 663 1661 coactus
680 1627 741 1660 est
758 1633 886 1659 muros
914 1621 1070 1660 reficere

239 1673 323 1721 xiii,
340 1677 367 1715 4
394 1680 587 1714 vetustate
604 1673 682 1726 (sc.
699 1674 793 1713 tecti
818 1673 1070 1726 labescentis)

239 1739 328 1774 xxv,
347 1731 399 1768 13
427 1733 585 1767 coactus
600 1727 693 1766 odio
710 1725 878 1766 civitatis
903 1725 987 1773 xiii,
1005 1730 1031 1766 3

189 1779 397 1832 Cogitate:
425 1793 516 1832 quae
532 1780 679 1832 cogitas
697 1779 756 1832 (v.
773 1778 877 1831 seq.)
895 1792 984 1831 quae
1001 1792 1070 1818 vo-

235 1832 346 1872 lebas
389 1832 444 1880 ix,
479 1837 504 1874 3
551 1846 639 1872 cum
676 1833 913 1884 cogitasset,
942 1832 1069 1872 facere

915 1249 1075 1304 (punire

237 1883 410 1926 audebat
434 1887 514 1934 xiv,
533 1889 559 1926 7
597 1886 619 1977 5

235 1939 336 1986 nari,
366 1939 480 1978 ita-ut
497 1939 604 1979 consi
620 1939 701 1978 ium
720 1938 844 1991 primo
863 1944 904 1977 et
921 1937 1069 1977 delibe-

235 1992 335 2031 ratio
352 1991 542 2039 adhiberi,
569 1991 712 2031 deinde
728 1992 907 2032 maturari
923 1991 1069 2030 factum

237 2044 490 2098 intelligatur.
545 2045 682 2085 Cicero
718 2045 835 2084 etiam
867 2045 941 2084 hac
973 2057 1069 2083 voce

239 2099 500 2150 significanter
542 2099 676 2144 utitur,
722 2099 774 2136 de
817 2105 907 2136 actu
952 2097 1070 2136 animi

239 2151 550 2197 commentantis,
561 2163 641 2190 rem
654 2163 784 2189 secum
798 2150 1069 2201 expendentis,

237 2205 470 2256 peragentis.
500 2209 512 2228 ‘
532 2203 587 2242 sic
607 2204 776 2255 cogitare
792 2203 843 2241 de
859 2202 956 2254 rep.’
974 2210 1069 2241 orat.

237 2257 291 2296 de
308 2269 416 2308 pror.
434 2269 542 2296 cons.
559 2256 638 2294 xiii.
691 2255 851 2295 Verrem
869 2263 999 2294 autem
1017 2253 1073 2293 ait

238 2308 1072 2416 ..aa

204 2390 207 2392 ⁷
403 2390 414 2401 G
792 2390 804 2408 ,
1054 2383 1072 2392 q

236 2417 434 2456 trahantur
462 2417 536 2468 (de
564 2415 727 2454 scelesto
756 2413 958 2467 transfugii
975 2427 1070 2454 con-

237 2469 347 2521 silio)
375 2468 467 2516 xvii,
485 2473 513 2509 6
553 2467 678 2507 Paulo
697 2473 786 2520 post
811 2468 932 2507 dixit:
963 2468 1070 2519 quod

236 2522 364 2562 fuerat
392 2522 443 2560 ad
471 2520 682 2572 perniciem
710 2519 923 2571 cogitatum
953 2521 1003 2573 (i.
1034 2534 1070 2562 e.

237 2575 425 2613 insidiose
462 2572 670 2624 structum)
716 2571 794 2618 xiv,
828 2577 855 2612 6
899 2572 1072 2632 cogitata

237 2626 456 2679 patefacere
475 2624 736 2679 (molitiones)
763 2625 817 2671 iv,
837 2628 862 2664 3
891 2625 979 2677 (ahi
994 2626 1070 2677 leg.

237 2686 391 2720 conata.
430 2677 702 2730 Conjurationi
731 2683 773 2716 et
799 2676 950 2716 insidiis
981 2690 1070 2730 pro-

201 2760 204 2764 ι
237 2734 360 2785 priam
392 2744 528 2772 vocem
559 2736 744 2770 notarunt
770 2731 920 2783 pridem
946 2731 1068 2771 docti.

236 2800 275 2825 v.
287 2785 350 2827 el.
366 2785 560 2837 Bernegg.
572 2785 622 2824 ad
639 2783 784 2824 Justin.
813 2784 890 2831 xxi,
904 2787 945 2831 4,
963 2788 1005 2825 4.
1034 2798 1070 2825 c.

239 2838 377 2880 Cicero
392 2839 433 2877 in
446 2837 681 2884 Miloniana,
694 2836 826 2877 Clodii
852 2842 864 2860 ⁴
878 2837 1070 2890 cogitatos

189 2907 201 2915 ³
235 2891 396 2932 furores’
409 2904 497 2943 cap.
513 2895 578 2932 12.
606 2889 844 2942 ‘cogitatum
856 2890 1019 2930 facinus'
1033 2904 1069 2931 c.

238 2949 305 2986 1⁷.
345 2946 482 2985 eadem
512 2942 673 2983 notione
706 2943 894 2983 nominat.
930 2957 965 2984 c.
1001 2947 1069 2985 25.

619 1885 777 1938 disting.
795 1898 820 1924 a
838 1885 979 1932 facere,
1001 1898 1069 1924 eo-

237 2999 519 3049 bnemmas
530 2997 700 3049 loquitur
713 3012 723 3036 ι
753 3003 765 3021 ·
779 2996 811 3036 si
822 2997 927 3037 hunc
938 2999 989 3037 de
1001 3002 1068 3036 tua

237 3051 319 3089 vita
334 3051 478 3090 nefarie
495 3056 563 3090 ant
579 3062 685 3090 nunc
712 3049 883 3102 cogitare
899 3059 968 3090 aut
984 3063 1066 3090 mo·

243 3105 354 3142 litum
364 3103 574 3155 aliquando
587 3103 732 3155 aliquid
745 3103 885 3156 putas.’
931 3103 1068 3146 Boecl.

237 3157 350 3197 Voce
367 3161 380 3179 ‘
395 3168 443 3196 co
470 3155 577 3195 ‘tata'
591 3156 764 3195 similiter
775 3156 836 3195 usi
847 3157 936 3196 Ter.
949 3156 1067 3195 Phor.

204 3230 211 3235 ·
239 3209 270 3257 i,
290 3214 331 3255 6,
350 3213 416 3249 63.
495 3209 597 3247 ellei.
622 3208 666 3254 ii,
689 3212 757 3256 13,
775 3212 818 3248 4.
855 3215 896 3248 et
925 3209 1067 3248 alicubi

238 3261 414 3314 Cicero).
440 3262 609 3312 cogitare
623 3261 745 3299 amice
762 3261 911 3313 aliquid
928 3262 980 3300 de
996 3262 1067 3300 ali-

238 3328 319 3368 quo
345 3314 468 3368 (φίλα
486 3312 564 3353 τινὶ
586 3312 758 3366 φρονεῖν)
784 3314 890 3360 xxiii,
906 3317 934 3353 2
960 3314 1068 3375 cogi·

238 3369 349 3408 tabat
364 3368 554 3429 corripere
570 3365 743 3405 omnium
759 3372 887 3417 partes
911 3366 1068 3418 (mohe-

239 3420 375 3473 batur)
401 3420 507 3467 xviii,
523 3423 550 3460 2
589 3420 801 3471 cogitatum
831 3418 1069 3471 imperatoris

243 3479 398 3512 acutum
415 3472 507 3526 (pro
524 3473 698 3512 celeriter
713 3477 863 3524 reperto
889 3470 1065 3518 consilio,

253 3555 257 3560 ·
295 3538 439 3591 Delph.
457 3543 495 3580 et
519 3538 612 3579 ναν.
630 3539 738 3579 Clas.

1905 282 2023 326 XXV

1197 403 1576 457 velstrategemate)
1615 404 1694 452 xiv,
1723 407 1751 445 6
1789 404 2025 457 cogitatione

1196 457 1304 496 omni
1331 458 1419 497 ferri
1448 459 1498 497 ad
1529 458 1717 497 liberand.
1745 462 1845 509 patr.
1873 457 2027 511 (omnia

1195 510 1289 550 illuc
1317 510 1477 550 consilia
1505 510 1674 563 vertere)
1701 510 1768 558 vii,
1785 514 1832 555 92
1855 511 2025 565 cogitare

1195 562 1335 602 callide
1361 561 1439 610 xiv,
1458 568 1484 603 8
1512 562 1586 616 (de
1615 563 1825 615 agitatione
1850 562 2024 604 et'exer-

1194 615 1379 654 citatione
1404 615 1536 663 animi,
1562 616 1741 656 facienda
1769 622 1810 655 et
1840 623 2026 657 eventura

1161 681 1166 684 ⁴
1194 668 1510 719 praemeditantis,
1547 682 1635 720 quae
1670 668 1795 720 qualis
1830 669 1895 716 sit,
1930 676 2023 722 peto

1194 733 1242 759 ex
1260 721 1347 759 loco
1359 720 1522 760 Liviano
1539 723 1591 760 de
1608 722 1840 773 Philopoem.
1858 722 1900 761 in
1917 735 2024 763 com-

1157 796 1161 801 »
1194 778 1313 813 ment.
1334 773 1393 825 [p.
1412 774 1484 826 38]
1504 773 1663 827 Boecl.)

1140 826 1383 877 cognomine
1417 826 1636 878 appellatur
1667 827 1804 866 Bonus
1833 827 2024 867 Phocion.

1155 902 1160 910 ι
1193 880 1243 918 ab
1274 879 1441 931 integrit.
1470 880 1559 918 vitae
1586 879 1664 926 xiX,
1685 883 1706 920 1
1748 880 1884 919 Justus
1914 880 2023 926 Aris-

1192 930 1307 979 tides,
1345 933 1394 971 ab
1431 933 1664 972 abstinentia
1709 933 1848 984 singul.
1902 933 1958 979 iii,
1997 937 2020 973 1

1163 1007 1169 1011 «
1193 984 1309 1037 (Mos
1337 985 1479 1036 passim
1508 986 1644 1025 obvius
1658 998 1722 1037 ap.
1739 985 1898 1026 Grae'cos
1916 986 2023 1026 Lati-

1192 1050 1342 1091 nosque
1356 1053 1375 1090 :q
1395 1051 1500 1078 rarus
1531 1039 1654 1090 primo
1673 1039 1807 1077 honor
1822 1045 1864 1078 et
1879 1039 2022 1091 glorio-

1192 1103 1256 1130 sus
1274 1106 1284 1130 :
1314 1105 1402 1132 mox
1413 1091 1575 1131 ridicula
1589 1105 1693 1144 saepe
1709 1092 1920 1137 ambitione
1938 1092 2021 1131 vul-

1191 1150 1303 1195 gatus
1320 1145 1522 1184 obsolevit.
1548 1145 1708 1198 Boecl.)

1139 1196 1382 1248 Cognoscere
1396 1198 1532 1237 librum
1547 1198 1709 1251 (legere,
1724 1196 2021 1250 ἀναγινώσκειν)

1190 1251 1244 1296 vi,
1261 1254 1286 1290 4
1328 1251 1419 1290 Sic:
1449 1251 1577 1290 literas
1616 1252 1694 1298 xiv,
1720 1255 1745 1290 5
1788 1251 2020 1290 sententiam

1188 1303 1353 1355 alicujus
1379 1317 1442 1350 xx,
1456 1308 1487 1343 '3
1525 1304 1640 1344 facile
1671 1304 1840 1344 omnium
1871 1304 2020 1342 animos

1188 1357 1411 1408 (penetrare
1428 1370 1542 1396 sensa
1558 1357 1698 1408 animi)
1723 1371 1763 1402 x,
1783 1360 1808 1396 8
1836 1357 1910 1395 sibi
1935 1370 2020 1397 esse

1153 1427 1158 1434 ·
1188 1411 1428 1460 pereundum
1455 1410 1508 1456 iv,
1527 1413 1554 1449 4
1593 1410 1670 1462 (sc.
1689 1415 1718 1448 e'
1731 1409 1884 1459 literis).
1913 1410 2019 1449 hunc

1157 1479 1161 1482 ·
1187 1463 1376 1514 cognovit
1406 1475 1569 1515 puerum
1597 1462 1639 1501 in
1671 1462 1766 1500 ludo
1799 1462 1871 1515 (de
1907 1462 2019 1501 initio

1155 1537 1158 1540 >
1184 1514 1384 1568 familiar.)
1411 1529 1500 1562 xxv,
1522 1519 1573 1555 10
1611 1515 1794 1567 cognosci
1812 1518 2019 1554 memorem

1184 1574 1412 1621 gratumque
1431 1567 1629 1621 (reperiri)
1656 1581 1744 1615 xxv,
1764 1572 1792 1608 9
1818 1569 2018 1620 cognitum

1184 1621 1302 1660 talem
1320 1621 1501 1673 judicare
1527 1622 1695 1674 aliquem
1713 1621 1849 1674 (factis
1866 1627 2020 1672 specta·

1185 1674 1288 1725 tum)
1316 1676 1346 1722 i,
1364 1679 1386 1715 1
1417 1674 1614 1725 cognitam
1643 1675 1850 1726 diligenter
1874 1675 2018 1714 habere

1157 1743 1160 1745 ·
1184 1727 1453 1778 antiquitatem
1466 1727 1751 1780 (perspectam)
1767 1741 1856 1774 xxv,
1866 1731 1918 1766 18
1936 1740 2018 1766 non

1185 1780 1375 1826 auditum,
1403 1781 1472 1818 sed
1501 1780 1702 1831 cognitum
1719 1780 1928 1831 praedicare
1946 1779 2018 1818 ali-

1185 1832 1280 1883 quid
1296 1832 1556 1885 (compertum
1586 1833 1740 1884 propria
1767 1833 2018 1884 experientia,

1182 1897 1264 1924 non
1295 1885 1456 1924 aliorum
1486 1886 1630 1937 relatu)
1657 1899 1746 1932 xxv,
1766 1889 1816 1925 13
1859 1886 2018 1937 cognito

1175 1938 1260 1982 &hoc
1301 1951 1488 1990 responso
1527 1938 1684 1991 (audito
1717 1938 2018 1990 intellectoque)

1184 1991 1290 2037 xxiii,
1307 1995 1332 2030 7
1361 1991 1519 2043 cognita
1548 2003 1665 2029 causa
1693 1990 1920 2043 (injudicio
1938 1992 2017 2030 dis-

1182 2050 1339 2095 ceptata
1362 2051 1403 2083 et
1433 2043 1673 2094 examinata)
1711 2046 1740 2091 i,
1772 2047 1797 2083 7
1840 2043 1947 2095 (sub.
1977 2057 2016 2092 a,

1182 2096 1209 2134 i.
1224 2110 1260 2135 e.
1273 2103 1362 2147 post
1376 2098 1571 2148 cognitam
1584 2097 1714 2148 caus.)
1741 2096 1830 2134 Sic:
1860 2097 2018 2148 cognita

1183 2150 1383 2189 voluntate
1412 2149 1529 2201 hujus
1556 2149 1609 2195 iv,
1629 2153 1655 2190 2
1682 2149 1822 2200 quibus
1851 2150 2018 2201 cognitis

1181 2202 1235 2248 ix,
1247 2206 1273 2243 4
1300 2215 1415 2242 nemo
1430 2203 1503 2242 nisi
1523 2202 1711 2241 indus-tria
1727 2202 1885 2253 cognita
1910 2202 2017 2250 xviii,

1184 2260 1205 2295 1
1228 2255 1657 2308 (spectataeindustriae.
1695 2255 1869 2293 Subaud.
1885 2260 2015 2294 autem

1153 2324 1155 2326 ·
1183 2321 1327 2347 nomen
1361 2322 1450 2348 curn
1482 2321 1646 2359 praepos.
1678 2314 1724 2346 ut
1753 2308 1901 2359 integre
1934 2308 2011 2347 sit:

1182 2362 1299 2399 homo
1318 2362 1379 2401 vel
1398 2362 1455 2399 vir
1471 2374 1560 2401 cum
1577 2362 1658 2399 ind.
1677 2373 1792 2411 cogn.
1818 2361 1973 2412 Vorst.)

1131 2413 1358 2454 cohortatio
1376 2415 1541 2453 militum
1558 2414 1603 2452 fit
1621 2413 1692 2468 (ad
1716 2413 1878 2467 milites)
1906 2413 2015 2461 xxiii,

1130 2519 1244 2559 Coire
1276 2519 1538 2572 (conspirare)
1582 2521 1659 2566 xvi,
1688 2524 1715 2560 2
1759 2533 1847 2558 cum
1882 2519 2014 2571 aliquo

1183 2573 1257 2624 (ad
1284 2573 1509 2612 societatem
1541 2573 1693 2611 factiosi
1722 2572 1872 2611 consilii
1900 2585 2013 2610 acce-

1183 2623 1296 2678 dere)
1343 2639 1429 2672 xxv,
1456 2629 1482 2665 8
1527 2624 1630 2663 coire
1664 2625 1886 2663 societatem
1923 2637 2012 2663 cum

1151 2702 1154 2705 -
1182 2678 1312 2730 aliquo
1341 2679 1394 2724 ix,
1414 2678 1572 2718 2.—-Sic
1598 2690 1701 2728 saepe
1737 2677 1821 2716 Cic.
1850 2683 1892 2716 et
1917 2677 1983 2715 alii
2001 2692 2013 2716 ι

1150 2747 1155 2751 ·
1182 2744 1220 2772 v.
1251 2731 1448 2770 Sanctium
1481 2731 1649 2770 Minerv.
1669 2731 1694 2769 l.
1714 2734 1753 2770 3.
1773 2743 1813 2781 p.
1830 2733 1922 2770 151.
1943 2730 2010 2769 lib.

1182 2788 1222 2825 4.
1254 2795 1295 2836 p.
1327 2788 1421 2825 340.
1467 2784 1583 2823 Voss.
1621 2784 1672 2822 de
1705 2783 1858 2834 analog.
1886 2783 1943 2829 iii,
1970 2787 2012 2823 4.

1182 2837 1263 2883 Qui
1280 2838 1381 2877 hanc
1397 2837 1584 2890 integram
1602 2842 1743 2888 putant
1761 2836 2011 2882 locutionem,

1150 2908 1154 2912 -
1182 2890 1222 2928 in
1240 2890 1354 2942 priori
1371 2903 1410 2928 v.
1427 2891 1590 2929 subaud.
1608 2903 1692 2929 esse
1714 2889 1763 2928 τὸ
1786 2888 2012 2927 societatem

1183 2944 1248 2982 vel
1266 2943 1486 2983 coitionem.
1540 2943 1626 2995 Ego
1643 2949 1845 2994 utramque
1867 2942 2013 3032 elliflni-

1181 3009 1267 3036 cam
1296 3009 1450 3043 censeo,
1478 2996 1546 3035 sed
1573 2996 1693 3049 magis
1711 2996 1886 3048 priorem.
1964 3008 2010 3032 n-

1179 3056 1326 3102 tegrum
1344 3050 1460 3088 fuerit
1477 3049 1580 3088 coire
1607 3049 1705 3088 itum
1731 3049 1784 3102 (s.
1803 3049 1919 3094 viam,
1948 3046 2008 3084 vel

1149 3125 1152 3129 t
1180 3103 1346 3155 coitum)
1363 3103 1413 3141 ad
1432 3102 1667 3141 societatem.

1127 3156 1264 3197 Colere
1293 3168 1406 3208 agros
1427 3156 1494 3207 (ut
1521 3155 1671 3206 servos)
1698 3154 1751 3199 iv,
1771 3157 1795 3192 8
1824 3151 2008 3190 sacellum

1179 3209 1416 3247 sanctissime
1429 3207 1502 3258 (de
1514 3207 1621 3246 cultu
1635 3206 1811 3267 religioso
1828 3206 1868 3243 in
1886 3204 2009 3244 sacel-

1179 3261 1218 3299 lo
1248 3261 1329 3300 fieri
1362 3259 1498 3311 solito)
1525 3273 1587 3304 xx,
1618 3262 1643 3298 4
1682 3258 1774 3297 8102
1802 3257 2007 3297 sacrarium

1178 3325 1327 3352 summa
1342 3312 1468 3352 colere
1485 3310 1704 3350 caerimonia
1730 3310 1772 3357 ii,
1789 3313 1816 3351 8
1861 3310 1935 3350 coli
1960 3310 2008 3348 li-

1150 3389 1152 3391 >
1178 3365 1268 3404 teris
1283 3366 1332 3403 ab
1345 3366 1475 3416 aliquo
1487 3364 1560 3416 (de
1575 3364 1803 3404 commercio
1825 3363 2008 3415 epistola-

1178 3430 1261 3456 rum
1278 3417 1542 3469 familiarium)
1569 3430 1656 3463 xxv,
1673 3420 1728 3457 20
1943 3433 1948 3438 ·

1127 3470 1370 3511 Collabefieri
1386 3470 1437 3510 ab
1453 3470 1584 3524 aliquo
1609 3470 1749 3512 testula
1774 3469 1830 3517 iii,
1853 3473 1873 3509 1
1903 3468 2002 3520 (ele-

1005 3538 1092 3578 1m1.
1116 3537 1216 3588 Nep.
1871 3535 1897 3572 d
