<?xml version="1.0" encoding="UTF-8"?>
<!DOCTYPE html PUBLIC "-//W3C//DTD XHTML 1.0 Transitional//EN"
    "http://www.w3.org/TR/xhtml1/DTD/xhtml1-transitional.dtd">
<html xmlns="http://www.w3.org/1999/xhtml" xml:lang="en" lang="en">
 <head>
  <title>
</title>
<meta http-equiv="Content-Type" content="text/html;charset=utf-8" />
  <meta name='ocr-system' content='tesseract 3.04.00' />
  <meta name='ocr-capabilities' content='ocr_page ocr_carea ocr_par ocr_line ocrx_word'/>
</head>
<body>
  <div class='ocr_page' id='page_1' title='image "./vitaeexcellentiu02nepouoft_0430.png"; bbox 0 0 2306 3900; ppageno 0'>
   <div class='ocr_carea' id='block_1_1' title="bbox 319 239 409 295">
    <p class='ocr_par' dir='ltr' id='par_1_1' title="bbox 319 239 409 295">
     <span class='ocr_line' id='line_1_1' title="bbox 319 239 409 295; baseline 0.022 -2"><span class='ocrx_word' id='word_1_1' title='bbox 319 239 409 295; x_wconf 83' lang='lat' dir='ltr'>civ</span> 
     </span>
    </p>
   </div>
   <div class='ocr_carea' id='block_1_2' title="bbox 318 353 1197 479">
    <p class='ocr_par' dir='ltr' id='par_1_2' title="bbox 318 353 1197 479">
     <span class='ocr_line' id='line_1_2' title="bbox 318 353 1197 479; baseline -0.006 -59"><span class='ocrx_word' id='word_1_2' title='bbox 318 379 485 479; x_wconf 47' lang='lat' dir='ltr'>odins}</span> <span class='ocrx_word' id='word_1_3' title='bbox 488 375 609 416; x_wconf 81' lang='lat' dir='ltr'>multa</span> <span class='ocrx_word' id='word_1_4' title='bbox 630 353 798 417; x_wconf 83' lang='lat' dir='ltr'>delicate</span> <span class='ocrx_word' id='word_1_5' title='bbox 824 374 1040 429; x_wconf 73' lang='lat' dir='ltr'>jocoseque</span> <span class='ocrx_word' id='word_1_6' title='bbox 1070 375 1197 415; x_wconf 83' lang='lat' dir='ltr'>facere</span> 
     </span>
     <span class='ocr_line' id='line_1_3' title="bbox 373 447 424 471; baseline 0.02 -1"><span class='ocrx_word' id='word_1_7' title='bbox 373 447 424 471; x_wconf 82' lang='lat' dir='ltr'>vn</span> 
     </span>
    </p>
   </div>
   <div class='ocr_carea' id='block_1_3' title="bbox 1142 251 1345 291">
    <p class='ocr_par' dir='ltr' id='par_1_3' title="bbox 1142 251 1345 291">
     <span class='ocr_line' id='line_1_4' title="bbox 1142 251 1345 291; baseline 0.005 -2"><span class='ocrx_word' id='word_1_8' title='bbox 1142 251 1345 291; x_wconf 82' lang='lat' dir='ltr'>INDEX</span> 
     </span>
    </p>
   </div>
   <div class='ocr_carea' id='block_1_4' title="bbox 1311 373 2137 481">
    <p class='ocr_par' dir='ltr' id='par_1_4' title="bbox 1311 373 2137 481">
     <span class='ocr_line' id='line_1_5' title="bbox 1311 373 2137 439; baseline -0.001 -24"><span class='ocrx_word' id='word_1_9' title='bbox 1311 374 1415 415; x_wconf 76' lang='lat' dir='ltr'>ludis</span> <span class='ocrx_word' id='word_1_10' title='bbox 1431 374 1596 439; x_wconf 79' lang='lat' dir='ltr'>Olymp.</span> <span class='ocrx_word' id='word_1_11' title='bbox 1625 373 1676 413; x_wconf 90' lang='lat' dir='ltr'>ad</span> <span class='ocrx_word' id='word_1_12' title='bbox 1695 373 1794 414; x_wconf 78' lang='lat' dir='ltr'>seria</span> <span class='ocrx_word' id='word_1_13' title='bbox 1822 373 2016 414; x_wconf 76' lang='lat' dir='ltr'>transferri</span> <span class='ocrx_word' id='word_1_14' title='bbox 2032 375 2137 429; x_wconf 76' lang='lat' dir='ltr'>eJus·</span> 
     </span>
     <span class='ocr_line' id='line_1_6' title="bbox 1312 427 1978 481; baseline -0.005 -12"><span class='ocrx_word' id='word_1_15' title='bbox 1312 430 1420 470; x_wconf 90' lang='lat' dir='ltr'>modi</span> <span class='ocrx_word' id='word_1_16' title='bbox 1440 443 1514 476; x_wconf 86' lang='lat' dir='ltr'>res,</span> <span class='ocrx_word' id='word_1_17' title='bbox 1536 429 1717 468; x_wconf 88' lang='lat' dir='ltr'>usitatum</span> <span class='ocrx_word' id='word_1_18' title='bbox 1738 434 1780 467; x_wconf 88' lang='lat' dir='ltr'>et</span> <span class='ocrx_word' id='word_1_19' title='bbox 1797 427 1978 481; x_wconf 79' lang='lat' dir='ltr'>elegans)</span> 
     </span>
    </p>
   </div>
   <div class='ocr_carea' id='block_1_5' title="bbox 319 481 2140 561">
    <p class='ocr_par' dir='ltr' id='par_1_5' title="bbox 319 481 2140 561">
     <span class='ocr_line' id='line_1_7' title="bbox 319 481 2140 561; baseline -0.002 -35"><span class='ocrx_word' id='word_1_20' title='bbox 319 487 466 526; x_wconf 82' lang='lat' dir='ltr'><strong>Odium</strong></span> <span class='ocrx_word' id='word_1_21' title='bbox 502 482 670 524; x_wconf 87' lang='lat' dir='ltr'>civitatis</span> <span class='ocrx_word' id='word_1_22' title='bbox 705 482 770 536; x_wconf 86' lang='lat' dir='ltr'>(in</span> <span class='ocrx_word' id='word_1_23' title='bbox 805 481 1023 535; x_wconf 85' lang='lat' dir='ltr'>civitatem)</span> <span class='ocrx_word' id='word_1_24' title='bbox 1070 484 1152 530; x_wconf 84' lang='lat' dir='ltr'>xiii,</span> <span class='ocrx_word' id='word_1_25' title='bbox 1172 487 1196 524; x_wconf 80' lang='lat'><strong>3</strong></span> <span class='ocrx_word' id='word_1_26' title='bbox 1258 483 1456 561; x_wconf 80' lang='lat' dir='ltr'>Olympiae</span> <span class='ocrx_word' id='word_1_27' title='bbox 1470 482 1609 530; x_wconf 88' lang='lat' dir='ltr'>victor,</span> <span class='ocrx_word' id='word_1_28' title='bbox 1623 482 1740 522; x_wconf 83' lang='lat' dir='ltr'>Praef.</span> <span class='ocrx_word' id='word_1_29' title='bbox 1758 481 1844 535; x_wconf 88' lang='lat' dir='ltr'>(Sic</span> <span class='ocrx_word' id='word_1_30' title='bbox 1862 482 2003 522; x_wconf 81' lang='lat' dir='ltr'>Cicero</span> <span class='ocrx_word' id='word_1_31' title='bbox 2019 481 2140 522; x_wconf 75' lang='lat' dir='ltr'>Tusc.</span> 
     </span>
    </p>
   </div>
   <div class='ocr_carea' id='block_1_6' title="bbox 321 535 1217 3546">
    <p class='ocr_par' dir='ltr' id='par_1_6' title="bbox 371 535 1203 1112">
     <span class='ocr_line' id='line_1_8' title="bbox 373 535 1198 591; baseline -0.004 -12"><span class='ocrx_word' id='word_1_32' title='bbox 373 539 505 579; x_wconf 87' lang='lat' dir='ltr'>odium</span> <span class='ocrx_word' id='word_1_33' title='bbox 525 535 612 589; x_wconf 90' lang='lat' dir='ltr'>ejus</span> <span class='ocrx_word' id='word_1_34' title='bbox 623 537 665 576; x_wconf 92' lang='lat' dir='ltr'>in</span> <span class='ocrx_word' id='word_1_35' title='bbox 680 537 756 577; x_wconf 85' lang='lat' dir='ltr'>hoc</span> <span class='ocrx_word' id='word_1_36' title='bbox 773 536 853 575; x_wconf 90' lang='lat' dir='ltr'>viro</span> <span class='ocrx_word' id='word_1_37' title='bbox 867 543 1019 576; x_wconf 87' lang='lat' dir='ltr'>tanturn</span> <span class='ocrx_word' id='word_1_38' title='bbox 1032 543 1092 576; x_wconf 90' lang='lat' dir='ltr'>est</span> <span class='ocrx_word' id='word_1_39' title='bbox 1106 537 1198 591; x_wconf 90' lang='lat' dir='ltr'>(ad-</span> 
     </span>
     <span class='ocr_line' id='line_1_9' title="bbox 372 590 1200 643; baseline -0.001 -12"><span class='ocrx_word' id='word_1_40' title='bbox 372 604 503 632; x_wconf 82' lang='lat' dir='ltr'>versus</span> <span class='ocrx_word' id='word_1_41' title='bbox 536 591 640 631; x_wconf 85' lang='lat' dir='ltr'>hunc</span> <span class='ocrx_word' id='word_1_42' title='bbox 671 590 732 642; x_wconf 74' lang='grc' dir='ltr'>ν.)</span> <span class='ocrx_word' id='word_1_43' title='bbox 773 591 853 637; x_wconf 80' lang='lat' dir='ltr'>xix,</span> <span class='ocrx_word' id='word_1_44' title='bbox 873 593 899 630; x_wconf 89' lang='grc'>4</span> <span class='ocrx_word' id='word_1_45' title='bbox 942 591 1075 629; x_wconf 90' lang='lat' dir='ltr'>odium</span> <span class='ocrx_word' id='word_1_46' title='bbox 1109 604 1200 643; x_wconf 83' lang='lat' dir='ltr'>erga</span> 
     </span>
     <span class='ocr_line' id='line_1_10' title="bbox 371 643 1199 698; baseline 0 -14"><span class='ocrx_word' id='word_1_47' title='bbox 371 646 463 698; x_wconf 89' lang='lat' dir='ltr'>aliq.</span> <span class='ocrx_word' id='word_1_48' title='bbox 490 643 584 690; x_wconf 84' lang='lat' dir='ltr'>xxii,</span> <span class='ocrx_word' id='word_1_49' title='bbox 604 647 644 684; x_wconf 98' lang='grc'>4.</span> <span class='ocrx_word' id='word_1_50' title='bbox 672 644 780 691; x_wconf 82' lang='lat' dir='ltr'>xxiii,</span> <span class='ocrx_word' id='word_1_51' title='bbox 812 648 829 684; x_wconf 91' lang='lat' dir='ltr'>l</span> <span class='ocrx_word' id='word_1_52' title='bbox 882 644 1109 684; x_wconf 81' lang='lat' dir='ltr'>haereditate</span> <span class='ocrx_word' id='word_1_53' title='bbox 1140 658 1199 684; x_wconf 88' lang='lat' dir='ltr'>re-</span> 
     </span>
     <span class='ocr_line' id='line_1_11' title="bbox 371 695 1201 760; baseline -0.004 -21"><span class='ocrx_word' id='word_1_54' title='bbox 371 700 522 745; x_wconf 83' lang='lat' dir='ltr'>lictum,</span> <span class='ocrx_word' id='word_1_55' title='bbox 540 696 639 736; x_wconf 84' lang='lat' dir='ltr'><strong>ibid.</strong></span> <span class='ocrx_word' id='word_1_56' title='bbox 668 695 912 760; x_wconf 79' lang='lat' dir='ltr'><strong>implacabile</strong></span> <span class='ocrx_word' id='word_1_57' title='bbox 940 698 1019 744; x_wconf 81' lang='lat' dir='ltr'>xiv,</span> <span class='ocrx_word' id='word_1_58' title='bbox 1037 701 1063 738; x_wconf 85' lang='lat'>9</span> <span class='ocrx_word' id='word_1_59' title='bbox 1099 698 1201 737; x_wconf 89' lang='lat' dir='ltr'>mili-</span> 
     </span>
     <span class='ocr_line' id='line_1_12' title="bbox 372 749 1201 798; baseline -0.001 -6"><span class='ocrx_word' id='word_1_60' title='bbox 372 759 457 792; x_wconf 89' lang='lat' dir='ltr'>tum</span> <span class='ocrx_word' id='word_1_61' title='bbox 484 765 525 798; x_wconf 85' lang='lat' dir='ltr'>x,</span> <span class='ocrx_word' id='word_1_62' title='bbox 542 754 569 791; x_wconf 81' lang='lat'>8</span> <span class='ocrx_word' id='word_1_63' title='bbox 615 750 707 791; x_wconf 86' lang='lat' dir='ltr'>odio</span> <span class='ocrx_word' id='word_1_64' title='bbox 738 749 999 790; x_wconf 83' lang='lat' dir='ltr'>misericordia</span> <span class='ocrx_word' id='word_1_65' title='bbox 1025 752 1201 791; x_wconf 85' lang='lat' dir='ltr'><strong>succedit</strong></span> 
     </span>
     <span class='ocr_line' id='line_1_13' title="bbox 372 781 1201 867; baseline -0.002 -22"><span class='ocrx_word' id='word_1_66' title='bbox 372 806 448 859; x_wconf 87' lang='lat' dir='ltr'>(sc.</span> <span class='ocrx_word' id='word_1_67' title='bbox 468 781 634 852; x_wconf 85' lang='lat' dir='ltr'>sublato,</span> <span class='ocrx_word' id='word_1_68' title='bbox 654 817 769 857; x_wconf 87' lang='lat' dir='ltr'>quem</span> <span class='ocrx_word' id='word_1_69' title='bbox 789 804 922 844; x_wconf 86' lang='lat' dir='ltr'>odium</span> <span class='ocrx_word' id='word_1_70' title='bbox 952 805 1156 867; x_wconf 88' lang='lat' dir='ltr'>petebat)</span> <span class='ocrx_word' id='word_1_71' title='bbox 1163 819 1201 852; x_wconf 85' lang='lat' dir='ltr'>x,</span> 
     </span>
     <span class='ocr_line' id='line_1_14' title="bbox 375 857 1201 905; baseline -0.004 -5"><span class='ocrx_word' id='word_1_72' title='bbox 375 864 427 900; x_wconf 88' lang='grc'>10</span> <span class='ocrx_word' id='word_1_73' title='bbox 455 857 588 898; x_wconf 85' lang='lat' dir='ltr'>odium</span> <span class='ocrx_word' id='word_1_74' title='bbox 601 858 656 898; x_wconf 87' lang='lat' dir='ltr'>sic</span> <span class='ocrx_word' id='word_1_75' title='bbox 671 857 929 905; x_wconf 85' lang='lat' dir='ltr'>confirmavit,</span> <span class='ocrx_word' id='word_1_76' title='bbox 943 864 986 896; x_wconf 89' lang='lat' dir='ltr'>ut</span> <span class='ocrx_word' id='word_1_77' title='bbox 999 857 1076 897; x_wconf 70' lang='grc' dir='ltr'><strong>ὅτε.</strong></span> <span class='ocrx_word' id='word_1_78' title='bbox 1094 858 1201 905; x_wconf 76' lang='lat' dir='ltr'>xxiii,</span> 
     </span>
     <span class='ocr_line' id='line_1_15' title="bbox 373 911 1202 974; baseline -0.001 -21"><span class='ocrx_word' id='word_1_79' title='bbox 373 918 395 953; x_wconf 90' lang='lat' dir='ltr'>l</span> <span class='ocrx_word' id='word_1_80' title='bbox 444 912 486 952; x_wconf 88' lang='lat' dir='ltr'>in</span> <span class='ocrx_word' id='word_1_81' title='bbox 513 912 646 950; x_wconf 88' lang='lat' dir='ltr'>odium</span> <span class='ocrx_word' id='word_1_82' title='bbox 676 911 842 964; x_wconf 89' lang='lat' dir='ltr'>alicujus</span> <span class='ocrx_word' id='word_1_83' title='bbox 862 912 1061 974; x_wconf 88' lang='lat' dir='ltr'>pervenire</span> <span class='ocrx_word' id='word_1_84' title='bbox 1088 911 1142 959; x_wconf 86' lang='lat' dir='ltr'>vi,</span> <span class='ocrx_word' id='word_1_85' title='bbox 1163 916 1202 952; x_wconf 89' lang='grc'>1.</span> 
     </span>
     <span class='ocr_line' id='line_1_16' title="bbox 373 962 1203 1027; baseline 0 -23"><span class='ocrx_word' id='word_1_86' title='bbox 373 977 453 1013; x_wconf 79' lang='lat' dir='ltr'>m,</span> <span class='ocrx_word' id='word_1_87' title='bbox 471 969 498 1006; x_wconf 90' lang='grc'><strong>2</strong></span> <span class='ocrx_word' id='word_1_88' title='bbox 542 971 588 1003; x_wconf 89' lang='lat' dir='ltr'>ut</span> <span class='ocrx_word' id='word_1_89' title='bbox 617 965 710 1004; x_wconf 91' lang='lat' dir='ltr'>odio</span> <span class='ocrx_word' id='word_1_90' title='bbox 740 962 952 1011; x_wconf 87' lang='lat' dir='ltr'>communi,</span> <span class='ocrx_word' id='word_1_91' title='bbox 971 966 1078 1027; x_wconf 88' lang='lat' dir='ltr'>quod</span> <span class='ocrx_word' id='word_1_92' title='bbox 1112 978 1203 1020; x_wconf 83' lang='lat' dir='ltr'>erga</span> 
     </span>
     <span class='ocr_line' id='line_1_17' title="bbox 372 1017 1203 1072; baseline -0.001 -13"><span class='ocrx_word' id='word_1_93' title='bbox 372 1032 503 1072; x_wconf 86' lang='lat' dir='ltr'>regem</span> <span class='ocrx_word' id='word_1_94' title='bbox 520 1025 784 1071; x_wconf 84' lang='lat' dir='ltr'>susceperant,</span> <span class='ocrx_word' id='word_1_95' title='bbox 813 1017 1005 1059; x_wconf 75' lang='lat' dir='ltr'>contineri</span> <span class='ocrx_word' id='word_1_96' title='bbox 1026 1017 1203 1058; x_wconf 80' lang='lat' dir='ltr'>videren-</span> 
     </span>
     <span class='ocr_line' id='line_1_18' title="bbox 374 1073 614 1118; baseline 0 -6"><span class='ocrx_word' id='word_1_97' title='bbox 374 1080 436 1112; x_wconf 85' lang='lat' dir='ltr'>tur</span> <span class='ocrx_word' id='word_1_98' title='bbox 463 1073 542 1118; x_wconf 83' lang='lat' dir='ltr'>xiv,</span> <span class='ocrx_word' id='word_1_99' title='bbox 563 1076 614 1112; x_wconf 93' lang='lat'>10</span> 
     </span>
    </p>

    <p class='ocr_par' dir='ltr' id='par_1_7' title="bbox 321 1124 1148 1179">
     <span class='ocr_line' id='line_1_19' title="bbox 321 1124 1148 1179; baseline 0 -13"><span class='ocrx_word' id='word_1_100' title='bbox 321 1127 488 1179; x_wconf 88' lang='lat' dir='ltr'>OEdipus</span> <span class='ocrx_word' id='word_1_101' title='bbox 503 1125 693 1178; x_wconf 88' lang='lat' dir='ltr'>parricida</span> <span class='ocrx_word' id='word_1_102' title='bbox 710 1131 751 1164; x_wconf 86' lang='lat' dir='ltr'>et</span> <span class='ocrx_word' id='word_1_103' title='bbox 765 1124 1009 1165; x_wconf 88' lang='lat' dir='ltr'>incestuosus</span> <span class='ocrx_word' id='word_1_104' title='bbox 1037 1139 1102 1173; x_wconf 84' lang='lat' dir='ltr'>xv,</span> <span class='ocrx_word' id='word_1_105' title='bbox 1121 1130 1148 1166; x_wconf 89' lang='lat'><strong>6</strong></span> 
     </span>
    </p>

    <p class='ocr_par' dir='ltr' id='par_1_8' title="bbox 322 1179 1202 1340">
     <span class='ocr_line' id='line_1_20' title="bbox 322 1179 1202 1243; baseline -0.001 -23"><span class='ocrx_word' id='word_1_106' title='bbox 322 1181 536 1221; x_wconf 88' lang='lat' dir='ltr'>Offendere</span> <span class='ocrx_word' id='word_1_107' title='bbox 569 1179 740 1242; x_wconf 85' lang='lat' dir='ltr'>aliquem</span> <span class='ocrx_word' id='word_1_108' title='bbox 774 1179 1010 1243; x_wconf 72' lang='lat' dir='ltr'>imparatum</span> <span class='ocrx_word' id='word_1_109' title='bbox 1041 1180 1202 1233; x_wconf 85' lang='lat' dir='ltr'>(depre-</span> 
     </span>
     <span class='ocr_line' id='line_1_21' title="bbox 374 1227 1201 1286; baseline -0.001 -12"><span class='ocrx_word' id='word_1_110' title='bbox 374 1227 568 1286; x_wconf 80' lang='lat' dir='ltr'>bendere)</span> <span class='ocrx_word' id='word_1_111' title='bbox 596 1234 687 1280; x_wconf 81' lang='lat' dir='ltr'>xvii,</span> <span class='ocrx_word' id='word_1_112' title='bbox 704 1237 729 1272; x_wconf 87' lang='lat'>2</span> <span class='ocrx_word' id='word_1_113' title='bbox 773 1233 1010 1273; x_wconf 85' lang='lat' dir='ltr'>offendere</span> <span class='ocrx_word' id='word_1_114' title='bbox 999 1246 1040 1273; x_wconf 86' lang='lat' dir='ltr'>m</span> <span class='ocrx_word' id='word_1_115' title='bbox 1069 1233 1201 1285; x_wconf 89' lang='lat' dir='ltr'>aliqua</span> 
     </span>
     <span class='ocr_line' id='line_1_22' title="bbox 375 1285 904 1340; baseline 0 -13"><span class='ocrx_word' id='word_1_116' title='bbox 375 1301 417 1327; x_wconf 87' lang='lat' dir='ltr'>re</span> <span class='ocrx_word' id='word_1_117' title='bbox 435 1288 634 1340; x_wconf 89' lang='lat' dir='ltr'>(peccare,</span> <span class='ocrx_word' id='word_1_118' title='bbox 654 1285 754 1339; x_wconf 79' lang='lat' dir='ltr'>labi)</span> <span class='ocrx_word' id='word_1_119' title='bbox 782 1287 861 1333; x_wconf 79' lang='lat' dir='ltr'>xix,</span> <span class='ocrx_word' id='word_1_120' title='bbox 877 1290 904 1327; x_wconf 85' lang='lat'>2</span> 
     </span>
    </p>

    <p class='ocr_par' dir='ltr' id='par_1_9' title="bbox 325 1339 1203 1550">
     <span class='ocr_line' id='line_1_23' title="bbox 325 1339 1203 1403; baseline -0.003 -22"><span class='ocrx_word' id='word_1_121' title='bbox 325 1341 507 1381; x_wconf 82' lang='lat' dir='ltr'>Offensio</span> <span class='ocrx_word' id='word_1_122' title='bbox 545 1340 682 1392; x_wconf 91' lang='lat' dir='ltr'>populi</span> <span class='ocrx_word' id='word_1_123' title='bbox 714 1339 892 1403; x_wconf 84' lang='lat' dir='ltr'>(odium)</span> <span class='ocrx_word' id='word_1_124' title='bbox 932 1354 970 1387; x_wconf 83' lang='lat' dir='ltr'>x,</span> <span class='ocrx_word' id='word_1_125' title='bbox 990 1344 1016 1381; x_wconf 88' lang='grc'><strong>8</strong></span> <span class='ocrx_word' id='word_1_126' title='bbox 1061 1353 1203 1392; x_wconf 84' lang='lat' dir='ltr'>magna</span> 
     </span>
     <span class='ocr_line' id='line_1_24' title="bbox 374 1393 1202 1439; baseline -0.004 -4"><span class='ocrx_word' id='word_1_127' title='bbox 374 1409 463 1435; x_wconf 88' lang='lat' dir='ltr'>cum</span> <span class='ocrx_word' id='word_1_128' title='bbox 483 1394 699 1434; x_wconf 87' lang='lat' dir='ltr'>offensione</span> <span class='ocrx_word' id='word_1_129' title='bbox 714 1393 858 1434; x_wconf 87' lang='lat' dir='ltr'>civium</span> <span class='ocrx_word' id='word_1_130' title='bbox 875 1394 903 1439; x_wconf 91' lang='lat' dir='ltr'>i,</span> <span class='ocrx_word' id='word_1_131' title='bbox 918 1398 943 1434; x_wconf 79' lang='lat'>7</span> <span class='ocrx_word' id='word_1_132' title='bbox 972 1393 1057 1433; x_wconf 91' lang='lat' dir='ltr'>sine</span> <span class='ocrx_word' id='word_1_133' title='bbox 1076 1393 1202 1433; x_wconf 87' lang='lat' dir='ltr'>offen-</span> 
     </span>
     <span class='ocr_line' id='line_1_25' title="bbox 377 1446 1202 1499; baseline -0.002 -11"><span class='ocrx_word' id='word_1_134' title='bbox 377 1450 488 1488; x_wconf 86' lang='lat' dir='ltr'>sione</span> <span class='ocrx_word' id='word_1_135' title='bbox 526 1461 620 1496; x_wconf 81' lang='lat' dir='ltr'>xxv,</span> <span class='ocrx_word' id='word_1_136' title='bbox 653 1452 678 1488; x_wconf 99' lang='lat'><strong>5</strong></span> <span class='ocrx_word' id='word_1_137' title='bbox 736 1460 825 1487; x_wconf 88' lang='lat' dir='ltr'>cum</span> <span class='ocrx_word' id='word_1_138' title='bbox 861 1447 1080 1487; x_wconf 85' lang='lat' dir='ltr'>offensione</span> <span class='ocrx_word' id='word_1_139' title='bbox 1115 1446 1202 1499; x_wconf 86' lang='lat' dir='ltr'>ejus</span> 
     </span>
     <span class='ocr_line' id='line_1_26' title="bbox 375 1505 510 1550; baseline 0.022 -9"><span class='ocrx_word' id='word_1_140' title='bbox 375 1516 466 1550; x_wconf 79' lang='lat' dir='ltr'>xxv,</span> <span class='ocrx_word' id='word_1_141' title='bbox 483 1505 510 1544; x_wconf 85' lang='grc'><strong>7</strong></span> 
     </span>
    </p>

    <p class='ocr_par' dir='ltr' id='par_1_10' title="bbox 322 1553 1201 1660">
     <span class='ocr_line' id='line_1_27' title="bbox 322 1553 1197 1600; baseline -0.005 -4"><span class='ocrx_word' id='word_1_142' title='bbox 322 1555 508 1596; x_wconf 89' lang='lat' dir='ltr'>Offensus</span> <span class='ocrx_word' id='word_1_143' title='bbox 521 1555 677 1594; x_wconf 84' lang='lat' dir='ltr'>fortuna</span> <span class='ocrx_word' id='word_1_144' title='bbox 703 1567 742 1600; x_wconf 90' lang='lat' dir='ltr'>v,</span> <span class='ocrx_word' id='word_1_145' title='bbox 757 1558 783 1595; x_wconf 90' lang='grc'><strong>4</strong></span> <span class='ocrx_word' id='word_1_146' title='bbox 803 1554 954 1593; x_wconf 84' lang='lat' dir='ltr'>offensa</span> <span class='ocrx_word' id='word_1_147' title='bbox 966 1554 1006 1592; x_wconf 91' lang='lat' dir='ltr'>in</span> <span class='ocrx_word' id='word_1_148' title='bbox 1017 1567 1106 1594; x_wconf 89' lang='lat' dir='ltr'>eum</span> <span class='ocrx_word' id='word_1_149' title='bbox 1126 1553 1197 1592; x_wconf 89' lang='lat' dir='ltr'>mi-</span> 
     </span>
     <span class='ocr_line' id='line_1_28' title="bbox 376 1607 1201 1660; baseline 0.001 -13"><span class='ocrx_word' id='word_1_150' title='bbox 376 1609 488 1649; x_wconf 86' lang='lat' dir='ltr'>litum</span> <span class='ocrx_word' id='word_1_151' title='bbox 505 1609 709 1648; x_wconf 85' lang='lat' dir='ltr'>voluntate</span> <span class='ocrx_word' id='word_1_152' title='bbox 726 1607 914 1660; x_wconf 87' lang='lat' dir='ltr'>(infensa,</span> <span class='ocrx_word' id='word_1_153' title='bbox 932 1607 1097 1659; x_wconf 85' lang='lat' dir='ltr'>infesta)</span> <span class='ocrx_word' id='word_1_154' title='bbox 1122 1622 1162 1654; x_wconf 83' lang='lat' dir='ltr'>x,</span> <span class='ocrx_word' id='word_1_155' title='bbox 1176 1612 1201 1648; x_wconf 83' lang='grc'><strong>7</strong></span> 
     </span>
    </p>

    <p class='ocr_par' dir='ltr' id='par_1_11' title="bbox 323 1637 1204 1767">
     <span class='ocr_line' id='line_1_29' title="bbox 323 1637 1204 1725; baseline -0.003 -22"><span class='ocrx_word' id='word_1_156' title='bbox 323 1663 474 1703; x_wconf 87' lang='lat' dir='ltr'>Offerre</span> <span class='ocrx_word' id='word_1_157' title='bbox 493 1676 534 1702; x_wconf 88' lang='lat' dir='ltr'>se</span> <span class='ocrx_word' id='word_1_158' title='bbox 550 1661 723 1725; x_wconf 85' lang='lat' dir='ltr'>periculo</span> <span class='ocrx_word' id='word_1_159' title='bbox 739 1661 903 1714; x_wconf 87' lang='lat' dir='ltr'>(audere</span> <span class='ocrx_word' id='word_1_160' title='bbox 917 1674 997 1700; x_wconf 82' lang='lat' dir='ltr'>rem</span> <span class='ocrx_word' id='word_1_161' title='bbox 1012 1637 1204 1713; x_wconf 66' lang='lat' dir='ltr'>pericul’o-</span> 
     </span>
     <span class='ocr_line' id='line_1_30' title="bbox 379 1712 1148 1767; baseline -0.001 -12"><span class='ocrx_word' id='word_1_162' title='bbox 379 1716 480 1767; x_wconf 90' lang='lat' dir='ltr'>sam)</span> <span class='ocrx_word' id='word_1_163' title='bbox 507 1716 586 1763; x_wconf 85' lang='lat' dir='ltr'>xvi,</span> <span class='ocrx_word' id='word_1_164' title='bbox 604 1719 630 1756; x_wconf 83' lang='lat'>2</span> <span class='ocrx_word' id='word_1_165' title='bbox 659 1712 788 1754; x_wconf 89' lang='lat' dir='ltr'>locum</span> <span class='ocrx_word' id='word_1_166' title='bbox 805 1715 883 1754; x_wconf 84' lang='lat' dir='ltr'>fors</span> <span class='ocrx_word' id='word_1_167' title='bbox 902 1714 1031 1761; x_wconf 77' lang='lat' dir='ltr'>offert,</span> <span class='ocrx_word' id='word_1_168' title='bbox 1049 1714 1148 1754; x_wconf 86' lang='lat' dir='ltr'>ibid.</span> 
     </span>
    </p>

    <p class='ocr_par' dir='ltr' id='par_1_12' title="bbox 324 1767 1204 1870">
     <span class='ocr_line' id='line_1_31' title="bbox 324 1767 1204 1822; baseline 0 -12"><span class='ocrx_word' id='word_1_169' title='bbox 324 1770 511 1810; x_wconf 90' lang='lat' dir='ltr'>Officinas</span> <span class='ocrx_word' id='word_1_170' title='bbox 539 1781 729 1808; x_wconf 87' lang='lat' dir='ltr'>armorum</span> <span class='ocrx_word' id='word_1_171' title='bbox 746 1769 916 1808; x_wconf 89' lang='lat' dir='ltr'>instituit</span> <span class='ocrx_word' id='word_1_172' title='bbox 932 1767 1080 1821; x_wconf 84' lang='lat' dir='ltr'>Ephesi</span> <span class='ocrx_word' id='word_1_173' title='bbox 1095 1769 1204 1822; x_wconf 82' lang='lat' dir='ltr'>Age-</span> 
     </span>
     <span class='ocr_line' id='line_1_32' title="bbox 377 1823 662 1870; baseline 0 -7"><span class='ocrx_word' id='word_1_174' title='bbox 377 1824 494 1863; x_wconf 89' lang='lat' dir='ltr'>silaus</span> <span class='ocrx_word' id='word_1_175' title='bbox 525 1823 618 1870; x_wconf 83' lang='lat' dir='ltr'>xvii,</span> <span class='ocrx_word' id='word_1_176' title='bbox 638 1826 662 1863; x_wconf 81' lang='lat'>3</span> 
     </span>
    </p>

    <p class='ocr_par' dir='ltr' id='par_1_13' title="bbox 324 1874 1216 3324">
     <span class='ocr_line' id='line_1_33' title="bbox 324 1874 1204 1929; baseline 0 -13"><span class='ocrx_word' id='word_1_177' title='bbox 324 1877 535 1926; x_wconf 86' lang='lat' dir='ltr'>Officium:</span> <span class='ocrx_word' id='word_1_178' title='bbox 576 1874 651 1929; x_wconf 79' lang='grc' dir='ltr'>(τὰ</span> <span class='ocrx_word' id='word_1_179' title='bbox 675 1874 894 1924; x_wconf 76' lang='grc' dir='ltr'>καθήκοντα</span> <span class='ocrx_word' id='word_1_180' title='bbox 921 1876 1097 1928; x_wconf 82' lang='lat' dir='ltr'>respicit,</span> <span class='ocrx_word' id='word_1_181' title='bbox 1124 1889 1204 1929; x_wconf 91' lang='lat' dir='ltr'>quo</span> 
     </span>
     <span class='ocr_line' id='line_1_34' title="bbox 378 1929 1204 1983; baseline -0.002 -12"><span class='ocrx_word' id='word_1_182' title='bbox 378 1945 493 1971; x_wconf 87' lang='lat' dir='ltr'>sensu</span> <span class='ocrx_word' id='word_1_183' title='bbox 515 1930 654 1971; x_wconf 89' lang='lat' dir='ltr'>Cicero</span> <span class='ocrx_word' id='word_1_184' title='bbox 673 1931 790 1970; x_wconf 87' lang='lat' dir='ltr'>libros</span> <span class='ocrx_word' id='word_1_185' title='bbox 807 1931 859 1970; x_wconf 91' lang='lat' dir='ltr'>de</span> <span class='ocrx_word' id='word_1_186' title='bbox 872 1929 1050 1969; x_wconf 86' lang='lat' dir='ltr'>Officiis</span> <span class='ocrx_word' id='word_1_187' title='bbox 1040 1931 1204 1983; x_wconf 78' lang='lat' dir='ltr'>inscrip-</span> 
     </span>
     <span class='ocr_line' id='line_1_35' title="bbox 379 1983 1202 2038; baseline -0.002 -13"><span class='ocrx_word' id='word_1_188' title='bbox 379 1984 450 2038; x_wconf 89' lang='lat' dir='ltr'>sit)</span> <span class='ocrx_word' id='word_1_189' title='bbox 500 1984 628 2025; x_wconf 87' lang='lat' dir='ltr'>officio</span> <span class='ocrx_word' id='word_1_190' title='bbox 646 1985 814 2024; x_wconf 88' lang='lat' dir='ltr'>tribuere</span> <span class='ocrx_word' id='word_1_191' title='bbox 843 1983 992 2036; x_wconf 86' lang='lat' dir='ltr'>aliquid</span> <span class='ocrx_word' id='word_1_192' title='bbox 1026 1984 1202 2038; x_wconf 86' lang='lat' dir='ltr'>(honesti</span> 
     </span>
     <span class='ocr_line' id='line_1_36' title="bbox 378 2034 1207 2100; baseline -0.001 -22"><span class='ocrx_word' id='word_1_193' title='bbox 378 2037 554 2091; x_wconf 88' lang='lat' dir='ltr'>rectique</span> <span class='ocrx_word' id='word_1_194' title='bbox 572 2034 701 2078; x_wconf 89' lang='lat' dir='ltr'>studio</span> <span class='ocrx_word' id='word_1_195' title='bbox 720 2037 871 2091; x_wconf 80' lang='lat' dir='ltr'>facere)</span> <span class='ocrx_word' id='word_1_196' title='bbox 900 2051 990 2086; x_wconf 84' lang='lat' dir='ltr'>xxv,</span> <span class='ocrx_word' id='word_1_197' title='bbox 1008 2042 1035 2079; x_wconf 98' lang='lat'><strong>6</strong></span> <span class='ocrx_word' id='word_1_198' title='bbox 1076 2037 1207 2100; x_wconf 86' lang='lat' dir='ltr'>(conf.</span> 
     </span>
     <span class='ocr_line' id='line_1_37' title="bbox 378 2091 1208 2146; baseline 0 -15"><span class='ocrx_word' id='word_1_199' title='bbox 378 2107 469 2140; x_wconf 82' lang='lat' dir='ltr'>xxv,</span> <span class='ocrx_word' id='word_1_200' title='bbox 487 2093 550 2146; x_wconf 88' lang='grc'>4).</span> <span class='ocrx_word' id='word_1_201' title='bbox 595 2092 766 2132; x_wconf 85' lang='lat' dir='ltr'>officium</span> <span class='ocrx_word' id='word_1_202' title='bbox 785 2092 858 2145; x_wconf 90' lang='lat' dir='ltr'>(de</span> <span class='ocrx_word' id='word_1_203' title='bbox 877 2091 1093 2144; x_wconf 83' lang='lat' dir='ltr'>obsequio·</span> <span class='ocrx_word' id='word_1_204' title='bbox 1083 2105 1208 2144; x_wconf 76' lang='lat' dir='ltr'>impe-</span> 
     </span>
     <span class='ocr_line' id='line_1_38' title="bbox 378 2145 1209 2199; baseline -0.001 -13"><span class='ocrx_word' id='word_1_205' title='bbox 378 2147 553 2186; x_wconf 86' lang='lat' dir='ltr'>rantibus</span> <span class='ocrx_word' id='word_1_206' title='bbox 572 2145 756 2199; x_wconf 86' lang='lat' dir='ltr'>debito)·</span> <span class='ocrx_word' id='word_1_207' title='bbox 748 2175 758 2184; x_wconf 85' lang='lat'>.</span> <span class='ocrx_word' id='word_1_208' title='bbox 801 2146 852 2184; x_wconf 87' lang='lat' dir='ltr'>ad</span> <span class='ocrx_word' id='word_1_209' title='bbox 887 2145 1056 2185; x_wconf 87' lang='lat' dir='ltr'>officium</span> <span class='ocrx_word' id='word_1_210' title='bbox 1084 2146 1209 2185; x_wconf 87' lang='lat' dir='ltr'>redire</span> 
     </span>
     <span class='ocr_line' id='line_1_39' title="bbox 379 2198 1208 2252; baseline -0.001 -13"><span class='ocrx_word' id='word_1_211' title='bbox 379 2201 408 2246; x_wconf 87' lang='lat' dir='ltr'>i,</span> <span class='ocrx_word' id='word_1_212' title='bbox 423 2205 463 2241; x_wconf 88' lang='grc'>7.</span> <span class='ocrx_word' id='word_1_213' title='bbox 491 2201 582 2247; x_wconf 80' lang='lat' dir='ltr'>xvii,</span> <span class='ocrx_word' id='word_1_214' title='bbox 602 2205 642 2240; x_wconf 89' lang='grc'>5.</span> <span class='ocrx_word' id='word_1_215' title='bbox 670 2214 709 2246; x_wconf 87' lang='lat' dir='ltr'>v,</span> <span class='ocrx_word' id='word_1_216' title='bbox 728 2203 754 2241; x_wconf 87' lang='grc'><strong>2</strong></span> <span class='ocrx_word' id='word_1_217' title='bbox 793 2198 871 2252; x_wconf 85' lang='lat' dir='ltr'>(sic</span> <span class='ocrx_word' id='word_1_218' title='bbox 890 2205 930 2238; x_wconf 92' lang='lat' dir='ltr'>et</span> <span class='ocrx_word' id='word_1_219' title='bbox 943 2199 1105 2239; x_wconf 85' lang='lat' dir='ltr'>Sueton.</span> <span class='ocrx_word' id='word_1_220' title='bbox 1123 2199 1208 2239; x_wconf 81' lang='lat' dir='ltr'>Jul.</span> 
     </span>
     <span class='ocr_line' id='line_1_40' title="bbox 379 2253 1210 2305; baseline -0.002 -11"><span class='ocrx_word' id='word_1_221' title='bbox 379 2254 470 2305; x_wconf 91' lang='grc'><strong>69).</strong></span> <span class='ocrx_word' id='word_1_222' title='bbox 501 2255 552 2293; x_wconf 86' lang='lat' dir='ltr'>ad</span> <span class='ocrx_word' id='word_1_223' title='bbox 572 2253 741 2293; x_wconf 87' lang='lat' dir='ltr'>officium</span> <span class='ocrx_word' id='word_1_224' title='bbox 770 2253 956 2292; x_wconf 84' lang='lat' dir='ltr'>reducere</span> <span class='ocrx_word' id='word_1_225' title='bbox 982 2253 1065 2300; x_wconf 87' lang='lat' dir='ltr'>xiv,</span> <span class='ocrx_word' id='word_1_226' title='bbox 1095 2257 1121 2294; x_wconf 83' lang='lat'><strong>2</strong></span> <span class='ocrx_word' id='word_1_227' title='bbox 1167 2254 1210 2292; x_wconf 89' lang='lat' dir='ltr'>in</span> 
     </span>
     <span class='ocr_line' id='line_1_41' title="bbox 380 2305 1210 2353; baseline 0.001 -8"><span class='ocrx_word' id='word_1_228' title='bbox 380 2307 508 2346; x_wconf 83' lang='lat' dir='ltr'>officio</span> <span class='ocrx_word' id='word_1_229' title='bbox 542 2319 696 2346; x_wconf 89' lang='lat' dir='ltr'>manere</span> <span class='ocrx_word' id='word_1_230' title='bbox 731 2305 838 2353; x_wconf 83' lang='lat' dir='ltr'>xviii,</span> <span class='ocrx_word' id='word_1_231' title='bbox 857 2310 884 2347; x_wconf 91' lang='lat'><strong>6</strong></span> <span class='ocrx_word' id='word_1_232' title='bbox 938 2319 1019 2344; x_wconf 90' lang='lat' dir='ltr'>non</span> <span class='ocrx_word' id='word_1_233' title='bbox 1054 2318 1210 2346; x_wconf 86' lang='lat' dir='ltr'>manere</span> 
     </span>
     <span class='ocr_line' id='line_1_42' title="bbox 378 2359 1210 2409; baseline 0 -11"><span class='ocrx_word' id='word_1_234' title='bbox 378 2360 435 2407; x_wconf 88' lang='lat' dir='ltr'>iii,</span> <span class='ocrx_word' id='word_1_235' title='bbox 453 2364 480 2400; x_wconf 87' lang='grc'><strong>9</strong></span> <span class='ocrx_word' id='word_1_236' title='bbox 519 2359 644 2409; x_wconf 88' lang='lat' dir='ltr'>(Caes.</span> <span class='ocrx_word' id='word_1_237' title='bbox 662 2359 804 2405; x_wconf 83' lang='lat' dir='ltr'>dixit,</span> <span class='ocrx_word' id='word_1_238' title='bbox 822 2360 871 2397; x_wconf 87' lang='lat' dir='ltr'>ab</span> <span class='ocrx_word' id='word_1_239' title='bbox 891 2360 1020 2398; x_wconf 87' lang='lat' dir='ltr'>officio</span> <span class='ocrx_word' id='word_1_240' title='bbox 1035 2360 1210 2398; x_wconf 86' lang='lat' dir='ltr'>discede-</span> 
     </span>
     <span class='ocr_line' id='line_1_43' title="bbox 379 2411 1210 2475; baseline -0.002 -23"><span class='ocrx_word' id='word_1_241' title='bbox 379 2426 420 2452; x_wconf 88' lang='lat' dir='ltr'>re</span> <span class='ocrx_word' id='word_1_242' title='bbox 439 2418 480 2452; x_wconf 90' lang='lat' dir='ltr'>et</span> <span class='ocrx_word' id='word_1_243' title='bbox 497 2412 701 2452; x_wconf 87' lang='lat' dir='ltr'>decedere&#39;</span> <span class='ocrx_word' id='word_1_244' title='bbox 734 2413 783 2451; x_wconf 90' lang='grc' dir='ltr'>Β.</span> <span class='ocrx_word' id='word_1_245' title='bbox 816 2411 921 2451; x_wconf 87' lang='lat' dir='ltr'>Gall.</span> <span class='ocrx_word' id='word_1_246' title='bbox 940 2412 1007 2451; x_wconf 91' lang='lat' dir='ltr'>lib.</span> <span class='ocrx_word' id='word_1_247' title='bbox 1029 2416 1051 2452; x_wconf 92' lang='lat'>1</span> <span class='ocrx_word' id='word_1_248' title='bbox 1089 2418 1130 2452; x_wconf 88' lang='lat' dir='ltr'>et</span> <span class='ocrx_word' id='word_1_249' title='bbox 1139 2412 1210 2475; x_wconf 88' lang='grc'>5).</span> 
     </span>
     <span class='ocr_line' id='line_1_44' title="bbox 380 2463 1210 2518; baseline -0.001 -13"><span class='ocrx_word' id='word_1_250' title='bbox 380 2466 508 2506; x_wconf 86' lang='lat' dir='ltr'>officia</span> <span class='ocrx_word' id='word_1_251' title='bbox 528 2471 708 2518; x_wconf 82' lang='lat' dir='ltr'>praestare</span> <span class='ocrx_word' id='word_1_252' title='bbox 736 2465 852 2505; x_wconf 90' lang='lat' dir='ltr'>alicui</span> <span class='ocrx_word' id='word_1_253' title='bbox 871 2465 1081 2518; x_wconf 86' lang='lat' dir='ltr'>(tanquam</span> <span class='ocrx_word' id='word_1_254' title='bbox 1114 2463 1210 2505; x_wconf 87' lang='lat' dir='ltr'>civis</span> 
     </span>
     <span class='ocr_line' id='line_1_45' title="bbox 381 2519 1213 2572; baseline -0.004 -12"><span class='ocrx_word' id='word_1_255' title='bbox 381 2520 459 2560; x_wconf 89' lang='lat' dir='ltr'>civi</span> <span class='ocrx_word' id='word_1_256' title='bbox 476 2526 518 2559; x_wconf 93' lang='lat' dir='ltr'>et</span> <span class='ocrx_word' id='word_1_257' title='bbox 537 2519 799 2572; x_wconf 85' lang='lat' dir='ltr'>magistratui,</span> <span class='ocrx_word' id='word_1_258' title='bbox 809 2531 897 2558; x_wconf 86' lang='lat' dir='ltr'>cum</span> <span class='ocrx_word' id='word_1_259' title='bbox 922 2525 1017 2558; x_wconf 89' lang='lat' dir='ltr'>nota</span> <span class='ocrx_word' id='word_1_260' title='bbox 1034 2519 1213 2570; x_wconf 87' lang='lat' dir='ltr'>obsequii</span> 
     </span>
     <span class='ocr_line' id='line_1_46' title="bbox 379 2572 1210 2626; baseline 0 -14"><span class='ocrx_word' id='word_1_261' title='bbox 379 2586 471 2626; x_wconf 89' lang='lat' dir='ltr'>erga</span> <span class='ocrx_word' id='word_1_262' title='bbox 485 2573 675 2626; x_wconf 88' lang='lat' dir='ltr'>imper.)</span> <span class='ocrx_word' id='word_1_263' title='bbox 665 2586 692 2619; x_wconf 86' lang='lat'>1,</span> <span class='ocrx_word' id='word_1_264' title='bbox 704 2577 730 2613; x_wconf 86' lang='lat'>2</span> <span class='ocrx_word' id='word_1_265' title='bbox 751 2572 1020 2625; x_wconf 76' lang='lat' dir='ltr'>(significatus</span> <span class='ocrx_word' id='word_1_266' title='bbox 1036 2573 1210 2612; x_wconf 91' lang='lat' dir='ltr'>benevo-</span> 
     </span>
     <span class='ocr_line' id='line_1_47' title="bbox 380 2626 1214 2679; baseline -0.001 -12"><span class='ocrx_word' id='word_1_267' title='bbox 380 2628 514 2667; x_wconf 81' lang='lat' dir='ltr'>lentiae</span> <span class='ocrx_word' id='word_1_268' title='bbox 543 2633 584 2666; x_wconf 89' lang='lat' dir='ltr'>et</span> <span class='ocrx_word' id='word_1_269' title='bbox 612 2633 775 2679; x_wconf 81' lang='lat' dir='ltr'>promtae</span> <span class='ocrx_word' id='word_1_270' title='bbox 791 2626 1058 2673; x_wconf 84' lang='lat' dir='ltr'>humanitatis,</span> <span class='ocrx_word' id='word_1_271' title='bbox 1077 2639 1124 2666; x_wconf 91' lang='lat' dir='ltr'>ac</span> <span class='ocrx_word' id='word_1_272' title='bbox 1144 2639 1214 2678; x_wconf 90' lang='lat' dir='ltr'>per</span> 
     </span>
     <span class='ocr_line' id='line_1_48' title="bbox 379 2680 1212 2733; baseline -0.002 -12"><span class='ocrx_word' id='word_1_273' title='bbox 379 2683 465 2721; x_wconf 85' lang='lat' dir='ltr'>haec</span> <span class='ocrx_word' id='word_1_274' title='bbox 480 2680 805 2733; x_wconf 82' lang='lat' dir='ltr'>praestitae&#39;operae</span> <span class='ocrx_word' id='word_1_275' title='bbox 822 2686 882 2719; x_wconf 88' lang='lat' dir='ltr'>est</span> <span class='ocrx_word' id='word_1_276' title='bbox 898 2681 940 2719; x_wconf 91' lang='lat' dir='ltr'>in</span> <span class='ocrx_word' id='word_1_277' title='bbox 957 2680 1076 2733; x_wconf 81' lang='lat' dir='ltr'>istis).</span> <span class='ocrx_word' id='word_1_278' title='bbox 1091 2680 1212 2719; x_wconf 89' lang='lat' dir='ltr'>offici-</span> 
     </span>
     <span class='ocr_line' id='line_1_49' title="bbox 383 2733 1211 2797; baseline -0.004 -23"><span class='ocrx_word' id='word_1_279' title='bbox 383 2749 447 2774; x_wconf 88' lang='lat' dir='ltr'>um</span> <span class='ocrx_word' id='word_1_280' title='bbox 462 2749 573 2774; x_wconf 88' lang='lat' dir='ltr'>suum</span> <span class='ocrx_word' id='word_1_281' title='bbox 587 2739 767 2787; x_wconf 88' lang='lat' dir='ltr'>praestare</span> <span class='ocrx_word' id='word_1_282' title='bbox 779 2734 856 2797; x_wconf 68' lang='lat' dir='ltr'>(sq.</span> <span class='ocrx_word' id='word_1_283' title='bbox 870 2734 910 2773; x_wconf 90' lang='lat' dir='ltr'>in</span> <span class='ocrx_word' id='word_1_284' title='bbox 925 2733 1103 2796; x_wconf 89' lang='lat' dir='ltr'>judicio)</span> <span class='ocrx_word' id='word_1_285' title='bbox 1122 2747 1211 2781; x_wconf 84' lang='lat' dir='ltr'>xxv,</span> 
     </span>
     <span class='ocr_line' id='line_1_50' title="bbox 381 2787 1212 2849; baseline -0.002 -21"><span class='ocrx_word' id='word_1_286' title='bbox 381 2794 408 2830; x_wconf 84' lang='lat'>9</span> <span class='ocrx_word' id='word_1_287' title='bbox 437 2788 607 2828; x_wconf 84' lang='lat' dir='ltr'>officium</span> <span class='ocrx_word' id='word_1_288' title='bbox 627 2788 785 2849; x_wconf 89' lang='lat' dir='ltr'>aliquod</span> <span class='ocrx_word' id='word_1_289' title='bbox 801 2787 878 2827; x_wconf 87' lang='lat' dir='ltr'>alia</span> <span class='ocrx_word' id='word_1_290' title='bbox 896 2787 1128 2831; x_wconf 84' lang='lat' dir='ltr'>liberalitate</span> <span class='ocrx_word' id='word_1_291' title='bbox 1143 2801 1212 2827; x_wconf 86' lang='lat' dir='ltr'>au·</span> 
     </span>
     <span class='ocr_line' id='line_1_51' title="bbox 382 2840 1212 2895; baseline 0 -13"><span class='ocrx_word' id='word_1_292' title='bbox 382 2856 471 2895; x_wconf 87' lang='lat' dir='ltr'>gere</span> <span class='ocrx_word' id='word_1_293' title='bbox 490 2843 564 2895; x_wconf 90' lang='lat' dir='ltr'>(de</span> <span class='ocrx_word' id='word_1_294' title='bbox 582 2840 751 2895; x_wconf 87' lang='lat' dir='ltr'>pecunia</span> <span class='ocrx_word' id='word_1_295' title='bbox 769 2847 906 2883; x_wconf 80' lang='lat' dir='ltr'>mutuo</span> <span class='ocrx_word' id='word_1_296' title='bbox 925 2840 1039 2895; x_wconf 84' lang='lat' dir='ltr'>data)</span> <span class='ocrx_word' id='word_1_297' title='bbox 1076 2855 1167 2888; x_wconf 81' lang='lat' dir='ltr'>xxv,</span> <span class='ocrx_word' id='word_1_298' title='bbox 1186 2845 1212 2882; x_wconf 86' lang='lat'><strong>2</strong></span> 
     </span>
     <span class='ocr_line' id='line_1_52' title="bbox 381 2895 1214 2948; baseline -0.002 -12"><span class='ocrx_word' id='word_1_299' title='bbox 381 2897 512 2936; x_wconf 86' lang='lat' dir='ltr'>officia</span> <span class='ocrx_word' id='word_1_300' title='bbox 535 2902 716 2948; x_wconf 84' lang='lat' dir='ltr'>praestare</span> <span class='ocrx_word' id='word_1_301' title='bbox 742 2895 878 2935; x_wconf 89' lang='lat' dir='ltr'>amicis</span> <span class='ocrx_word' id='word_1_302' title='bbox 911 2909 1000 2942; x_wconf 80' lang='lat' dir='ltr'>xxv,</span> <span class='ocrx_word' id='word_1_303' title='bbox 1019 2899 1045 2935; x_wconf 90' lang='lat'>8</span> <span class='ocrx_word' id='word_1_304' title='bbox 1091 2895 1214 2948; x_wconf 90' lang='lat' dir='ltr'>(sicut</span> 
     </span>
     <span class='ocr_line' id='line_1_53' title="bbox 382 2948 1214 3001; baseline -0.002 -12"><span class='ocrx_word' id='word_1_305' title='bbox 382 2950 504 2990; x_wconf 83' lang='lat' dir='ltr'>alibi.</span> <span class='ocrx_word' id='word_1_306' title='bbox 555 2949 794 2989; x_wconf 89' lang='lat' dir='ltr'>necessariis.</span> <span class='ocrx_word' id='word_1_307' title='bbox 831 2948 1121 3001; x_wconf 89' lang='lat' dir='ltr'>includiturque</span> <span class='ocrx_word' id='word_1_308' title='bbox 1150 2949 1214 2988; x_wconf 87' lang='lat' dir='ltr'>hie</span> 
     </span>
     <span class='ocr_line' id='line_1_54' title="bbox 381 3001 1214 3055; baseline -0.001 -13"><span class='ocrx_word' id='word_1_309' title='bbox 381 3009 580 3055; x_wconf 82' lang='lat' dir='ltr'>respectus</span> <span class='ocrx_word' id='word_1_310' title='bbox 598 3005 669 3043; x_wconf 77' lang='grc' dir='ltr'>τοῦ</span> <span class='ocrx_word' id='word_1_311' title='bbox 697 3001 970 3055; x_wconf 80' lang='grc' dir='ltr'>καθήκοντος).</span> <span class='ocrx_word' id='word_1_312' title='bbox 1007 3002 1133 3041; x_wconf 88' lang='lat' dir='ltr'>officia</span> <span class='ocrx_word' id='word_1_313' title='bbox 1152 3016 1214 3041; x_wconf 91' lang='lat' dir='ltr'>ur-</span> 
     </span>
     <span class='ocr_line' id='line_1_55' title="bbox 381 3055 1214 3119; baseline -0.004 -22"><span class='ocrx_word' id='word_1_314' title='bbox 381 3058 486 3097; x_wconf 86' lang='lat' dir='ltr'>bana</span> <span class='ocrx_word' id='word_1_315' title='bbox 513 3070 602 3104; x_wconf 73' lang='lat' dir='ltr'>xxV,</span> <span class='ocrx_word' id='word_1_316' title='bbox 621 3059 647 3097; x_wconf 86' lang='grc'><strong>4</strong></span> <span class='ocrx_word' id='word_1_317' title='bbox 675 3056 781 3119; x_wconf 88' lang='lat' dir='ltr'>(scil.</span> <span class='ocrx_word' id='word_1_318' title='bbox 801 3056 1026 3095; x_wconf 86' lang='lat' dir='ltr'>solennibus</span> <span class='ocrx_word' id='word_1_319' title='bbox 1045 3055 1214 3108; x_wconf 87' lang='lat' dir='ltr'>negotiis</span> 
     </span>
     <span class='ocr_line' id='line_1_56' title="bbox 383 3109 1215 3163; baseline -0.001 -14"><span class='ocrx_word' id='word_1_320' title='bbox 383 3110 425 3149; x_wconf 90' lang='lat' dir='ltr'>in</span> <span class='ocrx_word' id='word_1_321' title='bbox 443 3111 538 3150; x_wconf 89' lang='lat' dir='ltr'>urbe</span> <span class='ocrx_word' id='word_1_322' title='bbox 556 3109 727 3163; x_wconf 85' lang='lat' dir='ltr'>praestari</span> <span class='ocrx_word' id='word_1_323' title='bbox 755 3110 881 3149; x_wconf 83' lang='lat' dir='ltr'>solita.</span> <span class='ocrx_word' id='word_1_324' title='bbox 908 3123 986 3162; x_wconf 93' lang='lat' dir='ltr'>quo</span> <span class='ocrx_word' id='word_1_325' title='bbox 1007 3123 1122 3149; x_wconf 86' lang='lat' dir='ltr'>sensu</span> <span class='ocrx_word' id='word_1_326' title='bbox 1149 3122 1215 3161; x_wconf 88' lang='lat' dir='ltr'>ap.</span> 
     </span>
     <span class='ocr_line' id='line_1_57' title="bbox 384 3162 1216 3216; baseline 0 -14"><span class='ocrx_word' id='word_1_327' title='bbox 384 3164 546 3204; x_wconf 90' lang='lat' dir='ltr'>Sueton.</span> <span class='ocrx_word' id='word_1_328' title='bbox 582 3163 688 3216; x_wconf 86' lang='lat' dir='ltr'>Aug.</span> <span class='ocrx_word' id='word_1_329' title='bbox 726 3167 795 3204; x_wconf 83' lang='lat'>53.</span> <span class='ocrx_word' id='word_1_330' title='bbox 841 3162 1010 3203; x_wconf 82' lang='lat' dir='ltr'>dicitur:</span> <span class='ocrx_word' id='word_1_331' title='bbox 1062 3163 1216 3202; x_wconf 87' lang='lat' dir='ltr'>‘officia</span> 
     </span>
     <span class='ocr_line' id='line_1_58' title="bbox 386 3217 1215 3269; baseline -0.001 -13"><span class='ocrx_word' id='word_1_332' title='bbox 386 3230 474 3256; x_wconf 90' lang='lat' dir='ltr'>cum</span> <span class='ocrx_word' id='word_1_333' title='bbox 494 3217 625 3259; x_wconf 83' lang='lat' dir='ltr'>multis</span> <span class='ocrx_word' id='word_1_334' title='bbox 642 3225 779 3259; x_wconf 87' lang='lat' dir='ltr'>mutuo</span> <span class='ocrx_word' id='word_1_335' title='bbox 797 3218 982 3263; x_wconf 87' lang='lat' dir='ltr'>exercuit,</span> <span class='ocrx_word' id='word_1_336' title='bbox 1007 3230 1080 3256; x_wconf 88' lang='lat' dir='ltr'>nec</span> <span class='ocrx_word' id='word_1_337' title='bbox 1110 3217 1215 3269; x_wconf 88' lang='lat' dir='ltr'>prius</span> 
     </span>
     <span class='ocr_line' id='line_1_59' title="bbox 386 3271 1216 3324; baseline -0.001 -15"><span class='ocrx_word' id='word_1_338' title='bbox 386 3271 470 3310; x_wconf 84' lang='lat' dir='ltr'>dies</span> <span class='ocrx_word' id='word_1_339' title='bbox 509 3271 700 3324; x_wconf 87' lang='lat' dir='ltr'>cujusque</span> <span class='ocrx_word' id='word_1_340' title='bbox 747 3271 927 3310; x_wconf 81' lang='lat' dir='ltr'>solennes</span> <span class='ocrx_word' id='word_1_341' title='bbox 971 3271 1216 3323; x_wconf 83' lang='lat' dir='ltr'>frequentare</span> 
     </span>
    </p>

    <p class='ocr_par' dir='ltr' id='par_1_14' title="bbox 336 3323 1215 3416">
     <span class='ocr_line' id='line_1_60' title="bbox 336 3323 1215 3385; baseline 0.003 -24"><span class='ocrx_word' id='word_1_342' title='bbox 336 3375 338 3377; x_wconf 21' lang='grc' dir='ltr'>Ι</span> <span class='ocrx_word' id='word_1_343' title='bbox 387 3323 517 3364; x_wconf 83' lang='lat' dir='ltr'>desiit’</span> <span class='ocrx_word' id='word_1_344' title='bbox 536 3324 610 3363; x_wconf 76' lang='lat' dir='ltr'>&amp;c-</span> <span class='ocrx_word' id='word_1_345' title='bbox 613 3325 633 3377; x_wconf 90' lang='lat'>)</span> <span class='ocrx_word' id='word_1_346' title='bbox 652 3324 958 3364; x_wconf 79' lang='lat' dir='ltr'>Atheniensibus</span> <span class='ocrx_word' id='word_1_347' title='bbox 973 3324 1100 3364; x_wconf 80' lang='lat' dir='ltr'>officia</span> <span class='ocrx_word' id='word_1_348' title='bbox 1117 3337 1215 3385; x_wconf 81' lang='lat' dir='ltr'>prae—</span> 
     </span>
     <span class='ocr_line' id='line_1_61' title="bbox 387 3378 616 3423; baseline 0.009 -9"><span class='ocrx_word' id='word_1_349' title='bbox 387 3378 515 3416; x_wconf 85' lang='lat' dir='ltr'>stabat</span> <span class='ocrx_word' id='word_1_350' title='bbox 542 3378 570 3423; x_wconf 91' lang='lat' dir='ltr'>i,</span> <span class='ocrx_word' id='word_1_351' title='bbox 590 3382 616 3416; x_wconf 88' lang='lat'>2</span> 
     </span>
    </p>

    <p class='ocr_par' dir='ltr' id='par_1_15' title="bbox 335 3428 1217 3483">
     <span class='ocr_line' id='line_1_62' title="bbox 335 3428 1217 3483; baseline -0.001 -14"><span class='ocrx_word' id='word_1_352' title='bbox 335 3428 536 3482; x_wconf 82' lang='lat' dir='ltr'>Oleaginae</span> <span class='ocrx_word' id='word_1_353' title='bbox 557 3429 713 3481; x_wconf 86' lang='lat' dir='ltr'>virgulae</span> <span class='ocrx_word' id='word_1_354' title='bbox 730 3431 793 3483; x_wconf 93' lang='lat' dir='ltr'>(et</span> <span class='ocrx_word' id='word_1_355' title='bbox 811 3445 857 3471; x_wconf 83' lang='lat' dir='ltr'>ex</span> <span class='ocrx_word' id='word_1_356' title='bbox 875 3431 924 3471; x_wconf 87' lang='lat' dir='ltr'>iis</span> <span class='ocrx_word' id='word_1_357' title='bbox 942 3428 1108 3482; x_wconf 81' lang='lat' dir='ltr'>corona)</span> <span class='ocrx_word' id='word_1_358' title='bbox 1134 3429 1217 3479; x_wconf 83' lang='lat' dir='ltr'>viii,</span> 
     </span>
    </p>

    <p class='ocr_par' dir='ltr' id='par_1_16' title="bbox 388 3482 1217 3546">
     <span class='ocr_line' id='line_1_63' title="bbox 388 3482 1217 3546; baseline 0.004 -26.272"><span class='ocrx_word' id='word_1_359' title='bbox 388 3482 652 3546; x_wconf 75' lang='lat' dir='ltr'>4(victoriae</span> <span class='ocrx_word' id='word_1_360' title='bbox 683 3485 861 3537; x_wconf 83' lang='lat' dir='ltr'>symbolo</span> <span class='ocrx_word' id='word_1_361' title='bbox 895 3485 1055 3526; x_wconf 85' lang='lat' dir='ltr'>oblata:</span> <span class='ocrx_word' id='word_1_362' title='bbox 1085 3497 1173 3525; x_wconf 86' lang='lat' dir='ltr'>nam</span> <span class='ocrx_word' id='word_1_363' title='bbox 1194 3498 1217 3523; x_wconf 89' lang='lat' dir='ltr'>a</span> 
     </span>
    </p>
   </div>
   <div class='ocr_carea' id='block_1_7' title="bbox 1262 535 2172 3537">
    <p class='ocr_par' dir='ltr' id='par_1_17' title="bbox 1312 535 2145 856">
     <span class='ocr_line' id='line_1_64' title="bbox 1315 535 2142 589; baseline -0.006 -10"><span class='ocrx_word' id='word_1_364' title='bbox 1315 542 1336 579; x_wconf 92' lang='lat'><strong>1</strong></span> <span class='ocrx_word' id='word_1_365' title='bbox 1386 536 1608 589; x_wconf 82' lang='lat' dir='ltr'>‘Diagoras</span> <span class='ocrx_word' id='word_1_366' title='bbox 1625 550 1713 576; x_wconf 91' lang='lat' dir='ltr'>cum</span> <span class='ocrx_word' id='word_1_367' title='bbox 1741 548 1820 574; x_wconf 91' lang='lat' dir='ltr'>uno</span> <span class='ocrx_word' id='word_1_368' title='bbox 1839 535 1904 575; x_wconf 85' lang='lat' dir='ltr'>die</span> <span class='ocrx_word' id='word_1_369' title='bbox 1921 535 2021 575; x_wconf 83' lang='lat' dir='ltr'>duos</span> <span class='ocrx_word' id='word_1_370' title='bbox 2039 535 2142 574; x_wconf 86' lang='lat' dir='ltr'>filios</span> 
     </span>
     <span class='ocr_line' id='line_1_65' title="bbox 1312 586 2142 654; baseline -0.001 -26"><span class='ocrx_word' id='word_1_371' title='bbox 1312 590 1479 630; x_wconf 86' lang='lat' dir='ltr'>victores</span> <span class='ocrx_word' id='word_1_372' title='bbox 1525 590 1725 654; x_wconf 84' lang='lat' dir='ltr'>Olympiae</span> <span class='ocrx_word' id='word_1_373' title='bbox 1762 586 1946 629; x_wconf 55' lang='lat' dir='ltr'>vidisset)</span> <span class='ocrx_word' id='word_1_374' title='bbox 1985 588 2142 640; x_wconf 79' lang='lat' dir='ltr'>Vorst.)</span> 
     </span>
     <span class='ocr_line' id='line_1_66' title="bbox 1314 642 2142 708; baseline -0.002 -25"><span class='ocrx_word' id='word_1_375' title='bbox 1314 643 1515 708; x_wconf 80' lang='lat' dir='ltr'>Olympiae</span> <span class='ocrx_word' id='word_1_376' title='bbox 1532 644 1700 684; x_wconf 84' lang='lat' dir='ltr'>victores</span> <span class='ocrx_word' id='word_1_377' title='bbox 1728 642 1870 695; x_wconf 89' lang='lat' dir='ltr'>quibus</span> <span class='ocrx_word' id='word_1_378' title='bbox 1898 643 2051 685; x_wconf 82' lang='lat' dir='ltr'>coronis</span> <span class='ocrx_word' id='word_1_379' title='bbox 2069 644 2142 682; x_wconf 86' lang='lat' dir='ltr'>do-</span> 
     </span>
     <span class='ocr_line' id='line_1_67' title="bbox 1313 695 2145 752; baseline -0.004 -15"><span class='ocrx_word' id='word_1_380' title='bbox 1313 698 1397 738; x_wconf 86' lang='lat' dir='ltr'>nati</span> <span class='ocrx_word' id='word_1_381' title='bbox 1422 698 1492 745; x_wconf 86' lang='lat' dir='ltr'>vii,</span> <span class='ocrx_word' id='word_1_382' title='bbox 1508 701 1536 739; x_wconf 90' lang='lat'><strong>6</strong></span> <span class='ocrx_word' id='word_1_383' title='bbox 1579 697 1707 752; x_wconf 90' lang='lat' dir='ltr'>(Vide</span> <span class='ocrx_word' id='word_1_384' title='bbox 1726 697 1777 735; x_wconf 91' lang='lat' dir='ltr'>de</span> <span class='ocrx_word' id='word_1_385' title='bbox 1794 695 2085 750; x_wconf 83' lang='lat' dir='ltr'>Olympionicis</span> <span class='ocrx_word' id='word_1_386' title='bbox 2102 703 2145 735; x_wconf 86' lang='lat' dir='ltr'>et</span> 
     </span>
     <span class='ocr_line' id='line_1_68' title="bbox 1314 727 2143 802; baseline -0.002 -11"><span class='ocrx_word' id='word_1_387' title='bbox 1314 764 1448 791; x_wconf 88' lang='lat' dir='ltr'>eorum</span> <span class='ocrx_word' id='word_1_388' title='bbox 1478 727 1626 791; x_wconf 78' lang='lat' dir='ltr'>honore</span> <span class='ocrx_word' id='word_1_389' title='bbox 1655 750 1816 802; x_wconf 85' lang='lat' dir='ltr'>copiose</span> <span class='ocrx_word' id='word_1_390' title='bbox 1847 756 2028 802; x_wconf 83' lang='lat' dir='ltr'>agentem</span> <span class='ocrx_word' id='word_1_391' title='bbox 2046 747 2143 789; x_wconf 83' lang='lat' dir='ltr'>Pas-</span> 
     </span>
     <span class='ocr_line' id='line_1_69' title="bbox 1313 803 1952 856; baseline 0.002 -12"><span class='ocrx_word' id='word_1_392' title='bbox 1313 804 1416 844; x_wconf 88' lang='lat' dir='ltr'>chal.</span> <span class='ocrx_word' id='word_1_393' title='bbox 1443 808 1484 844; x_wconf 84' lang='lat'>6.</span> <span class='ocrx_word' id='word_1_394' title='bbox 1511 805 1563 844; x_wconf 88' lang='lat' dir='ltr'>de</span> <span class='ocrx_word' id='word_1_395' title='bbox 1575 817 1708 844; x_wconf 86' lang='lat' dir='ltr'>coron.</span> <span class='ocrx_word' id='word_1_396' title='bbox 1726 816 1814 855; x_wconf 84' lang='lat' dir='ltr'>cap.</span> <span class='ocrx_word' id='word_1_397' title='bbox 1841 808 1883 851; x_wconf 75' lang='lat'>⁷,</span> <span class='ocrx_word' id='word_1_398' title='bbox 1903 803 1952 856; x_wconf 81' lang='grc'>8)</span> 
     </span>
    </p>

    <p class='ocr_par' dir='ltr' id='par_1_18' title="bbox 1262 856 2146 1005">
     <span class='ocr_line' id='line_1_70' title="bbox 1262 856 2141 911; baseline -0.002 -13"><span class='ocrx_word' id='word_1_399' title='bbox 1262 858 1486 911; x_wconf 84' lang='lat' dir='ltr'>Olympias,</span> <span class='ocrx_word' id='word_1_400' title='bbox 1521 863 1644 897; x_wconf 82' lang='lat' dir='ltr'>mater</span> <span class='ocrx_word' id='word_1_401' title='bbox 1686 857 1916 903; x_wconf 85' lang='lat' dir='ltr'>Alexandri,</span> <span class='ocrx_word' id='word_1_402' title='bbox 1950 856 2141 896; x_wconf 84' lang='lat' dir='ltr'>Eumenis</span> 
     </span>
     <span class='ocr_line' id='line_1_71' title="bbox 1316 909 2146 963; baseline -0.001 -12"><span class='ocrx_word' id='word_1_403' title='bbox 1316 924 1412 951; x_wconf 84' lang='lat' dir='ltr'>cons</span> <span class='ocrx_word' id='word_1_404' title='bbox 1414 911 1538 959; x_wconf 86' lang='lat' dir='ltr'>ilium,</span> <span class='ocrx_word' id='word_1_405' title='bbox 1557 923 1645 950; x_wconf 83' lang='lat' dir='ltr'>mox</span> <span class='ocrx_word' id='word_1_406' title='bbox 1672 916 1713 951; x_wconf 85' lang='lat' dir='ltr'>ct</span> <span class='ocrx_word' id='word_1_407' title='bbox 1745 909 1932 950; x_wconf 78' lang='lat' dir='ltr'>auxilium</span> <span class='ocrx_word' id='word_1_408' title='bbox 1962 910 2146 963; x_wconf 77' lang='lat' dir='ltr'>implorat</span> 
     </span>
     <span class='ocr_line' id='line_1_72' title="bbox 1317 963 1469 1012; baseline 0.013 -9"><span class='ocrx_word' id='word_1_409' title='bbox 1317 963 1423 1012; x_wconf 88' lang='lat' dir='ltr'>xviii,</span> <span class='ocrx_word' id='word_1_410' title='bbox 1442 968 1469 1005; x_wconf 88' lang='grc'><strong>6</strong></span> 
     </span>
    </p>

    <p class='ocr_par' dir='ltr' id='par_1_19' title="bbox 1263 994 1916 1072">
     <span class='ocr_line' id='line_1_73' title="bbox 1263 994 1916 1072; baseline 0.002 -15"><span class='ocrx_word' id='word_1_411' title='bbox 1263 994 1572 1072; x_wconf 80' lang='lat' dir='ltr'>olympiodorus</span> <span class='ocrx_word' id='word_1_412' title='bbox 1591 1015 1782 1070; x_wconf 84' lang='lat' dir='ltr'>(tibicen)</span> <span class='ocrx_word' id='word_1_413' title='bbox 1801 1029 1869 1064; x_wconf 84' lang='lat' dir='ltr'>xv,</span> <span class='ocrx_word' id='word_1_414' title='bbox 1884 1018 1916 1058; x_wconf 81' lang='grc'><strong>2</strong></span> 
     </span>
    </p>

    <p class='ocr_par' dir='ltr' id='par_1_20' title="bbox 1264 1069 1928 1133">
     <span class='ocr_line' id='line_1_74' title="bbox 1264 1069 1928 1133; baseline 0.002 -23"><span class='ocrx_word' id='word_1_415' title='bbox 1264 1072 1466 1112; x_wconf 88' lang='lat' dir='ltr'>Olvnthus</span> <span class='ocrx_word' id='word_1_416' title='bbox 1484 1071 1596 1125; x_wconf 89' lang='lat' dir='ltr'>(urbs</span> <span class='ocrx_word' id='word_1_417' title='bbox 1613 1070 1753 1110; x_wconf 89' lang='lat' dir='ltr'>Thrac.</span> <span class='ocrx_word' id='word_1_418' title='bbox 1755 1069 1800 1133; x_wconf 91' lang='lat'>)</span> <span class='ocrx_word' id='word_1_419' title='bbox 1804 1070 1883 1117; x_wconf 81' lang='lat' dir='ltr'>xvi,</span> <span class='ocrx_word' id='word_1_420' title='bbox 1905 1073 1928 1111; x_wconf 91' lang='lat'><strong>1</strong></span> 
     </span>
    </p>

    <p class='ocr_par' dir='ltr' id='par_1_21' title="bbox 1264 1113 1891 1179">
     <span class='ocr_line' id='line_1_75' title="bbox 1264 1113 1891 1179; baseline -0.002 -14"><span class='ocrx_word' id='word_1_421' title='bbox 1264 1113 1446 1179; x_wconf 83' lang='lat' dir='ltr'>Olynthii</span> <span class='ocrx_word' id='word_1_422' title='bbox 1465 1125 1569 1165; x_wconf 91' lang='lat' dir='ltr'>bello</span> <span class='ocrx_word' id='word_1_423' title='bbox 1585 1124 1737 1164; x_wconf 82' lang='lat' dir='ltr'>subacti</span> <span class='ocrx_word' id='word_1_424' title='bbox 1763 1123 1846 1170; x_wconf 85' lang='lat' dir='ltr'>xiii,</span> <span class='ocrx_word' id='word_1_425' title='bbox 1867 1127 1891 1164; x_wconf 87' lang='lat'>1</span> 
     </span>
    </p>

    <p class='ocr_par' dir='ltr' id='par_1_22' title="bbox 1264 1175 2146 1327">
     <span class='ocr_line' id='line_1_76' title="bbox 1264 1175 2146 1231; baseline -0.002 -12"><span class='ocrx_word' id='word_1_426' title='bbox 1264 1180 1483 1220; x_wconf 85' lang='lat' dir='ltr'>Omittcre.</span> <span class='ocrx_word' id='word_1_427' title='bbox 1530 1185 1577 1218; x_wconf 92' lang='lat' dir='ltr'>ut</span> <span class='ocrx_word' id='word_1_428' title='bbox 1605 1178 1781 1218; x_wconf 87' lang='lat' dir='ltr'>omittam</span> <span class='ocrx_word' id='word_1_429' title='bbox 1818 1177 2049 1230; x_wconf 84' lang='lat' dir='ltr'>Philippum</span> <span class='ocrx_word' id='word_1_430' title='bbox 2076 1175 2146 1231; x_wconf 79' lang='lat' dir='ltr'>(ut</span> 
     </span>
     <span class='ocr_line' id='line_1_77' title="bbox 1319 1231 2146 1285; baseline -0.004 -13"><span class='ocrx_word' id='word_1_431' title='bbox 1319 1239 1547 1285; x_wconf 86' lang='lat' dir='ltr'>praeteream</span> <span class='ocrx_word' id='word_1_432' title='bbox 1563 1233 1690 1280; x_wconf 86' lang='lat' dir='ltr'>illum,</span> <span class='ocrx_word' id='word_1_433' title='bbox 1719 1231 1817 1271; x_wconf 89' lang='lat' dir='ltr'>nihil</span> <span class='ocrx_word' id='word_1_434' title='bbox 1835 1232 1966 1272; x_wconf 84' lang='lat' dir='ltr'>dicam</span> <span class='ocrx_word' id='word_1_435' title='bbox 1983 1231 2034 1270; x_wconf 86' lang='lat' dir='ltr'>de</span> <span class='ocrx_word' id='word_1_436' title='bbox 2053 1231 2146 1284; x_wconf 90' lang='lat' dir='ltr'>illo)</span> 
     </span>
     <span class='ocr_line' id='line_1_78' title="bbox 1318 1286 1470 1334; baseline 0.013 -9"><span class='ocrx_word' id='word_1_437' title='bbox 1318 1286 1427 1334; x_wconf 85' lang='lat' dir='ltr'>xxiii,</span> <span class='ocrx_word' id='word_1_438' title='bbox 1444 1291 1470 1327; x_wconf 84' lang='lat'>2</span> 
     </span>
    </p>

    <p class='ocr_par' dir='ltr' id='par_1_23' title="bbox 1265 1337 2149 1551">
     <span class='ocr_line' id='line_1_79' title="bbox 1265 1337 2148 1404; baseline -0.003 -24"><span class='ocrx_word' id='word_1_439' title='bbox 1265 1340 1403 1404; x_wconf 87' lang='lat' dir='ltr'>Omnis</span> <span class='ocrx_word' id='word_1_440' title='bbox 1419 1339 1615 1393; x_wconf 84' lang='lat' dir='ltr'>equitatus</span> <span class='ocrx_word' id='word_1_441' title='bbox 1633 1337 1784 1394; x_wconf 87' lang='lat' dir='ltr'>(totus)</span> <span class='ocrx_word' id='word_1_442' title='bbox 1811 1338 1918 1386; x_wconf 86' lang='lat' dir='ltr'>xxiii,</span> <span class='ocrx_word' id='word_1_443' title='bbox 1936 1341 1962 1379; x_wconf 81' lang='grc'><strong>3</strong></span> <span class='ocrx_word' id='word_1_444' title='bbox 2002 1338 2059 1378; x_wconf 81' lang='lat' dir='ltr'>ita</span> <span class='ocrx_word' id='word_1_445' title='bbox 2075 1350 2148 1377; x_wconf 86' lang='lat' dir='ltr'>sae-</span> 
     </span>
     <span class='ocr_line' id='line_1_80' title="bbox 1318 1391 2148 1447; baseline -0.004 -14"><span class='ocrx_word' id='word_1_446' title='bbox 1318 1408 1398 1447; x_wconf 83' lang='lat' dir='ltr'>pe:</span> <span class='ocrx_word' id='word_1_447' title='bbox 1427 1395 1496 1447; x_wconf 92' lang='lat' dir='ltr'>qui</span> <span class='ocrx_word' id='word_1_448' title='bbox 1514 1394 1678 1447; x_wconf 89' lang='lat' dir='ltr'>plurima</span> <span class='ocrx_word' id='word_1_449' title='bbox 1695 1393 1798 1434; x_wconf 89' lang='lat' dir='ltr'>mala</span> <span class='ocrx_word' id='word_1_450' title='bbox 1815 1391 1989 1432; x_wconf 88' lang='lat' dir='ltr'>omnium</span> <span class='ocrx_word' id='word_1_451' title='bbox 2007 1392 2148 1434; x_wconf 81' lang='lat' dir='ltr'>Graio-</span> 
     </span>
     <span class='ocr_line' id='line_1_81' title="bbox 1318 1446 2149 1498; baseline -0.002 -12"><span class='ocrx_word' id='word_1_452' title='bbox 1318 1461 1403 1486; x_wconf 87' lang='lat' dir='ltr'>rum</span> <span class='ocrx_word' id='word_1_453' title='bbox 1420 1448 1462 1486; x_wconf 91' lang='lat' dir='ltr'>in</span> <span class='ocrx_word' id='word_1_454' title='bbox 1480 1449 1639 1486; x_wconf 90' lang='lat' dir='ltr'>domum</span> <span class='ocrx_word' id='word_1_455' title='bbox 1658 1453 1764 1486; x_wconf 84' lang='lat' dir='ltr'>tuam</span> <span class='ocrx_word' id='word_1_456' title='bbox 1782 1446 1916 1485; x_wconf 80' lang='lat' dir='ltr'>intuli</span> <span class='ocrx_word' id='word_1_457' title='bbox 1924 1447 1993 1498; x_wconf 82' lang='lat' dir='ltr'>(ex</span> <span class='ocrx_word' id='word_1_458' title='bbox 2022 1446 2149 1485; x_wconf 87' lang='lat' dir='ltr'>omni-</span> 
     </span>
     <span class='ocr_line' id='line_1_82' title="bbox 1317 1497 2149 1551; baseline 0 -12"><span class='ocrx_word' id='word_1_459' title='bbox 1317 1502 1390 1540; x_wconf 90' lang='lat' dir='ltr'>bus</span> <span class='ocrx_word' id='word_1_460' title='bbox 1421 1501 1564 1548; x_wconf 82' lang='lat' dir='ltr'>Graiis,</span> <span class='ocrx_word' id='word_1_461' title='bbox 1582 1501 1685 1540; x_wconf 87' lang='lat' dir='ltr'>inter</span> <span class='ocrx_word' id='word_1_462' title='bbox 1715 1512 1850 1539; x_wconf 88' lang='lat' dir='ltr'>omnes</span> <span class='ocrx_word' id='word_1_463' title='bbox 1866 1497 2031 1551; x_wconf 84' lang='lat' dir='ltr'>Graios)</span> <span class='ocrx_word' id='word_1_464' title='bbox 2058 1498 2102 1547; x_wconf 86' lang='lat' dir='ltr'>ii,</span> <span class='ocrx_word' id='word_1_465' title='bbox 2120 1503 2149 1539; x_wconf 87' lang='lat'>9</span> 
     </span>
    </p>

    <p class='ocr_par' dir='ltr' id='par_1_24' title="bbox 1265 1553 2149 1659">
     <span class='ocr_line' id='line_1_83' title="bbox 1265 1553 2149 1594; baseline -0.001 -1"><span class='ocrx_word' id='word_1_466' title='bbox 1265 1553 1464 1594; x_wconf 86' lang='lat' dir='ltr'>Omnino:</span> <span class='ocrx_word' id='word_1_467' title='bbox 1498 1568 1587 1594; x_wconf 93' lang='lat' dir='ltr'>cum</span> <span class='ocrx_word' id='word_1_468' title='bbox 1615 1554 1775 1593; x_wconf 89' lang='lat' dir='ltr'>omnino</span> <span class='ocrx_word' id='word_1_469' title='bbox 1807 1565 1887 1592; x_wconf 89' lang='lat' dir='ltr'>non</span> <span class='ocrx_word' id='word_1_470' title='bbox 1913 1560 2045 1593; x_wconf 85' lang='lat' dir='ltr'>essent</span> <span class='ocrx_word' id='word_1_471' title='bbox 2067 1565 2149 1592; x_wconf 87' lang='lat' dir='ltr'>am·</span> 
     </span>
     <span class='ocr_line' id='line_1_84' title="bbox 1319 1608 1754 1659; baseline 0.002 -13"><span class='ocrx_word' id='word_1_472' title='bbox 1319 1608 1422 1659; x_wconf 87' lang='lat' dir='ltr'>plius</span> <span class='ocrx_word' id='word_1_473' title='bbox 1441 1614 1602 1647; x_wconf 88' lang='lat' dir='ltr'>centurn</span> <span class='ocrx_word' id='word_1_474' title='bbox 1629 1608 1708 1653; x_wconf 83' lang='lat' dir='ltr'>xvi,</span> <span class='ocrx_word' id='word_1_475' title='bbox 1726 1611 1754 1647; x_wconf 88' lang='grc'><strong>2</strong></span> 
     </span>
    </p>

    <p class='ocr_par' dir='ltr' id='par_1_25' title="bbox 1267 1658 2080 1713">
     <span class='ocr_line' id='line_1_85' title="bbox 1267 1658 2080 1713; baseline 0 -14"><span class='ocrx_word' id='word_1_476' title='bbox 1267 1660 1466 1700; x_wconf 84' lang='lat' dir='ltr'>Onerariae</span> <span class='ocrx_word' id='word_1_477' title='bbox 1484 1673 1604 1700; x_wconf 85' lang='lat' dir='ltr'>naves</span> <span class='ocrx_word' id='word_1_478' title='bbox 1631 1660 1676 1707; x_wconf 89' lang='lat' dir='ltr'>ii,</span> <span class='ocrx_word' id='word_1_479' title='bbox 1694 1663 1734 1700; x_wconf 88' lang='grc'>2.</span> <span class='ocrx_word' id='word_1_480' title='bbox 1762 1672 1802 1707; x_wconf 76' lang='lat'>1,</span> <span class='ocrx_word' id='word_1_481' title='bbox 1816 1664 1840 1700; x_wconf 89' lang='grc'><strong>5</strong></span> <span class='ocrx_word' id='word_1_482' title='bbox 1869 1659 1932 1712; x_wconf 86' lang='lat' dir='ltr'>(v.</span> <span class='ocrx_word' id='word_1_483' title='bbox 1949 1658 2080 1713; x_wconf 83' lang='lat' dir='ltr'>Nav.)</span> 
     </span>
    </p>

    <p class='ocr_par' dir='ltr' id='par_1_26' title="bbox 1267 1709 2154 1766">
     <span class='ocr_line' id='line_1_86' title="bbox 1267 1709 2154 1766; baseline -0.003 -12"><span class='ocrx_word' id='word_1_484' title='bbox 1267 1714 1538 1754; x_wconf 88' lang='lat' dir='ltr'>Onomarchus</span> <span class='ocrx_word' id='word_1_485' title='bbox 1571 1714 1778 1754; x_wconf 85' lang='lat' dir='ltr'>custodum</span> <span class='ocrx_word' id='word_1_486' title='bbox 1809 1714 2017 1766; x_wconf 71' lang='lat' dir='ltr'>praefectus</span> <span class='ocrx_word' id='word_1_487' title='bbox 2045 1709 2154 1761; x_wconf 80' lang='lat' dir='ltr'>xviii,</span> 
     </span>
    </p>

    <p class='ocr_par' dir='ltr' id='par_1_27' title="bbox 1266 1819 2155 1916">
     <span class='ocr_line' id='line_1_87' title="bbox 1266 1819 2155 1875; baseline -0.002 -13"><span class='ocrx_word' id='word_1_488' title='bbox 1266 1821 1443 1862; x_wconf 87' lang='lat' dir='ltr'>Onustus</span> <span class='ocrx_word' id='word_1_489' title='bbox 1475 1821 1611 1875; x_wconf 83' lang='lat' dir='ltr'>praeda</span> <span class='ocrx_word' id='word_1_490' title='bbox 1636 1820 1704 1868; x_wconf 85' lang='lat' dir='ltr'>vii,</span> <span class='ocrx_word' id='word_1_491' title='bbox 1723 1825 1748 1862; x_wconf 97' lang='grc'><strong>5</strong></span> <span class='ocrx_word' id='word_1_492' title='bbox 1791 1819 1970 1874; x_wconf 88' lang='lat' dir='ltr'>(copiam</span> <span class='ocrx_word' id='word_1_493' title='bbox 1996 1820 2096 1862; x_wconf 87' lang='lat' dir='ltr'>dicit</span> <span class='ocrx_word' id='word_1_494' title='bbox 2113 1827 2155 1861; x_wconf 88' lang='lat' dir='ltr'>et</span> 
     </span>
     <span class='ocr_line' id='line_1_88' title="bbox 1321 1876 1445 1916; baseline 0.009 -2"><span class='ocrx_word' id='word_1_495' title='bbox 1321 1876 1445 1916; x_wconf 85' lang='lat' dir='ltr'>ubert.</span> 
     </span>
    </p>

    <p class='ocr_par' dir='ltr' id='par_1_28' title="bbox 1266 1875 2156 2036">
     <span class='ocr_line' id='line_1_89' title="bbox 1266 1875 2154 1991; baseline -0.001 -23"><span class='ocrx_word' id='word_1_496' title='bbox 1266 1928 1416 1991; x_wconf 83' lang='lat' dir='ltr'>Onyx:</span> <span class='ocrx_word' id='word_1_497' title='bbox 1435 1875 1513 1970; x_wconf 63' lang='lat' dir='ltr'>&gt;ex</span> <span class='ocrx_word' id='word_1_498' title='bbox 1544 1928 1700 1982; x_wconf 82' lang='lat' dir='ltr'>onyche</span> <span class='ocrx_word' id='word_1_499' title='bbox 1735 1927 1930 1981; x_wconf 84' lang='lat' dir='ltr'>amphorae</span> <span class='ocrx_word' id='word_1_500' title='bbox 1963 1934 2004 1969; x_wconf 87' lang='lat' dir='ltr'>et</span> <span class='ocrx_word' id='word_1_501' title='bbox 2031 1928 2154 1975; x_wconf 84' lang='lat' dir='ltr'>urcei,</span> 
     </span>
     <span class='ocr_line' id='line_1_90' title="bbox 1317 1982 2156 2036; baseline -0.001 -13"><span class='ocrx_word' id='word_1_502' title='bbox 1317 1982 1491 2036; x_wconf 88' lang='lat' dir='ltr'>itemque</span> <span class='ocrx_word' id='word_1_503' title='bbox 1506 1983 1698 2023; x_wconf 79' lang='lat' dir='ltr'>columnae</span> <span class='ocrx_word' id='word_1_504' title='bbox 1718 1995 1850 2022; x_wconf 83' lang='lat' dir='ltr'>xxxn</span> <span class='ocrx_word' id='word_1_505' title='bbox 1869 1983 2031 2036; x_wconf 84' lang='lat' dir='ltr'>pedum,</span> <span class='ocrx_word' id='word_1_506' title='bbox 2049 1982 2113 2022; x_wconf 77' lang='lat' dir='ltr'>Fr.</span> <span class='ocrx_word' id='word_1_507' title='bbox 2128 1986 2156 2022; x_wconf 83' lang='lat'><em>8</em></span> 
     </span>
    </p>

    <p class='ocr_par' dir='ltr' id='par_1_29' title="bbox 1270 2035 1858 2097">
     <span class='ocr_line' id='line_1_91' title="bbox 1270 2035 1858 2097; baseline 0.003 -23"><span class='ocrx_word' id='word_1_508' title='bbox 1270 2035 1435 2088; x_wconf 85' lang='lat' dir='ltr'>Operire</span> <span class='ocrx_word' id='word_1_509' title='bbox 1453 2035 1679 2097; x_wconf 86' lang='lat' dir='ltr'>(obtegere)</span> <span class='ocrx_word' id='word_1_510' title='bbox 1707 2035 1814 2083; x_wconf 84' lang='lat' dir='ltr'>xxiii,</span> <span class='ocrx_word' id='word_1_511' title='bbox 1830 2039 1858 2076; x_wconf 86' lang='lat'>9</span> 
     </span>
    </p>

    <p class='ocr_par' dir='ltr' id='par_1_30' title="bbox 1271 2088 2156 2516">
     <span class='ocr_line' id='line_1_92' title="bbox 1271 2088 2154 2153; baseline -0.003 -23"><span class='ocrx_word' id='word_1_512' title='bbox 1271 2090 1405 2142; x_wconf 84' lang='lat' dir='ltr'>Opera</span> <span class='ocrx_word' id='word_1_513' title='bbox 1422 2089 1663 2143; x_wconf 85' lang='lat' dir='ltr'>imperatoris</span> <span class='ocrx_word' id='word_1_514' title='bbox 1681 2103 1745 2137; x_wconf 84' lang='lat' dir='ltr'>xv,</span> <span class='ocrx_word' id='word_1_515' title='bbox 1758 2094 1781 2130; x_wconf 86' lang='grc'><strong>5</strong></span> <span class='ocrx_word' id='word_1_516' title='bbox 1812 2103 1932 2151; x_wconf 84' lang='lat' dir='ltr'>opera</span> <span class='ocrx_word' id='word_1_517' title='bbox 1944 2088 2031 2142; x_wconf 79' lang='lat' dir='ltr'>ejus</span> <span class='ocrx_word' id='word_1_518' title='bbox 2048 2101 2154 2153; x_wconf 73' lang='lat' dir='ltr'>mag-</span> 
     </span>
     <span class='ocr_line' id='line_1_93' title="bbox 1324 2143 2155 2205; baseline -0.002 -22"><span class='ocrx_word' id='word_1_519' title='bbox 1324 2144 1367 2183; x_wconf 87' lang='lat' dir='ltr'>ni</span> <span class='ocrx_word' id='word_1_520' title='bbox 1384 2145 1460 2184; x_wconf 85' lang='lat' dir='ltr'>fuit</span> <span class='ocrx_word' id='word_1_521' title='bbox 1487 2145 1566 2192; x_wconf 81' lang='lat' dir='ltr'>xiv,</span> <span class='ocrx_word' id='word_1_522' title='bbox 1586 2149 1609 2184; x_wconf 90' lang='lat'>1</span> <span class='ocrx_word' id='word_1_523' title='bbox 1657 2143 1788 2205; x_wconf 87' lang='lat' dir='ltr'>magni</span> <span class='ocrx_word' id='word_1_524' title='bbox 1815 2157 1902 2196; x_wconf 88' lang='lat' dir='ltr'>eJus</span> <span class='ocrx_word' id='word_1_525' title='bbox 1920 2156 2038 2196; x_wconf 80' lang='lat' dir='ltr'>opera</span> <span class='ocrx_word' id='word_1_526' title='bbox 2053 2149 2155 2182; x_wconf 81' lang='lat' dir='ltr'>aestr-</span> 
     </span>
     <span class='ocr_line' id='line_1_94' title="bbox 1325 2196 2149 2251; baseline -0.002 -13"><span class='ocrx_word' id='word_1_527' title='bbox 1325 2204 1432 2238; x_wconf 88' lang='lat' dir='ltr'>mata</span> <span class='ocrx_word' id='word_1_528' title='bbox 1460 2204 1521 2238; x_wconf 91' lang='lat' dir='ltr'>est</span> <span class='ocrx_word' id='word_1_529' title='bbox 1537 2197 1580 2237; x_wconf 92' lang='lat' dir='ltr'>in</span> <span class='ocrx_word' id='word_1_530' title='bbox 1599 2196 1734 2251; x_wconf 83' lang='lat' dir='ltr'>praelio</span> <span class='ocrx_word' id='word_1_531' title='bbox 1753 2210 1818 2249; x_wconf 90' lang='lat' dir='ltr'>ap.</span> <span class='ocrx_word' id='word_1_532' title='bbox 1835 2198 1975 2237; x_wconf 87' lang='lat' dir='ltr'>Senam</span> <span class='ocrx_word' id='word_1_533' title='bbox 2005 2196 2109 2244; x_wconf 78' lang='lat' dir='ltr'>xxiv,</span> <span class='ocrx_word' id='word_1_534' title='bbox 2131 2200 2149 2236; x_wconf 89' lang='grc'><strong>1</strong></span> 
     </span>
     <span class='ocr_line' id='line_1_95' title="bbox 1327 2251 2153 2304; baseline -0.002 -13"><span class='ocrx_word' id='word_1_535' title='bbox 1327 2265 1485 2304; x_wconf 87' lang='lat' dir='ltr'>operam</span> <span class='ocrx_word' id='word_1_536' title='bbox 1503 2252 1716 2291; x_wconf 86' lang='lat' dir='ltr'>honoribus</span> <span class='ocrx_word' id='word_1_537' title='bbox 1736 2252 1845 2298; x_wconf 90' lang='lat' dir='ltr'>dare,</span> <span class='ocrx_word' id='word_1_538' title='bbox 1862 2251 1958 2290; x_wconf 85' lang='lat' dir='ltr'>ibid.</span> <span class='ocrx_word' id='word_1_539' title='bbox 1994 2263 2153 2303; x_wconf 85' lang='lat' dir='ltr'>operam</span> 
     </span>
     <span class='ocr_line' id='line_1_96' title="bbox 1325 2280 2155 2355; baseline -0.004 -10"><span class='ocrx_word' id='word_1_540' title='bbox 1325 2305 1580 2345; x_wconf 82' lang='lat' dir='ltr'>clandestinis</span> <span class='ocrx_word' id='word_1_541' title='bbox 1598 2305 1770 2345; x_wconf 88' lang='lat' dir='ltr'>consiliis</span> <span class='ocrx_word' id='word_1_542' title='bbox 1785 2280 1877 2344; x_wconf 82' lang='lat' dir='ltr'>dai-e</span> <span class='ocrx_word' id='word_1_543' title='bbox 1893 2304 2002 2352; x_wconf 82' lang='lat' dir='ltr'>xxiii,</span> <span class='ocrx_word' id='word_1_544' title='bbox 2014 2309 2040 2344; x_wconf 80' lang='grc'><strong>2</strong></span> <span class='ocrx_word' id='word_1_545' title='bbox 2059 2316 2155 2355; x_wconf 87' lang='lat' dir='ltr'>ope-</span> 
     </span>
     <span class='ocr_line' id='line_1_97' title="bbox 1324 2353 2155 2409; baseline 0 -14"><span class='ocrx_word' id='word_1_546' title='bbox 1324 2370 1367 2396; x_wconf 84' lang='lat' dir='ltr'>ra</span> <span class='ocrx_word' id='word_1_547' title='bbox 1384 2357 1470 2409; x_wconf 89' lang='lat' dir='ltr'>ejus</span> <span class='ocrx_word' id='word_1_548' title='bbox 1484 2360 1617 2397; x_wconf 85' lang='lat' dir='ltr'>hostes</span> <span class='ocrx_word' id='word_1_549' title='bbox 1636 2353 1831 2409; x_wconf 81' lang='lat' dir='ltr'>profligati</span> <span class='ocrx_word' id='word_1_550' title='bbox 1857 2356 1937 2403; x_wconf 71' lang='grc' dir='ltr'>κίν,</span> <span class='ocrx_word' id='word_1_551' title='bbox 1955 2361 1982 2398; x_wconf 89' lang='grc'><strong>2</strong></span> <span class='ocrx_word' id='word_1_552' title='bbox 2011 2356 2155 2409; x_wconf 90' lang='lat' dir='ltr'>(Porro</span> 
     </span>
     <span class='ocr_line' id='line_1_98' title="bbox 1327 2386 2156 2473; baseline -0.001 -23"><span class='ocrx_word' id='word_1_553' title='bbox 1327 2423 1417 2450; x_wconf 90' lang='lat' dir='ltr'>cum</span> <span class='ocrx_word' id='word_1_554' title='bbox 1436 2410 1528 2450; x_wconf 85' lang='lat' dir='ltr'>satis</span> <span class='ocrx_word' id='word_1_555' title='bbox 1548 2411 1625 2450; x_wconf 85' lang='lat' dir='ltr'>late</span> <span class='ocrx_word' id='word_1_556' title='bbox 1637 2416 1772 2473; x_wconf 85' lang='lat' dir='ltr'>pateat</span> <span class='ocrx_word' id='word_1_557' title='bbox 1786 2410 1892 2450; x_wconf 89' lang='lat' dir='ltr'>vocis</span> <span class='ocrx_word' id='word_1_558' title='bbox 1905 2386 2156 2462; x_wconf 81' lang='lat' dir='ltr'>significatio,</span> 
     </span>
     <span class='ocr_line' id='line_1_99' title="bbox 1325 2463 2156 2540; baseline 0 -37"><span class='ocrx_word' id='word_1_559' title='bbox 1325 2477 1407 2503; x_wconf 88' lang='lat' dir='ltr'>non</span> <span class='ocrx_word' id='word_1_560' title='bbox 1424 2477 1509 2504; x_wconf 80' lang='lat' dir='ltr'>rara</span> <span class='ocrx_word' id='word_1_561' title='bbox 1525 2476 1616 2503; x_wconf 86' lang='lat' dir='ltr'>cum</span> <span class='ocrx_word' id='word_1_562' title='bbox 1627 2463 1760 2540; x_wconf 80' lang='lat' dir='ltr'>primis</span> <span class='ocrx_word' id='word_1_563' title='bbox 1778 2469 1839 2503; x_wconf 89' lang='lat' dir='ltr'>est</span> <span class='ocrx_word' id='word_1_564' title='bbox 1855 2476 1921 2516; x_wconf 90' lang='lat' dir='ltr'>ap.</span> <span class='ocrx_word' id='word_1_565' title='bbox 1934 2464 2156 2534; x_wconf 82' lang='lat' dir='ltr'>scriptores,</span> 
     </span>
    </p>

    <p class='ocr_par' dir='ltr' id='par_1_31' title="bbox 1328 2512 2158 2580">
     <span class='ocr_line' id='line_1_100' title="bbox 1328 2512 2158 2580; baseline 0.003 -24.074"><span class='ocrx_word' id='word_1_566' title='bbox 1328 2522 1490 2580; x_wconf 84' lang='lat' dir='ltr'>‘operae</span> <span class='ocrx_word' id='word_1_567' title='bbox 1503 2512 1643 2565; x_wconf 52' lang='lat' dir='ltr'>fortis?</span> <span class='ocrx_word' id='word_1_568' title='bbox 1658 2516 1873 2564; x_wconf 79' lang='lat' dir='ltr'>‘fidelis,’‘</span> <span class='ocrx_word' id='word_1_569' title='bbox 1890 2530 2006 2569; x_wconf 79' lang='lat' dir='ltr'>egreg</span> <span class='ocrx_word' id='word_1_570' title='bbox 1981 2518 2054 2569; x_wconf 82' lang='lat' dir='ltr'>igae</span> <span class='ocrx_word' id='word_1_571' title='bbox 2057 2516 2158 2558; x_wconf 61' lang='grc' dir='ltr'><strong>’δια</strong></span> 
     </span>
    </p>

    <p class='ocr_par' dir='ltr' id='par_1_32' title="bbox 1303 2546 2160 3268">
     <span class='ocr_line' id='line_1_101' title="bbox 1327 2546 2157 2635; baseline 0 -25"><span class='ocrx_word' id='word_1_572' title='bbox 1327 2571 1369 2610; x_wconf 91' lang='lat' dir='ltr'>in</span> <span class='ocrx_word' id='word_1_573' title='bbox 1388 2564 1536 2610; x_wconf 85' lang='lat' dir='ltr'>bellicis</span> <span class='ocrx_word' id='word_1_574' title='bbox 1556 2546 1670 2610; x_wconf 87' lang='lat' dir='ltr'>rebus</span> <span class='ocrx_word' id='word_1_575' title='bbox 1687 2570 1848 2610; x_wconf 85' lang='lat' dir='ltr'>mentio.</span> <span class='ocrx_word' id='word_1_576' title='bbox 1865 2571 2003 2611; x_wconf 84' lang='lat' dir='ltr'>Boecl.</span> <span class='ocrx_word' id='word_1_577' title='bbox 2008 2570 2026 2634; x_wconf 89' lang='lat'>)</span> <span class='ocrx_word' id='word_1_578' title='bbox 2060 2584 2157 2635; x_wconf 83' lang='lat' dir='ltr'>ope-</span> 
     </span>
     <span class='ocr_line' id='line_1_102' title="bbox 1327 2623 2160 2678; baseline 0 -14"><span class='ocrx_word' id='word_1_579' title='bbox 1327 2638 1371 2664; x_wconf 87' lang='lat' dir='ltr'>ra</span> <span class='ocrx_word' id='word_1_580' title='bbox 1389 2624 1466 2678; x_wconf 89' lang='lat' dir='ltr'>(sc.</span> <span class='ocrx_word' id='word_1_581' title='bbox 1480 2624 1675 2664; x_wconf 72' lang='lat' dir='ltr'>officiosa·</span> <span class='ocrx_word' id='word_1_582' title='bbox 1664 2636 1705 2663; x_wconf 88' lang='lat' dir='ltr'>m</span> <span class='ocrx_word' id='word_1_583' title='bbox 1719 2623 1780 2671; x_wconf 88' lang='lat' dir='ltr'>iis,</span> <span class='ocrx_word' id='word_1_584' title='bbox 1800 2637 1888 2676; x_wconf 82' lang='lat' dir='ltr'>quae</span> <span class='ocrx_word' id='word_1_585' title='bbox 1906 2624 2040 2664; x_wconf 86' lang='lat' dir='ltr'>amicis</span> <span class='ocrx_word' id='word_1_586' title='bbox 2055 2624 2160 2664; x_wconf 84' lang='lat' dir='ltr'>aliis·</span> 
     </span>
     <span class='ocr_line' id='line_1_103' title="bbox 1328 2676 2159 2732; baseline 0.001 -16"><span class='ocrx_word' id='word_1_587' title='bbox 1328 2691 1377 2717; x_wconf 91' lang='lat' dir='ltr'>ve</span> <span class='ocrx_word' id='word_1_588' title='bbox 1389 2677 1637 2732; x_wconf 62' lang='lat' dir='ltr'>praestamus)</span> <span class='ocrx_word' id='word_1_589' title='bbox 1653 2692 1693 2724; x_wconf 77' lang='lat' dir='ltr'>V,</span> <span class='ocrx_word' id='word_1_590' title='bbox 1705 2681 1731 2719; x_wconf 84' lang='lat'>4</span> <span class='ocrx_word' id='word_1_591' title='bbox 1760 2677 1842 2719; x_wconf 79' lang='lat' dir='ltr'>Sic:</span> <span class='ocrx_word' id='word_1_592' title='bbox 1858 2676 2020 2718; x_wconf 80' lang='lat' dir='ltr'>forensis</span> <span class='ocrx_word' id='word_1_593' title='bbox 2039 2691 2159 2731; x_wconf 82' lang='lat' dir='ltr'>opera</span> 
     </span>
     <span class='ocr_line' id='line_1_104' title="bbox 1327 2707 2159 2786; baseline 0.002 -16"><span class='ocrx_word' id='word_1_594' title='bbox 1327 2733 1396 2782; x_wconf 80' lang='lat' dir='ltr'>vii..</span> <span class='ocrx_word' id='word_1_595' title='bbox 1415 2736 1439 2773; x_wconf 80' lang='lat'><strong>3</strong></span> <span class='ocrx_word' id='word_1_596' title='bbox 1460 2733 1590 2786; x_wconf 90' lang='lat' dir='ltr'>(etap</span> <span class='ocrx_word' id='word_1_597' title='bbox 1593 2707 1708 2772; x_wconf 78' lang='lat' dir='ltr'>.Vai.</span> <span class='ocrx_word' id='word_1_598' title='bbox 1727 2731 1838 2771; x_wconf 85' lang='lat' dir='ltr'>Max.</span> <span class='ocrx_word' id='word_1_599' title='bbox 1862 2732 1919 2778; x_wconf 88' lang='lat' dir='ltr'>iii,</span> <span class='ocrx_word' id='word_1_600' title='bbox 1935 2737 1975 2774; x_wconf 87' lang='lat'>8.</span> <span class='ocrx_word' id='word_1_601' title='bbox 2007 2731 2099 2772; x_wconf 75' lang='lat' dir='ltr'>Ext.</span> <span class='ocrx_word' id='word_1_602' title='bbox 2117 2735 2159 2772; x_wconf 91' lang='grc'>4.</span> 
     </span>
     <span class='ocr_line' id='line_1_105' title="bbox 1303 2784 2159 2847; baseline 0 -22"><span class='ocrx_word' id='word_1_603' title='bbox 1303 2784 1496 2826; x_wconf 67' lang='lat' dir='ltr'>»Horatio</span> <span class='ocrx_word' id='word_1_604' title='bbox 1526 2791 1539 2810; x_wconf 89' lang='lat'>‘</span> <span class='ocrx_word' id='word_1_605' title='bbox 1555 2785 1718 2825; x_wconf 82' lang='lat' dir='ltr'>sorensis</span> <span class='ocrx_word' id='word_1_606' title='bbox 1733 2785 1876 2837; x_wconf 85' lang='lat' dir='ltr'>opella&#39;</span> <span class='ocrx_word' id='word_1_607' title='bbox 1895 2786 1973 2847; x_wconf 90' lang='lat' dir='ltr'>Ep.</span> <span class='ocrx_word' id='word_1_608' title='bbox 1991 2786 2018 2832; x_wconf 87' lang='lat' dir='ltr'>i,</span> <span class='ocrx_word' id='word_1_609' title='bbox 2038 2789 2079 2833; x_wconf 80' lang='grc'>7,</span> <span class='ocrx_word' id='word_1_610' title='bbox 2095 2785 2159 2839; x_wconf 88' lang='grc'>8).</span> 
     </span>
     <span class='ocr_line' id='line_1_106' title="bbox 1327 2815 2160 2953; baseline -0.002 -74"><span class='ocrx_word' id='word_1_611' title='bbox 1327 2840 1574 2941; x_wconf 46' lang='lat' dir='ltr'>operagiucis</span> <span class='ocrx_word' id='word_1_612' title='bbox 1592 2840 1648 2934; x_wconf 52' lang='grc' dir='ltr'>Ξῖ,</span> <span class='ocrx_word' id='word_1_613' title='bbox 1661 2844 1686 2880; x_wconf 87' lang='grc'><strong>2</strong></span> <span class='ocrx_word' id='word_1_614' title='bbox 1715 2852 1836 2892; x_wconf 86' lang='lat' dir='ltr'>opera</span> <span class='ocrx_word' id='word_1_615' title='bbox 1843 2838 2012 2932; x_wconf 54' lang='lat' dir='ltr'>alimgius</span> <span class='ocrx_word' id='word_1_616' title='bbox 2030 2815 2160 2953; x_wconf 49' lang='lat' dir='ltr'>faber}</span> 
     </span>
     <span class='ocr_line' id='line_1_107' title="bbox 1329 2905 2140 2945; baseline -0.002 -12"><span class='ocrx_word' id='word_1_617' title='bbox 1329 2907 1379 2933; x_wconf 80' lang='lat' dir='ltr'>ar</span> <span class='ocrx_word' id='word_1_618' title='bbox 1411 2906 1449 2933; x_wconf 80' lang='grc' dir='ltr'>ιιι</span> <span class='ocrx_word' id='word_1_619' title='bbox 1505 2907 1556 2932; x_wconf 86' lang='lat' dir='ltr'>vn</span> <span class='ocrx_word' id='word_1_620' title='bbox 1666 2906 1783 2945; x_wconf 82' lang='lat' dir='ltr'>opera</span> <span class='ocrx_word' id='word_1_621' title='bbox 1815 2907 1900 2945; x_wconf 85' lang='lat' dir='ltr'>eJus</span> <span class='ocrx_word' id='word_1_622' title='bbox 1981 2905 2140 2932; x_wconf 77' lang='lat' dir='ltr'>versaee</span> 
     </span>
     <span class='ocr_line' id='line_1_108' title="bbox 1329 2907 2159 2998; baseline -0.004 -11"><span class='ocrx_word' id='word_1_623' title='bbox 1329 2907 1572 2987; x_wconf 55' lang='lat' dir='ltr'>segimdae</span> <span class='ocrx_word' id='word_1_624' title='bbox 1546 2960 1607 2986; x_wconf 84' lang='lat' dir='ltr'>res</span> <span class='ocrx_word' id='word_1_625' title='bbox 1642 2947 1869 2987; x_wconf 89' lang='lat' dir='ltr'>acciderunt</span> <span class='ocrx_word' id='word_1_626' title='bbox 1896 2946 1963 2994; x_wconf 86' lang='lat' dir='ltr'>vii,</span> <span class='ocrx_word' id='word_1_627' title='bbox 1999 2949 2027 2987; x_wconf 88' lang='grc'><strong>6</strong></span> <span class='ocrx_word' id='word_1_628' title='bbox 2071 2945 2159 2998; x_wconf 87' lang='lat' dir='ltr'>ejus</span> 
     </span>
     <span class='ocr_line' id='line_1_109' title="bbox 1330 2999 2157 3053; baseline 0 -13"><span class='ocrx_word' id='word_1_629' title='bbox 1330 3014 1449 3053; x_wconf 88' lang='lat' dir='ltr'>opera</span> <span class='ocrx_word' id='word_1_630' title='bbox 1478 3005 1702 3053; x_wconf 86' lang='lat' dir='ltr'>susceptum</span> <span class='ocrx_word' id='word_1_631' title='bbox 1735 3006 1798 3040; x_wconf 89' lang='lat' dir='ltr'>est</span> <span class='ocrx_word' id='word_1_632' title='bbox 1834 3001 1977 3040; x_wconf 91' lang='lat' dir='ltr'>bellum</span> <span class='ocrx_word' id='word_1_633' title='bbox 2005 2999 2112 3046; x_wconf 79' lang='lat' dir='ltr'>xxiii,</span> <span class='ocrx_word' id='word_1_634' title='bbox 2131 3003 2157 3040; x_wconf 81' lang='grc'><strong>7</strong></span> 
     </span>
     <span class='ocr_line' id='line_1_110' title="bbox 1329 3051 2158 3107; baseline -0.002 -14"><span class='ocrx_word' id='word_1_635' title='bbox 1329 3067 1449 3106; x_wconf 84' lang='lat' dir='ltr'>opera</span> <span class='ocrx_word' id='word_1_636' title='bbox 1463 3054 1550 3107; x_wconf 88' lang='lat' dir='ltr'>ejus</span> <span class='ocrx_word' id='word_1_637' title='bbox 1567 3054 1730 3102; x_wconf 85' lang='lat' dir='ltr'>sactum,</span> <span class='ocrx_word' id='word_1_638' title='bbox 1747 3059 1794 3092; x_wconf 90' lang='lat' dir='ltr'>ut</span> <span class='ocrx_word' id='word_1_639' title='bbox 1811 3068 1876 3102; x_wconf 84' lang='lat' dir='ltr'>xv,</span> <span class='ocrx_word' id='word_1_640' title='bbox 1891 3058 1917 3094; x_wconf 89' lang='lat'>8</span> <span class='ocrx_word' id='word_1_641' title='bbox 1962 3053 2005 3092; x_wconf 89' lang='lat' dir='ltr'>in</span> <span class='ocrx_word' id='word_1_642' title='bbox 2022 3051 2158 3092; x_wconf 87' lang='lat' dir='ltr'>odium</span> 
     </span>
     <span class='ocr_line' id='line_1_111' title="bbox 1329 3106 2160 3169; baseline 0 -23"><span class='ocrx_word' id='word_1_643' title='bbox 1329 3108 1422 3146; x_wconf 84' lang='lat' dir='ltr'>veni</span> <span class='ocrx_word' id='word_1_644' title='bbox 1447 3108 1502 3156; x_wconf 85' lang='lat' dir='ltr'>vi,</span> <span class='ocrx_word' id='word_1_645' title='bbox 1522 3112 1544 3149; x_wconf 91' lang='lat'>1</span> <span class='ocrx_word' id='word_1_646' title='bbox 1592 3121 1710 3159; x_wconf 83' lang='lat' dir='ltr'>opera</span> <span class='ocrx_word' id='word_1_647' title='bbox 1737 3107 1902 3160; x_wconf 88' lang='lat' dir='ltr'>alicujus</span> <span class='ocrx_word' id='word_1_648' title='bbox 1920 3106 2046 3160; x_wconf 84' lang='lat' dir='ltr'>patria</span> <span class='ocrx_word' id='word_1_649' title='bbox 2064 3106 2160 3169; x_wconf 86' lang='lat' dir='ltr'>pelli</span> 
     </span>
     <span class='ocr_line' id='line_1_112' title="bbox 1331 3158 2158 3214; baseline -0.002 -14"><span class='ocrx_word' id='word_1_650' title='bbox 1331 3160 1404 3214; x_wconf 89' lang='lat' dir='ltr'>(de</span> <span class='ocrx_word' id='word_1_651' title='bbox 1436 3175 1500 3209; x_wconf 86' lang='lat' dir='ltr'>eo,</span> <span class='ocrx_word' id='word_1_652' title='bbox 1534 3160 1603 3213; x_wconf 91' lang='lat' dir='ltr'>qui</span> <span class='ocrx_word' id='word_1_653' title='bbox 1633 3161 1674 3200; x_wconf 91' lang='lat' dir='ltr'>in</span> <span class='ocrx_word' id='word_1_654' title='bbox 1693 3174 1814 3200; x_wconf 86' lang='lat' dir='ltr'>causa</span> <span class='ocrx_word' id='word_1_655' title='bbox 1840 3167 1914 3209; x_wconf 88' lang='lat' dir='ltr'>est,</span> <span class='ocrx_word' id='word_1_656' title='bbox 1933 3173 2012 3200; x_wconf 87' lang='lat' dir='ltr'>rem</span> <span class='ocrx_word' id='word_1_657' title='bbox 2030 3158 2158 3206; x_wconf 86' lang='lat' dir='ltr'>struit,</span> 
     </span>
     <span class='ocr_line' id='line_1_113' title="bbox 1330 3213 1804 3268; baseline 0.004 -14"><span class='ocrx_word' id='word_1_658' title='bbox 1330 3214 1500 3262; x_wconf 88' lang='lat' dir='ltr'>molitur,</span> <span class='ocrx_word' id='word_1_659' title='bbox 1520 3213 1660 3268; x_wconf 88' lang='lat' dir='ltr'>efficit)</span> <span class='ocrx_word' id='word_1_660' title='bbox 1689 3214 1756 3262; x_wconf 85' lang='lat' dir='ltr'>vii,</span> <span class='ocrx_word' id='word_1_661' title='bbox 1775 3220 1804 3256; x_wconf 88' lang='grc'><strong>6</strong></span> 
     </span>
    </p>

    <p class='ocr_par' dir='ltr' id='par_1_33' title="bbox 1277 3265 2172 3537">
     <span class='ocr_line' id='line_1_114' title="bbox 1277 3265 2158 3331; baseline -0.005 -23"><span class='ocrx_word' id='word_1_662' title='bbox 1277 3267 1386 3321; x_wconf 85' lang='lat' dir='ltr'>Opes</span> <span class='ocrx_word' id='word_1_663' title='bbox 1423 3268 1516 3322; x_wconf 88' lang='lat' dir='ltr'>(pro</span> <span class='ocrx_word' id='word_1_664' title='bbox 1553 3267 1754 3331; x_wconf 84' lang='lat' dir='ltr'>potentia)</span> <span class='ocrx_word' id='word_1_665' title='bbox 1782 3282 1846 3315; x_wconf 85' lang='lat' dir='ltr'>xv,</span> <span class='ocrx_word' id='word_1_666' title='bbox 1879 3271 1919 3308; x_wconf 89' lang='grc'>6.</span> <span class='ocrx_word' id='word_1_667' title='bbox 1963 3265 2072 3313; x_wconf 81' lang='lat' dir='ltr'>xviii,</span> <span class='ocrx_word' id='word_1_668' title='bbox 2105 3268 2158 3304; x_wconf 89' lang='grc'>10</span> 
     </span>
     <span class='ocr_line' id='line_1_115' title="bbox 1330 3319 2172 3373; baseline -0.007 -11"><span class='ocrx_word' id='word_1_669' title='bbox 1330 3321 1632 3362; x_wconf 86' lang='lat' dir='ltr'>Atheniensium</span> <span class='ocrx_word' id='word_1_670' title='bbox 1662 3321 1730 3369; x_wconf 90' lang='lat' dir='ltr'>vii,</span> <span class='ocrx_word' id='word_1_671' title='bbox 1749 3327 1774 3363; x_wconf 90' lang='lat'><strong>5</strong></span> <span class='ocrx_word' id='word_1_672' title='bbox 1813 3333 1964 3373; x_wconf 86' lang='lat' dir='ltr'>magnae</span> <span class='ocrx_word' id='word_1_673' title='bbox 1981 3320 2031 3359; x_wconf 87' lang='lat' dir='ltr'>ab</span> <span class='ocrx_word' id='word_1_674' title='bbox 2049 3319 2172 3357; x_wconf 87' lang='lat' dir='ltr'>tenui-</span> 
     </span>
     <span class='ocr_line' id='line_1_116' title="bbox 1331 3371 2157 3439; baseline -0.002 -25"><span class='ocrx_word' id='word_1_675' title='bbox 1331 3375 1443 3415; x_wconf 90' lang='lat' dir='ltr'>initio</span> <span class='ocrx_word' id='word_1_676' title='bbox 1479 3376 1694 3439; x_wconf 62' lang='lat' dir='ltr'>profligatas</span> <span class='ocrx_word' id='word_1_677' title='bbox 1721 3374 1801 3422; x_wconf 82' lang='lat' dir='ltr'>xvi,</span> <span class='ocrx_word' id='word_1_678' title='bbox 1827 3379 1854 3415; x_wconf 73' lang='lat'><em>2</em></span> <span class='ocrx_word' id='word_1_679' title='bbox 1895 3371 2030 3424; x_wconf 71' lang='lat' dir='ltr'>patriae</span> <span class='ocrx_word' id='word_1_680' title='bbox 2058 3372 2111 3418; x_wconf 86' lang='lat' dir='ltr'>ix,</span> <span class='ocrx_word' id='word_1_681' title='bbox 2132 3378 2157 3412; x_wconf 89' lang='lat'><strong>5</strong></span> 
     </span>
     <span class='ocr_line' id='line_1_117' title="bbox 1333 3402 2160 3489; baseline -0.005 -21"><span class='ocrx_word' id='word_1_682' title='bbox 1333 3430 1432 3481; x_wconf 84' lang='lat' dir='ltr'>regis</span> <span class='ocrx_word' id='word_1_683' title='bbox 1461 3429 1530 3477; x_wconf 86' lang='lat' dir='ltr'>vii,</span> <span class='ocrx_word' id='word_1_684' title='bbox 1549 3433 1600 3470; x_wconf 91' lang='grc'>10</span> <span class='ocrx_word' id='word_1_685' title='bbox 1629 3442 1725 3481; x_wconf 86' lang='lat' dir='ltr'>opes</span> <span class='ocrx_word' id='word_1_686' title='bbox 1755 3428 1851 3489; x_wconf 74' lang='lat' dir='ltr'>(pro</span> <span class='ocrx_word' id='word_1_687' title='bbox 1878 3426 2020 3465; x_wconf 83' lang='lat' dir='ltr'>viribus</span> <span class='ocrx_word' id='word_1_688' title='bbox 2049 3402 2160 3465; x_wconf 80' lang='lat' dir='ltr'>belli-</span> 
     </span>
     <span class='ocr_line' id='line_1_118' title="bbox 1333 3479 2160 3537; baseline -0.005 -14"><span class='ocrx_word' id='word_1_689' title='bbox 1333 3482 1411 3537; x_wconf 92' lang='lat' dir='ltr'>cis)</span> <span class='ocrx_word' id='word_1_690' title='bbox 1440 3482 1568 3531; x_wconf 78' lang='lat' dir='ltr'>viii‚2</span> <span class='ocrx_word' id='word_1_691' title='bbox 1608 3495 1703 3535; x_wconf 87' lang='lat' dir='ltr'>opes</span> <span class='ocrx_word' id='word_1_692' title='bbox 1733 3479 1984 3521; x_wconf 83' lang='lat' dir='ltr'>debilitantur</span> <span class='ocrx_word' id='word_1_693' title='bbox 2023 3480 2116 3536; x_wconf 83' lang='lat' dir='ltr'>xvii,</span> <span class='ocrx_word' id='word_1_694' title='bbox 2125 3484 2160 3519; x_wconf 87' lang='grc'><strong>5</strong></span> 
     </span>
    </p>
   </div>
  </div>
 </body>
</html>
