2306 3900
196 443 1013 546 RECENSUS
1080 441 1286 538 ΕΙ)
1300 415 1757 538 ITION
1774 434 2036 532 UM

550 755 1114 830 CORNELII
1159 749 1690 842 NEPOTIS,

316 1033 587 1078 AUCTIOR
617 1033 1022 1085 FABRICIANO,
1048 1033 1126 1074 ET
1154 1033 1221 1074 IN
1253 1033 1305 1072 V.
1335 1030 1566 1076 AETATES
1598 1026 1905 1069 DIGESTUS.

796 1282 878 1322 EX
907 1281 999 1321 En.
1027 1279 1273 1321 BIPONT.
1313 1282 1433 1319 1788.

524 1498 714 1548 AETAS
750 1498 790 1545 1.
827 1495 1123 1546 NATALIS
1160 1511 1198 1543 s.
1237 1493 1675 1543 JENSONIANA

834 1637 1385 1688 1471—-1490—1520.

187 1764 244 1823 A
276 1783 562 1822 PRINCIPE
610 1769 822 1818 editione
848 1770 1036 1817 Veneta
1058 1767 1230 1817 1.Nic.
1252 1768 1437 1817 Jeuson
1476 1763 1792 1830 typographi,
1839 1760 1924 1826 qui
1963 1777 2023 1809 ex

253 1852 428 1901 codice
465 1851 595 1900 bono
627 1867 817 1900 summa
857 1848 955 1898 fide
990 1858 1038 1898 et
1081 1848 1428 1914 superstitione
1470 1847 1562 1895 sub
1619 1845 1816 1894 nomine
1846 1841 2025 1892 AEmilii

252 1933 402 1981 Probi
424 1932 620 1995 (veteris
645 1930 1004 1995 transcriptoris
1031 1945 1138 1979 aevo
1160 1927 1434 1977 Theodosii
1477 1929 1626 1990 Imp.)
1650 1926 1773 1975 vitas
1809 1924 2017 1972 virorum

250 2013 589 2062 excellentium
611 2013 798 2076 absque
823 2011 915 2059 illis
940 2011 1142 2060 Catonis
1170 2018 1217 2058 et
1244 2010 1397 2059 Attici
1422 2007 1580 2057 edidit
1599 2024 1679 2055 an.
1705 2013 1851 2063 1471.
1875 2013 1926 2054 et
1951 2003 2026 2052 bis

250 2094 444 2143 recudit
466 2111 545 2143 an.
577 2101 724 2151 1473.
751 2101 799 2143 et
828 2091 975 2149 1476.
1045 2091 1183 2140 Idem
1198 2092 1441 2140 Jensonus
1462 2089 1613 2138 Attici
1634 2087 1783 2136 vitam
1808 2086 1866 2134 in'
1882 2085 2025 2135 calce

251 2176 384 2240 Epp.
410 2174 654 2224 Ciceronis
694 2174 757 2222 ad
798 2173 1039 2232 Atticum,
1079 2174 1303 2229 Brutum,
1332 2179 1380 2221 et
1405 2172 1471 2228 Q.
1512 2169 1709 2218 fratrem
1747 2183 1829 2216 an.
1876 2173 2023 2223 1470.

250 2255 488 2314 ediderat,
529 2256 804 2320 iterumque
838 2271 953 2304 cum
977 2255 1187 2304 virorum
1221 2252 1474 2302 illustrium
1515 2250 1628 2299 vitis
1659 2266 1727 2313 ex¹
1756 2248 2023 2296 Plutarcho

250 2338 428 2387 Graeco
451 2337 501 2384 in
526 2336 636 2384 Lat.
661 2335 809 2384 versis
839 2342 984 2392 1478.
1054 2334 1154 2384 Sed
1180 2342 1294 2383 aute
1317 2334 1586 2383 Jensonum
1606 2329 2022 2388 Mediolanenses,

249 2426 299 2468 et
318 2418 502 2482 primus
527 2416 726 2480 quidem
752 2417 927 2466 Franc.
953 2416 1259 2481 philelphus,
1293 2415 1406 2464 dein
1431 2416 1542 2465 Jac.
1586 2411 1847 2469 BechetuS,
1872 2410 2023 2459 vitam

250 2499 405 2548 Attici
426 2497 697 2548 ediderant.
762 2498 1082 2547 Jeusonianas
1119 2514 1234 2546 vero
1275 2503 1447 2545 secuta
1466 2502 1542 2543 est
1563 2492 1840 2543 Parmensis
1871 2498 2020 2540 1480.

251 2578 503 2627 Maittario
538 2585 680 2635 teste,
707 2578 790 2625 sed
816 2594 844 2625 a
868 2577 1002 2626 nullo
1041 2577 1228 2626 editore
1252 2577 1415 2624 adhuc
1441 2575 1641 2623 collata.
1711 2573 1885 2620 Romae
1909 2569 2021 2618 dein

251 2657 351 2706 vita
373 2657 524 2706 Attici
547 2673 635 2722 per
659 2657 810 2706 Corn.
837 2657 1079 2721 Nepotem
1105 2672 1217 2704 cum
1243 2655 1496 2706 Ciceronis
1522 2655 1656 2719 Epp.
1681 2651 1744 2701 ad
1777 2651 2019 2708 Atticum,

253 2745 372 2787 cett.
402 2736 777 2801 1490.prodiit;
814 2753 960 2802 quam
988 2736 1252 2786 Brixiensis
1274 2742 1418 2795 1498.
1445 2751 1472 2783 a
1494 2736 1601 2784 Jac.
1627 2732 1908 2782 Britannico
1931 2747 2021 2781 cu-

249 2827 357 2869 rata
379 2817 550 2868 ceteris
575 2817 683 2866 vitis
718 2816 925 2867 addidit.
962 2818 1154 2867 Plenior
1176 2818 1323 2868 etiam
1348 2825 1398 2866 et
1434 2817 1632 2881 optimae
1657 2822 1786 2863 uotae
1808 2821 1884 2863 est
1908 2813 2020 2861 Me-

251 2899 539 2948 diolanensis
562 2899 694 2948 Petri
720 2899 920 2949 corneti
941 2916 981 2947 s.
1006 2916 1048 2949 a.
1069 2907 1117 2948 et
1139 2900 1173 2949 l.
1201 2916 1313 2965 quae
1334 2898 1502 2948 nescio
1527 2914 1587 2946 an
1627 2905 1741 2945 ante
1770 2892 1918 2953 1496.
1944 2892 2020 2942 vel

255 2988 399 3039 1499.
426 2981 587 3029 lucem
614 2977 808 3030 viderit.
846 2981 940 3030 Sed
968 2988 1020 3030 et:
1043 2983 1230 3030 Veneta
1255 2994 1333 3031 lv.
1361 2996 1528 3030 recusa
1546 2985 1618 3028 est
1644 2983 1791 3037 1499.
1830 2977 2019 3026 Corne-

250 3061 434 3110 rianam
478 3062 663 3110 imitata
702 3070 779 3111 est
822 3061 1245 3127 Argentoratensis
1287 3079 1328 3111 s.
1365 3059 1703 3110 Schureriana.
1759 3057 1903 3104 Hanc
1941 3055 2017 3104 vel

251 3141 550 3190 Brixiensem
574 3150 628 3191 et
649 3141 857 3191 vicinam
882 3143 1119 3191 Venetam
1145 3141 1331 3206 excipit
1356 3140 1570 3190 Parisina
1595 3137 1706 3186 Iod.
1743 3134 1884 3184 Badii
1920 3139 2016 3184 As-

248 3223 400 3273 censii
441 3237 481 3272 1.
530 3229 675 3273 1513.
702 3231 752 3272 et
777 3237 857 3273 -11.
896 3230 1042 3274 1520.
1080 3225 1136 3271 In
1172 3224 1243 3271 his
1283 3221 1507 3271 omnibus
1532 3219 1784 3268 dominata.
1807 3215 2014 3267 maxime

245 3304 555 3362 Jeusoniana,
580 3301 665 3352 sed
689 3302 801 3352 inde
825 3320 857 3352 a
881 3305 1097 3352 Corneto
1121 3302 1423 3351 emendatior
1446 3299 1623 3348 extitit.

187 3391 309 3441 1471
336 3385 524 3434 Veneta
568 3397 606 3432 1.
641 3382 873 3449 princeps
909 3382 996 3430 fol.
1020 3389 1033 3408 ‘
1053 3382 1229 3431 AErnilii
1271 3382 1422 3431 Probi
1447 3381 1535 3430 viri
1559 3379 1809 3430 clarissimi
1828 3378 1890 3428 de
1916 3379 2014 3427 vita

251 3464 459 3514 virorum
505 3464 841 3514 excellentium
887 3463 1008 3511 liber
1055 3463 1225 3526 incipit
1250 3462 1612 3515 feliciter.’—-In
1638 3462 1775 3513 calce
1798 3460 2008 3518 legitur:

345 3544 488 3597 Delph.
509 3549 547 3585 et
572 3546 666 3586 Ver.
687 3546 793 3585 Clas.
1112 3543 1211 3595 Nep.
1812 3546 1836 3581 2
1866 3541 1900 3579 Z
