2306 3900
311 287 417 340 504

310 424 360 460 nt
397 418 572 459 videtur
600 414 920 460 semicirculari.
946 417 949 418 ⁷
977 419 1049 459 Ita
1084 420 1189 473 legi·

310 493 403 523 mus
438 480 551 532 apud
589 480 825 521 Homerum
863 481 1106 535 aliquoties,
1142 488 1189 524 et

309 543 423 596 apud
444 542 595 594 Polyb.
614 542 689 583 lib.
709 554 742 584 1.
763 547 831 585 29.
875 545 1091 587 Diodorus
1110 546 1186 587 lib.

308 617 373 646 xi.
405 605 458 645 de
491 603 734 646 Amilcare:
764 607 776 628 ‘
797 607 1011 660 Quicquid
1031 613 1097 649 est
1115 620 1188 649 na-

306 669 421 710 vium
439 701 442 706 .
457 669 678 720 longarum
711 668 931 720 subduxit,
978 670 1187 722 profunda

306 743 358 772 ea
376 730 506 784 fossa,
517 731 748 784 ligneoque
766 733 874 773 vallo
889 733 1186 776 circumdans!

304 794 434 847 Τείχει
459 795 594 846 ξυλίνῳ
619 794 846 849 περιέλαβε,
879 797 954 847 ait,
981 797 1095 850 quod
1114 810 1187 838 no·

304 849 482 900 tandum
503 865 584 899 est.
639 860 803 900 Similia
834 865 879 900 et
909 860 963 900 de
991 861 1185 900 Ducibus

304 923 451 965 classis
472 915 664 964 Persicae
685 923 837 964 tradit.
892 922 934 963 A
953 923 1076 976 mari,
1094 923 1183 963 sive

301 988 445 1040 potius
457 987 502 1027 in
516 987 606 1038 ipso
620 987 743 1038 mari,
753 985 1058 1027 statuebantur
1068 986 1184 1038 ligna

303 1054 525 1103 praeacuta
543 1048 783 1100 validaque,
811 1046 948 1088 veluti
966 1049 1009 1087 in
1041 1056 1183 1101 portu,

303 1117 348 1153 et
367 1116 467 1152 ante
485 1111 577 1163 ipsa
596 1110 822 1160 onerariae,
840 1123 1016 1164 quarum
1037 1112 1184 1164 praesi-

304 1175 376 1216 dio
396 1180 443 1216 et
472 1179 613 1215 castra
644 1175 738 1227 ipsa
767 1179 862 1215 tuta
892 1187 1003 1227 esse,
1028 1180 1079 1215 et
1109 1177 1181 1216 na·

305 1253 379 1282 ves
399 1252 549 1282 secure
570 1239 720 1292 egredi
747 1252 797 1280 ac
819 1240 961 1280 redire
993 1244 1182 1292 possent.

301 1302 545 1345 Schefferus
565 1303 641 1343 lib.
660 1314 731 1343 111.
758 1307 798 1344 4.
830 1303 885 1343 de
912 1303 1074 1343 Militia
1091 1303 1181 1344 Na-

299 1367 403 1408 vali.
447 1366 559 1407 Vide
576 1366 704 1406 Grot.
721 1365 776 1405 ad
796 1366 825 1406 l.
843 1365 924 1405 ult.
939 1364 987 1406 ff.
1005 1366 1050 1405 in
1067 1366 1180 1407 Flor.

297 1430 443 1483 Spar-s,
488 1430 502 1453 ‘
524 1430 568 1470 Si
605 1442 630 1470 a
659 1433 839 1482 parente
870 1427 964 1482 quis
992 1435 1178 1469 manum.

300 1493 387 1533 sit?
414 1492 614 1533 Keuchen.

354 1556 606 1596 Immodestia
637 1554 826 1606 militum]
872 1555 926 1594 In
955 1554 1177 1607 Lysandro

296 1619 448 1659 initio:
479 1619 492 1641 ‘
515 1630 599 1658 non
632 1618 747 1658 enim
779 1618 939 1658 virtute
972 1618 1037 1658 sui
1055 1630 1177 1658 exer-

297 1681 424 1733 citus,
454 1682 530 1721 sed
550 1681 821 1722 immodestia
839 1679 1000 1721 factum
1019 1686 1085 1722 est
1103 1680 1175 1720 ad-

296 1743 612 1786 versariorum!
637 1744 798 1785 Savaro.
851 1742 1026 1796 Ἀταξίᾳ,
1044 1743 1176 1783 licen-

296 1807 372 1847 tia.
426 1807 512 1847 Sed
527 1806 784 1847 nascebatur
799 1806 894 1847 haec
907 1806 1177 1847 immodestia

297 1882 352 1912 ex
372 1871 637 1924 negligentia
654 1870 825 1911 ducum.

349 1935 487 1986 Neque
517 1945 561 1974 ea
589 1945 653 1974 res
682 1933 795 1973 illum
813 1932 986 1985 fefellit]
1013 1934 1173 1974 Sallus-

297 1996 407 2036 tius:
439 1996 451 2019 ‘
473 2007 614 2048 neque
642 2007 694 2036 ea
724 2007 792 2035 res
821 2007 891 2035 me
921 1995 1073 2036 falsum
1099 1996 1172 2036 ha-

293 2058 416 2100 buit.'

284 2121 383 2161 *Ότι
401 2120 533 2171 μέντοι
559 2121 632 2161 τὰς
650 2119 838 2173 ἁμαρτίας
873 2123 951 2161 τῶν
966 2120 1174 2170 Ἀθηναίων

292 2185 411 2237 ὀρθῶς
429 2187 597 2238 συνοῖδε,
628 2184 736 2237 ταχὺ
764 2184 813 2225 τὸ
832 2186 946 2237 ἔργον
964 2184 1171 2239 ἐμαρτύρη-

296 2262 379 2290 σεν.

347 2312 428 2352 Per
461 2312 735 2364 speculatores]
766 2312 853 2354 Qui
887 2313 959 2353 alii
993 2312 1172 2354 fuerunt

289 2375 342 2415 ab
356 2375 694 2427 exploratoribus
707 2375 821 2426 apud
835 2375 1045 2429 antiquos..
1059 2375 1170 2416 Vide

290 2439 464 2478 Festum
479 2442 524 2477 et
537 2437 655 2489 alios,
668 2437 741 2490 qui
755 2442 959 2478 notarunt
972 2436 1171 2479 differen-

290 2500 407 2541 tiam.
460 2501 591 2541 Vocis
624 2501 704 2541 hoc
735 2500 830 2540 loco
862 2501 1064 2552 primaria
1095 2513 1169 2552 ap·

289 2561 466 2615 pellatio
501 2566 583 2615 est,
619 2574 695 2615 pro
734 2563 800 2615 iis,
832 2575 938 2616 quos
971 2562 1170 2604 κατόπτας

289 2625 437 2666 Graeci
466 2625 760 2677 appellabant,
789 2638 815 2666 a
842 2625 994 2679 quibus
1011 2626 1169 2667 diversi

287 2686 467 2728 fuerunt
487 2688 697 2729 satellites
717 2688 788 2728 isti
812 2687 1071 2740 principales
1092 2700 1167 2728 seu

285 2750 544 2805 λογχοφόροι,
564 2751 638 2805 qui
656 2752 708 2792 ab
729 2752 904 2804 antiquo
925 2751 968 2791 in
987 2750 1166 2804 legioni-

287 2815 366 2856 bus
387 2815 641 2856 militabant.
669 2815 871 2855 Keucheu.

347 2879 517 2929 Vulgum
570 2878 867 2918 Atheniensium
918 2878 962 2918 in
1016 2881 1165 2918 terram

280 2942 502 2991 praedatum
519 2940 662 2992 exisse]
701 2939 810 2980 Aliis
831 2941 1163 2981 circumstantiis

285 3009 435 3044 narrat
453 3004 684 3056 Polyaenus
703 3003 775 3044 lib.
794 3015 824 3044 1.
878 3004 944 3043 Ἐν
959 3003 1077 3054 Αἰγὸς
1095 3020 1162 3044 πο-

283 3067 421 3116 ταμοῖς
447 3065 482 3107 οἱ
512 3066 704 3114 Ἀθηναῖοι
733 3064 910 3118 τετράκις
938 3066 1163 3118 ἀνήχθησαν

286 3129 346 3180 ἐφ’
374 3126 450 3179 ᾧτε
467 3130 694 3179 ναυμαχεῖν.
747 3127 966 3181 Λύσανδρος
984 3130 1006 3168 ὖ
1026 3127 1163 3169 Λάκων

284 3191 538 3242 ἀντανήγετο.
556 3192 592 3232 οἷ
607 3190 682 3242 μὲν
695 3190 749 3231 ὅν
766 3191 1007 3233 ἂποπλέουσι
1025 3190 1162 3244 γαννύ-

283 3271 404 3306 μενοι,
430 3256 593 3296 παιᾶνας
636 3255 809 3309 ᾅδοντες·
867 3255 1086 3310 Λύσανδρος
1117 3255 1161 3298 δὲ

283 3317 445 3358 κατόπιν
457 3317 597 3367 πέμπει
614 3317 682 3368 δύο
697 3318 875 3372 τριήρεις.
918 3320 970 3360 Ol
986 3319 1159 3374 τριήραρ-

283 3396 350 3433 χοι
360 3380 453 3423 τοὺς
466 3381 684 3430 Ἀθηναίους
699 3381 890 3431 ἐκβάντας
903 3384 953 3425 ὦς
963 3383 1077 3436 εἶδον,
1091 3398 1159 3433 ση-

283 3446 392 3496 μεῖον
420 3442 612 3496 μετέωρον
639 3445 787 3497 αἴρουσι
817 3449 976 3497 χαλκῆν
999 3446 1158 3488 ἀσπίδα.

283 3506 499 3563 Λύσανδρος
516 3507 654 3551 αὐτίκα
671 3508 929 3561 ὕπεσήμαινεν
957 3510 1156 3555 ἐπίπλουν.

480 2059 737 2099 Plutarchus
774 2058 967 2110 pluribus
1002 2058 1172 2099 verbis:
1226 2103 1228 2108 ,

694 302 873 340 NOTAE
914 300 1249 343 VARIORUM
1291 296 1352 343 IN
1395 305 1448 344 G.
1489 305 1754 345 NEPOTIS

1251 420 1377 462 Kaloi
1393 420 1567 463 Λάκωνες
1582 421 1723 476 εἲρεσίᾳ
1740 425 1877 476 πολλῇ
1893 409 2132 469 ἐπιπλέουσι.

1249 484 1312 525 καὶ
1323 485 1414 526 τοὺς
1422 486 1645 533 Ἀθηναίους
1659 486 2033 537 καταλαμβάνουσιν
2045 489 2134 543 ἔστι

1250 541 1456 598 ἐκβάντας,
1489 548 1542 589 ὧν
1567 550 1606 590 οἱ
1628 549 1700 599 μὲν
1731 550 1986 603 ἀνεπαύοντο,
2015 552 2053 592 οἱ
2084 551 2129 593 δὲ

1249 611 1352 653 ἄλλο
1369 628 1408 654 τι
1427 612 1555 666 ἔδρων,
1571 614 1709 665 γυμνοὶ
1723 613 1880 657 πάντες.
1899 616 1938 656 οἱ
1954 614 2132 663 Λάκωνες

1249 675 1356 727 ἄφνω
1382 676 1670 728 προσπεσόντες
1704 677 1934 729 ὠπλισμένοι
1953 681 2130 731 γυμνοῖς,

1248 740 1547 792 συντεταγμένοι
1606 741 1872 794 ἀσυντάκτοις,
1936 741 2131 791 ἐνίκησαν.

1248 803 1415 855 αἱροῦσιν
1431 803 1499 844 οὖν
1516 803 1655 858 ἄνδρας
1672 804 1947 856 αἰχμαλώτους
1963 805 2029 846 καὶ
2054 805 2130 848 τὰς

1244 865 1409 919 τριήρεις
1435 866 1598 908 ἁπάσας.
1629 867 1691 908 ὅτι
1717 869 1772 919 μὴ
1797 869 1869 919 ’μιά
1900 869 1927 918 ἧ
1953 869 2130 922 πάραλος

1247 927 1391 980 ἔφυγεν
1405 929 1608 982 Ἀθήναζε,
1634 930 1732 981 μόνη
1759 934 1831 980 τῆς
1844 933 1983 982 ‘unns
2000 932 2126 984 ἅγνε-

1245 998 1327 1032 λος.
1358 991 1581 1034 Gebhard.
1644 994 1813 1045 Vulgum
1831 995 2128 1038 Atheniensium

1244 1054 1448 1094 interram
1461 1057 1682 1107 pra-datum
1699 1057 1843 1109 exisse]
1871 1057 1970 1099 Hoc
1989 1058 2128 1099 since-

1245 1128 1338 1155 rum
1358 1121 1424 1156 est
1443 1116 1486 1156 in
1505 1118 1749 1169 Excerptis.
1807 1119 2042 1171 Longolius
2058 1124 2127 1160 ta·

1243 1192 1342 1219 men
1361 1179 1515 1232 edidit,
1535 1182 1754 1233 praedatam
1772 1182 1911 1222 exisse.
1944 1194 1955 1201 ‘
1971 1183 2031 1223 Ut
2048 1182 2125 1226 ali-

1244 1243 1303 1295 bi,
1335 1243 1349 1266 ‘
1370 1242 1503 1284 effusa
1538 1243 1716 1297 vulgus?
1772 1246 1830 1286 Et
1864 1245 1978 1297 apud
2012 1245 2124 1287 Poe'·

1243 1312 1358 1346 tam:
1403 1307 1416 1329 ‘
1438 1306 1481 1346 in
1515 1308 1686 1358 vulgum
1717 1308 1959 1359 ambiguam
1977 1308 2014 1358 ;'⁴
2042 1308 2123 1349 nisi

1241 1370 1358 1410 locus
1376 1369 1600 1411 mendosus
1622 1371 1693 1423 sit,
1711 1377 1759 1412 ut
1778 1373 1927 1413 volunt
1947 1371 2123 1423 eruditi,

1243 1432 1360 1485 queis
1397 1433 1536 1472 libere
1585 1433 1809 1476 assentior.
1862 1436 2037 1488 Sergius
2075 1436 2122 1477 in

1241 1495 1431 1535 editione
1463 1496 1651 1536 secunda
1680 1497 1874 1537 Donati:
1919 1499 1932 1521 ‘
1954 1498 2120 1551 Vulgus

1241 1562 1286 1597 et
1303 1563 1455 1597 neutro
1471 1562 1517 1597 et
1532 1555 1748 1598 foeminino
1767 1570 1923 1610 genere
1940 1559 2120 1614 legimns

1239 1621 1353 1672 apud
1380 1620 1619 1672 Virgilium.
1684 1621 1737 1661 In
1769 1620 2015 1663 foeminino:
2063 1622 2118 1662 In

1240 1684 1408 1734 vulgum
1443 1683 1692 1735 ambiguam.
1765 1684 1960 1726 Neutro:
1991 1685 2120 1738 Igno-

1238 1745 1324 1786 bile
1342 1744 1522 1797 vulgus?
1578 1746 1716 1788 Quam
1734 1751 1876 1787 tamen
1893 1749 2119 1790 Gramma-

1238 1809 1316 1849 tici
1349 1809 1606 1860 scripturam
1636 1810 1744 1850 mire
1775 1810 1917 1862 carpit
1938 1810 2118 1852 doctiss.

1236 1871 1411 1911 Vossius
1427 1869 1482 1910 de
1496 1869 1679 1921 Analog.
1698 1870 1772 1911 lib.
1786 1882 1817 1912 1.
1859 1871 1973 1912 Vide
1985 1871 2117 1912 Joan.

1235 1933 1427 1987 Baptist.
1455 1933 1583 1974 Pium
1601 1933 1643 1973 in
1668 1932 1875 1975 Annotat.
1904 1934 2114 1988 posterio-

1236 1998 1366 2039 ribus.
1395 1997 1596 2038 Keuchen.

1290 2063 1459 2114 Tempus
1488 2061 1548 2101 rei
1589 2061 1775 2112 gerendae
1817 2072 1894 2101 non
1941 2059 2115 2112 d'tmisa't]

1232 2125 1383 2165 Senec.
1403 2123 1456 2163 de
1477 2123 1540 2162 ira
1559 2134 1628 2163 111.
1658 2127 1724 2164 21.
1752 2123 1764 2144 ‘
1786 2123 1900 2164 Belli
1929 2123 2116 2164 maxima

1232 2191 1448 2228 momenta
1465 2186 1508 2226 in
1527 2185 1819 2226 occasionibus
1840 2185 1970 2226 sunt.’
1991 2232 2002 2241 ‚
2026 2185 2116 2226 lta-

1233 2261 1317 2303 que
1352 2250 1483 2290 semel
1521 2248 1679 2289 oblatae
1717 2260 1801 2291 non
1839 2247 2110 2301 negligendae.

1233 2317 1347 2364 sunt,
1382 2324 1511 2365 quum
1547 2310 1665 2351 sacili
1705 2317 1923 2352 momento
1954 2309 2112 2351 mutari

1232 2376 1410 2429 possint.
1437 2376 1599 2415 Loccen.

1285 2437 1466 2492 Delenit]
1522 2437 1683 2478 Omnes
1728 2436 1839 2477 enim
1889 2447 2019 2476 naves
2065 2435 2110 2476 in

1231 2501 1442 2553 Lysandri
1478 2505 1740 2553 potestatem
1773 2505 2001 2552 venerunt,
2034 2511 2112 2542 uo·

1231 2575 1326 2605 vem
1344 2569 1420 2605 aut
1434 2564 1583 2605 decem
1597 2562 1812 2615 exceptis,
1833 2573 1930 2604 cum
1950 2561 2107 2616 quibus

1228 2628 1341 2681 fugit
1360 2629 1508 2669 Conon
1525 2627 1578 2668 ad
1598 2628 1850 2679 Euagoram.
1889 2624 2108 2666 Philocles

1229 2697 1275 2732 et
1293 2690 1550 2731 Adimantus
1570 2690 1863 2743 Imperatores
1883 2688 1970 2730 vivi
1989 2687 2108 2742 capti

1228 2759 1328 2795 sunt
1342 2768 1355 2794 :
1385 2765 1561 2807 quorum
1578 2753 1696 2804 prior
1722 2765 1747 2792 a
1766 2750 1988 2803 Lysandro
2006 2762 2108 2804 sup-

1226 2818 1357 2870 plicIo
1376 2817 1556 2858 affectus
1577 2822 1671 2866 est3
1702 2816 1815 2869 quod
1842 2814 2108 2855 decrevisset

1224 2881 1423 2932 Athenis,
1443 2885 1493 2921 ut
1510 2880 1703 2920 omnibus
1730 2878 1938 2929 hostibus,
1968 2877 2104 2930 quiin

1226 2945 1340 2985 bello
1359 2949 1636 2996 caperentur,
1666 2942 1810 2994 pollex
1825 2951 1972 2980 manus
2000 2939 2106 2980 dex·
2170 2996 2172 2998 -

1225 3013 1330 3048 terae
1346 3006 1671 3060 praecideretur,
1700 3016 1782 3057 quo
1802 3003 1964 3043 hastam
1988 2999 2103 3042 ferre

1223 3082 1306 3109 non
1315 3073 1502 3121 possent,
1511 3067 1719 3118 remigare
1732 3070 1905 3118 possent
1917 3078 1928 3114 ;
1957 3075 2102 3118 quem-

1224 3131 1451 3172 admodum
1482 3135 1627 3171 narrat
1643 3129 1759 3170 Plut.
1793 3129 1836 3168 in
1866 3127 2104 3181 Lysandro,

1225 3200 1271 3236 et
1305 3194 1506 3246 Xenoph.
1539 3204 1592 3233 11.
1629 3192 1685 3232 de
1722 3191 1849 3232 rebus
1887 3191 2102 3248 Graecise;

1223 3270 1463 3311 quanquam
1495 3255 1755 3307 Xenophon,
1787 3259 1837 3294 ut
1871 3258 1966 3294 tota
1996 3253 2108 3294 dex-

1223 3327 1319 3362 tera
1347 3332 1495 3360 manus
1529 3319 1641 3359 bello
1672 3316 1810 3369 captis
1842 3313 2099 3367 praecidere-

1222 3389 1306 3436 tur,
1318 3383 1372 3424 ab
1385 3381 1716 3424 Atheniensibus
1729 3378 1951 3419 decretum
1965 3376 2098 3419 fuisse
2160 3432 2163 3434 v

1221 3449 1387 3490 scribit.
1442 3447 1527 3488 Hic
1558 3444 1672 3484 idem
1690 3441 1921 3492 Philocles,
1949 3445 1998 3499 ut
2030 3453 2097 3483 re-

1219 3511 1307 3554 fert
1325 3510 1579 3564 Xenophon,
1605 3505 1850 3549 Corinthios
1870 3504 2033 3559 aliquot
2049 3508 2097 3547 et
