2306 3900
358 241 468 300 666

359 387 534 429 semper
575 373 749 428 aliquod
787 378 1084 429 praeparatum
1129 375 1247 430 fugae

289 480 298 492 ,
359 439 554 491 haberet,
585 443 754 491 septem
773 439 915 480 exitus
934 452 959 480 e
986 439 1112 483 domo
1130 439 1248 483 fece·

359 507 457 552 rat;
486 507 533 543 et
560 502 684 543 exiis
703 503 923 557 ”quosdam
955 505 1163 558 occultos,
1191 517 1248 547 ue

358 563 554 605 custodia
580 565 853 617 saepirentur.
909 566 996 607 Sed
1022 576 1153 620 grave
1170 567 1249 609 im-

358 627 529 680 perium
571 640 720 681 regum
761 629 867 671 nihil
905 630 1249 685 inexploratum,

358 690 476 744 quod
495 691 703 744 vestigari
719 694 886 746 volunt,
905 692 1055 736 efficit.
1098 695 1249 738 Totius

358 755 589 797 circuitum
623 756 773 799 domus
801 759 868 800 ita
898 759 1106 801 custodiis
1134 772 1249 801 com·

358 820 479 872 plexi
495 826 610 871 sunt,
621 827 672 863 ut
687 834 814 864 nemo
827 823 928 864 inde
943 822 1058 864 elabi
1074 826 1251 876 posset:

359 884 484 925 Idem.
513 885 665 926 Tradit
681 886 955 940 Plutarchus,
970 899 1046 928 seu
1058 886 1248 941 quisquis

360 952 514 989 auctor
558 947 659 990 vitae
692 948 968 1000 Hannibalis,
1011 950 1168 1002 locum,
1203 950 1249 990 in

358 1023 445 1071 quo
477 1010 774 1053 diversabatur
807 1012 1044 1063 Hannibal,
1077 1012 1123 1054 in
1154 1012 1250 1054 vico

357 1073 576 1126 Bithyniae
594 1075 821 1128 Lybissam
837 1074 984 1118 fuisse.
1011 1076 1193 1127 Magius.

414 1137 545 1184 Quam
572 1151 623 1178 ne
650 1138 777 1179 alieno
809 1138 977 1181 arbitrio
1007 1139 1249 1192 dimitteret]

357 1199 605 1243 Admodum
637 1214 825 1256 congrue
851 1203 905 1244 P.
923 1202 1086 1255 Syrus:
1135 1203 1149 1227 ‘
1170 1203 1248 1244 Bis

356 1265 491 1318 emori
510 1270 579 1306 est
598 1266 778 1306 alterius
797 1265 978 1307 arbitrio
995 1265 1133 1307 mori?
1188 1267 1248 1308 Et

355 1326 403 1367 in
417 1328 681 1370 contrarium
693 1329 807 1370 idem
822 1343 834 1370 ι
863 1329 877 1352 ‘
897 1329 1146 1372 Miserrima
1159 1329 1250 1371 vita

359 1394 430 1431 est
447 1391 627 1432 arbitrio
640 1391 819 1433 alterius
837 1391 1016 1433 vivere!
1047 1391 1247 1433 Gebhard.

418 1453 633 1505 Venenum,
659 1456 762 1507 quod
785 1466 936 1507 semper
962 1466 1092 1495 secum
1108 1454 1249 1496 habere

355 1517 625 1570 consueverat]
645 1517 733 1558 Sub
747 1517 891 1558 annuli
904 1529 1084 1570 gemma.
1103 1517 1249 1570 Scrip-

358 1585 430 1621 tor
450 1581 506 1622 de
524 1581 618 1622 Vir.
635 1581 801 1622 Illustr.
820 1581 1046 1622 Plutarch.
1065 1582 1248 1634 Eutrop.

356 1657 423 1687 ιν.
454 1645 638 1687 Orosius
652 1657 717 1686 ιν.
732 1649 799 1686 20.
827 1645 1030 1686 Valerius
1043 1644 1119 1686 lib.
1132 1655 1198 1687 ιι.
1209 1649 1250 1687 2.

359 1710 499 1751 Varro
531 1710 576 1750 in
604 1707 890 1761 Fragmentis.
946 1707 1044 1750 Quo
1073 1707 1252 1750 locoait

357 1772 572 1826 lapidibus
604 1772 807 1813 obrutum
835 1770 968 1812 fuisse
986 1783 1012 1812 a
1030 1770 1251 1823 Carthagi-

357 1835 576 1877 niensibus
594 1835 651 1877 ob
677 1848 770 1877 rem
802 1836 916 1876 male
950 1838 1128 1887 gestam.
1182 1833 1253 1875 De

357 1902 499 1940 morte
515 1899 702 1939 Veteres
721 1909 807 1938 nou
818 1897 1110 1938 consentiunt.
1142 1897 1254 1938 Sunt

358 1962 434 2016 qui
466 1962 585 2004 cruci
613 1962 787 2004 affixum
815 1963 980 2004 volunt.
1020 1961 1166 2003 Livius
1185 1973 1254 2005 IX.

356 2028 446 2070 Sed
471 2029 549 2070 ille
579 2029 635 2070 de
654 2041 834 2070 *veneno
865 2029 995 2070 etiam
1029 2028 1134 2070 alibi
1167 2042 1253 2071 non

358 2092 576 2134 dissentit.
649 2094 767 2146 Ergo
798 2093 835 2133 is
873 2092 982 2133 alius
1018 2093 1255 2147 Hannibal,

360 2156 476 2210 quod
514 2167 603 2196 nou
652 2156 854 2197 distinxit
901 2155 956 2196 ad
1001 2156 1255 2197 Sallustium

359 2233 485 2262 suum
500 2220 566 2261 vir
586 2219 755 2262 doctus.
810 2219 1018 2272 Plerique
1045 2224 1191 2261 tamen
1210 2220 1254 2260 in

359 2296 576 2325 venenum
595 2283 875 2334 conveniunt,
901 2294 1055 2323 verum
1083 2281 1255 2325 diverso

359 2348 502 2389 modo.
554 2346 707 2387 Tradit
726 2344 1021 2397 Appianusiu
1045 2345 1254 2398 Syriacis,

360 2411 470 2452 illud
497 2411 621 2463 jiissu
662 2408 893 2450 Flaminini
931 2420 1011 2461 per
1053 2408 1252 2452 Prusiam

362 2473 604 2515 Hannibali
615 2471 750 2513 fuisse
763 2471 972 2523 oblatum,
983 2470 1133 2515 addito
1150 2485 1253 2526 quo-

361 2537 477 2582 dam„
490 2537 665 2578 oraculo
683 2549 696 2576 ε
741 2535 922 2582 Λίβυσσα
959 2534 1094 2588 κρύψει
1123 2538 1255 2583 βῶλος

359 2601 538 2649 Ἀννίβου
564 2597 695 2652 δέμας.
749 2599 879 2641 Unde
915 2600 1097 2652 putabat
1117 2600 1191 2642 ille
1209 2612 1254 2641 se

358 2667 403 2708 in
440 2666 590 2708 Africa
618 2664 887 2706 moriturum.
942 2663 1074 2706 Quod
1102 2663 1159 2705 de
1186 2663 1254 2705 Li-

361 2732 490 2785 bysso
507 2731 726 2783 Bithyniae
740 2729 874 2771 fluvio
893 2729 1209 2782 accipiendum,
1227 2742 1254 2770 a

361 2807 447 2848 quo
467 2807 644 2848 campus
666 2794 887 2848 LibyssuS.
941 2792 1065 2834 Alias
1087 2793 1251 2846 opinio·

359 2870 438 2900 nes
465 2857 522 2899 de
542 2862 682 2900 morte
700 2857 792 2910 eJus
810 2855 950 2897 refert
975 2855 1254 2898 Plutarchus.

361 2920 573 2962 Nonnulli
592 2921 762 2971 volunt,
781 2932 807 2959 a
819 2931 942 2960 servo
960 2917 1253 2961 interfectum.

358 2984 472 3025 Sunt
506 2983 582 3037 qui
617 2983 731 3024 tauri
776 2982 1027 3034 sanguinem
1061 2983 1254 3024 hausisse

361 3048 529 3100 volunt,
547 3047 677 3101 idque
695 3046 893 3099 exemplo
912 3046 1047 3088 Midae
1075 3053 1122 3088 et
1140 3047 1253 3088 The-

361 3111 588 3153 mistoclis.
662 3109 753 3152 Alii
781 3109 884 3150 alia.
957 3109 1164 3163 Plerique
1198 3110 1254 3150 de

362 3174 526 3215 annulo*
538 3177 798 3225 congruunt,
818 3173 892 3224 qui
910 3171 1010 3213 iude
1042 3173 1159 3225 apud
1176 3173 1254 3215 Sa-

362 3237 565 3288 tyricum,
589 3237 602 3260 ‘
622 3237 863 3277 Cannarum
881 3235 1055 3284 vindex,
1076 3249 1125 3277 ac
1142 3236 1254 3278 tanti

364 3300 580 3350 sanguinis
613 3297 757 3340 ultor.'
815 3297 1035 3339 Caeterum
1070 3298 1114 3338 in
1152 3310 1256 3340 arca

363 3359 550 3412 lapidea,
566 3373 662 3412 quae
676 3360 863 3401 cadaver
877 3359 1143 3413 asservabat,
1154 3361 1254 3402 talis

305 3424 320 3438 ⁸
365 3428 462 3465 erat
480 3423 734 3475 inscriptio:
764 3424 1020 3465 Hanmmr.
1035 3435 1117 3466 mc
1131 3436 1253 3467 siros

366 3497 459 3530 επ.
486 3487 688 3530 Keuchen.
735 3487 955 3530 Discessit
974 3493 1118 3531 autem
1139 3493 1255 3531 teste

741 250 922 298 NOTAE
962 249 1300 299 vAlu'oltmu
1339 255 1407 300 m
1447 257 1498 300 C.
1537 252 1807 302 NEPo'ris

1306 378 1430 420 Livio
1446 379 1529 421 hoc
1548 379 1716 432 elogio:
1744 377 1759 402 ‘
1776 377 1999 420 solvamus
2029 376 2192 421 dintur-

1307 453 1365 483 na
1393 454 1497 484 cura
1524 443 1729 496 populum
1747 442 2003 493 Romanum,
2020 442 2201 494 quando

1307 510 1494 546 mortem
1508 506 1620 547 senis
1635 509 1894 558 exspectare
1909 504 2083 556 longum
2095 515 2195 547 cen·

1309 567 1409 609 set.’
1449 569 1651 612 Schottus.
1705 568 1818 610 Vide
1849 567 2096 609 Bellonium
2120 566 2194 610 -de

1310 629 1532 684 Operibus
1564 631 1787 686 antiquiss.
1814 630 1891 672 lib.
1908 641 1942 672 1.
1970 632 2039 671 33.
2073 628 2195 672 ,Ηοο

1309 694 1354 736 in
1371 696 1501 738 laude
1520 697 1709 750 positum
1725 695 1974 747 Veteribus,
1995 698 2048 736 ‘et
2065 694 2197 736 index

1309 759 1554 801 habebatur
1584 759 1715 801 animi
1742 770 1847 800 vere
1873 758 2055 812 heroici,
2075 759 2113 800 si
2132 759 2197 801 ita

1311 835 1358 864 se
1377 823 1578 864 servituti
1594 827 1686 864 *aut
1715 822 1989 864 contumelias
2008 822 2197 865 hostium

1310 886 1619 928 subducerent.
1675 885 1746 927 Sic
1767 886 1877 927 Cato
1902 885 2198 929 inminentem

1313 950 1528 991 Caesarem
1564 949 1698 990 elusit
1730 948 1797 990 his
1834 948 2004 991 verbis:
2046 949 2060 973 ‘
2077 950 2198 994 Quo-

1311 1014 1426 1055 niam
1444 1013 1682 1067 deploratae
1718 1016 1819 1054 sunt
1850 1024 1920 1055 res
1935 1013 2106 1066 genet-is
2121 1014 2199 1056 hu-

1311 1077 1444 1129 mani,
1487 1077 1599 1119 Cato
1646 1076 1891 1118 deducatur
1933 1076 1980 1118 in
2024 1077 2200 1120 tntum.'
2223 1099 2227 1103 ·

1311 1139 1458 1193 Scipio
1477 1140 1679 1195 Pompeii
1707 1152 1831 1182 socer
1860 1137 1977 1182 ferro
1994 1152 2042 1182 se
2060 1145 2202 1183 trans-

1311 1203 1588 1256 verberavit3
1642 1209 1690 1245 et
1719 1204 2086 1257 interrogantibus
2125 1205 2201 1247 ubi

1315 1265 1567 1319 Imperator
1596 1271 1728 1320 esset,
1754 1267 2015 1320 Imperator,
2039 1267 2200 1322 inquit,

1312 1329 1426 1371 bene
1443 1343 1490 1371 se
1509 1331 1656 1374 habet.
1710 1331 1782 1373 Sic
1812 1336 1859 1373 et
1877 1332 2110 1386 Cleopatra
2125 1331 2201 1374 ad-

1311 1395 1441 1435 motis
1458 1395 1618 1448 viperis
1636 1400 1822 1437 mortem
1841 1395 1925 1436 sibi
1944 1394 2195 1436 conscivit..

1366 1459 1477 1500 Car.
1497 1462 1564 1500 13.
1592 1458 1709 1499 Anno
1739 1457 1935 1511 acquievit
1961 1459 2201 1511 septuagesi-

1310 1521 1393 1574 mo]
1422 1521 1510 1564 Qui
1528 1521 1664 1562 Urbis
1684 1521 1873 1563 condita».
1904 1524 2001 1563 571.
2021 1521 2200 1574 olymp.

1311 1596 1466 1627 cxmx.
1490 1589 1604 1626 anno
1640 1589 1681 1626 3.
1723 1583 1884 1626 Livius.
1956 1584 2056 1627 Quo
2088 1580 2204 1626 Con-

1313 1649 1427 1689 sules
1458 1653 1586 1689 eraut
1610 1648 1764 1703 Romae
1794 1648 1852 1690 Q.
1866 1647 2024 1689 Fabius
2055 1647 2202 1689 Labeo

1313 1715 1361 1751 et
1375 1710 1441 1752 M.
1462 1709 1666 1752 Claudius
1686 1709 1932 1751 Marcellus.
1963 1708 2066 1751 Alii
2080 1709 2202 1752 Han·

1312 1772 1503 1814 nibalem
1559 1785 1672 1814 anno
1723 1771 1867 1814 aetatis
1922 1783 2011 1814 suae
2067 1783 2202 1816 nxm.

1314 1837 1532 1890 completo
1566 1835 1785 1877 interiisse
1815 1835 1976 1879 volunt.
2015 1835 2202 1877 Buchol-

1315 1913 1404 1942 cer.
1434 1910 1547 1941 xvu.
1579 1904 1677 1952 post
1703 1898 1833 1940 finem
1866 1898 1970 1940 belli
1985 1900 2202 1947 cum-‚Scif

1314 1965 1460 2018 pione.
1490 1970 1501 1987 ‘
1517 1962 1702 2016 Insignis
1715 1963 1786 2004 hic
1801 1975 1937 2004 annus
1956 1963 2088 2004 trium
2107 1968 2203 2006 toto

1315 2028 1421 2069 orbe
1438 2027 1719 2068 maximorum
1747 2025 2066 2078 Imperatorum
2087 2038 2201 2068 mor-

1315 2090 1431 2132 tibus
1450 2089 1550 2140 fuit‚
1565 2088 1836 2141 Hannibalis,
1849 2093 1897 2130 et
1915 2088 2204 2142 Philepoeme-

1315 2154 1398 2206 nis,
1417 2159 1462 2195 et
1479 2152 1694 2206 Scipionis
1712 2151 1935 2195 Africani!
1986 2152 2203 2207 Justiuus,

1319 2228 1472 2259 xxxii.

1315 2328 1318 2332 ,
1360 2281 1599 2334 Aequicum]
1630 2280 1727 2321 Κατ’
1743 2279 1982 2333 εὐφημισμὸν
2006 2285 2201 2325 mortuus

1315 2350 1399 2386 est.
1454 2345 1529 2386 Ita
1546 2345 1717 2391 Graeci:
1754 2344 1994 2386 Herodian.
2013 2344 2081 2395 ‚de
2115 2345 2203 2386 Ex·

1316 2419 1442 2449 cessu
1461 2409 1617 2460 Marci,
1639 2407 1689 2448 *ο
1707 2406 1779 2459 μὲν
1789 2406 1872 2460 οὖν,
1890 2407 2049 2462 iuquit,
2066 2408 2203 2450 νυκτός

1314 2485 1361 2512 τε
1371 2471 1438 2513 καὶ
1448 2470 1592 2526 ἡμέρας
1607 2471 1813 2520 ἐπιβιώσας
1821 2473 1926 2525 μιᾶς,
1937 2470 2201 2516 &vetusta-ro.

1314 2535 1414 2576 Val.
1445 2537 1569 2578 Max.
1599 2536 1674 2578 lib.
1704 2547 1773 2578 ix.
1801 2539 1870 2578 12.
1906 2535 2202 2590 ‘Innixusque

1317 2599 1495 2653 genibus
1513 2611 1760 2653 compresso
1773 2599 1946 2652 spiritu,
1961 2598 2076 2642 inter
2088 2598 2204 2652 ipsas

1317 2663 1543 2705 custodum
1579 2675 1746 2716 manus,
1789 2663 1920 2717 inque
1966 2668 2204 2716 conspectu

1316 2727 1470 2768 summi
1505 2727 1692 2780 imperii,
1723 2731 1938 2780 exoptata
1972 2726 2204 2768 securitate

1316 2789 1566 2845 acquievit.'
1621 2791 1696 2832 Ita
1713 2791 1826 2843 lego.
1858 2789 2060 2831 Gebhard.

1372 2855 1526 2901 Quibus
1546 2854 1775 2896 Consulibus
1791 2853 2008 2905 interierit,
2025 2865 2104 2895 non
2114 2866 2205 2896 eon·

1314 2918 1443 2970 venit]
1487 2918 1640 2959 Omnis
1684 2928 1890 2959 annorum
1935 2917 2205 2969 supputatio,

1316 2993 1446 3035 quam
1464 2981 1520 3022 de
1536 2984 1674 3021 morte
1695 2979 1952 3021 Hannibalis
1968 2978 2101 3022 infert
2113 2980 2206 3022 Ne-

1316 3055 1410 3096 pos,
1429 3043 1603 3086 triennii
1615 3042 1758 3096 spatio
1771 3042 1889 3083 iuter
1907 3054 1956 3083 se
1971 3042 2206 3085 discordat.

1317 3109 1404 3149 Res
1424 3107 1558 3157 clara,
1574 3105 1932 3160 quemadmodum
1961 3117 2018 3147 ex
2049 3117 2205 3148 consu·

1316 3169 1478 3211 latibus
1524 3168 1747 3223 subsequis
1789 3168 1940 3209 videre
1985 3172 2068 3209 est.
2137 3167 2205 3209 Μ.

1318 3232 1522 3275 Claudius
1542 3231 1779 3272 Marcellus
1798 3236 1845 3271 et
1870 3230 1927 3273 Q.
1945 3227 2103 3270 Fabius
2122 3228 2204 3270 La·

1316 3297 1401 3339 beo
1422 3296 1630 3338 Consules
1648 3293 1825 3336 fuerunt
1852 3302 1964 3332 anno
1990 3290 2045 3332 ab
2074 3291 2132 3333 U.
2150 3291 2203 3334 C.

1317 3365 1414 3405 570.
1465 3359 1674 3415 Sequenti
1705 3370 1816 3400 auno
1835 3355 2116 3398 Consulatum
2141 3355 2203 3397 in-

1318 3425 1455 3480 gressi
1474 3426 1523 3466 L.
1541 3422 1735 3469 AEmilins
1762 3418 1924 3461 Paulus
1941 3422 1988 3459 et
2006 3418 2088 3459 Cn.
2105 3418 2204 3460 Βω-

1300 3489 1414 3538 ,ὴὶιιε
1429 3485 1695 3541 Tamphilus.
1748 3482 1860 3525 Inde
1879 3481 1958 3525 Cn.
1975 3481 2202 3525 Cornelius
