2306 3900
290 234 408 287 xcii

347 370 470 420 magis
506 374 743 421 praeceptum
778 367 877 407 illud
912 366 1086 408 omnium
1128 369 1170 408 ln

348 423 486 462 animis
515 435 599 461 esse
629 422 747 461 debet
773 420 856 468 viii,
874 425 902 462 2
939 435 1094 474 nequeo
1122 434 1171 461 eo

349 476 470 528 magis
511 475 621 522 xviii,
644 479 672 516 4
712 487 794 514 non
829 475 952 528 magis
983 488 1101 528 quarn
1131 489 1172 523 v,

294 581 472 634 Magalia
501 581 608 635 (seu,
635 587 680 619 ut
708 581 789 627 alii,
818 586 830 604 ‘
852 581 1057 633 Magaria,'
1086 594 1174 634 pars

348 635 512 674 exterior
529 634 790 687 Carthaginis,
820 634 984 688 Byrsam
1003 635 1174 688 amplec-

353 689 483 741 tens),
498 687 560 727 Fr.
580 692 605 728 3

296 742 488 794 Magister
515 741 690 794 equitum
721 740 805 793 pari
833 753 880 780 ac
906 740 1074 780 dictator
1103 740 1176 780 im·

350 795 457 847 perio
484 795 594 841 xxiii,
612 799 636 835 5
667 794 759 847 (per
790 794 1032 833 turbulentas
1063 806 1176 846 roga-

350 849 478 887 tiones
507 849 563 887 ita
591 847 800 887 acciderat.
816 848 910 886 alias
928 846 1032 887 enim
1051 847 1176 886 dicta-

351 902 444 940 toris
461 901 623 953 imperio
639 901 812 952 parebat.
830 914 867 939 V.
885 901 936 939 de
953 901 1029 939 hoc
1047 900 1176 939 officio

352 953 504 993 erudite
536 962 577 993 et
617 954 775 1006 copiose
824 954 1078 993 disserentem
1121 953 1176 992 H.

352 1008 460 1059 Hug.
479 1007 592 1046 milit.
610 1020 701 1059 equ.
729 1020 770 1054 v,
788 1010 829 1046 2.
857 1005 1018 1058 Boecl.)

300 1061 490 1112 Magistra
507 1060 597 1099 vitae
625 1073 676 1099 an
701 1059 752 1098 sit
777 1060 1047 1112 Philosophia,
1071 1058 1134 1098 Fr.
1153 1064 1177 1099 5

353 1114 524 1166 magistri
543 1114 713 1160 vivendi,
732 1113 831 1151 ibid.

301 1168 556 1219 Magistratus
601 1166 673 1219 (de
709 1179 871 1206 munere
903 1179 950 1205 ac
986 1171 1179 1218 potestate

356 1220 636 1273 superiorum)r
648 1220 716 1271 qui
728 1226 811 1258 tum
822 1220 1030 1258 maximum
1042 1219 1181 1271 magis-

355 1280 496 1312 tratum
506 1273 650 1312 Thebis
663 1273 865 1312 obtinebat
891 1272 970 1319 xvi,
988 1276 1012 1312 3
1041 1273 1182 1325 magis-

355 1333 498 1366 tratum
516 1327 667 1365 absenti
684 1327 927 1378 abrogabant
953 1325 1182 1379 (praeturam

355 1381 550 1426 bellicam,
592 1379 796 1431 imperium
833 1378 1018 1431 militare)
1058 1379 1125 1425 vii,
1155 1383 1179 1419 ⁷

357 1434 400 1472 in
435 1446 483 1471 eo
521 1431 745 1484 magistratu
781 1433 892 1485 (cum
927 1433 963 1472 ei
998 1431 1183 1483 potestati

357 1491 555 1538 praeesset,
583 1499 672 1525 cum
704 1485 940 1538 Carthagine
971 1497 1035 1524 rex
1060 1485 1183 1538 esset)

356 1539 466 1586 xxiii,
484 1543 509 1579 7
539 1552 628 1578 cum
646 1539 889 1590 magistratus
909 1551 1040 1591 gerere
1060 1538 1183 1578 desis-

358 1599 416 1631 set
449 1592 530 1637 xiii,
551 1596 575 1632 3
621 1591 664 1630 in
701 1592 982 1643 magistratibus
1018 1591 1182 1630 multum

346 1651 530 1684 ,versatus
557 1645 630 1691 i‚8
676 1645 766 1697 (ubi
801 1650 858 1683 tn.
898 1645 1000 1683 Mss.
1036 1643 1185 1697 aliter).

358 1698 607 1750 magistratus
632 1696 704 1750 (de
730 1697 792 1744 iis,
827 1696 897 1749 qui
922 1697 1185 1749 magistratum

359 1751 542 1803 gerunt)=
569 1751 620 1789 ad
649 1751 914 1802 magistratum
931 1756 1185 1803 senatumque

361 1804 690 1844 Lacedaemonior.
736 1804 833 1843 adiit
875 1804 919 1851 ii,
956 1808 982 1844 7
1035 1816 1110 1855 ego
1146 1811 1185 1844 te

361 1860 510 1897 tradam
543 1856 782 1908 magistratui
818 1857 896 1909 (sc.
926 1858 977 1896 ad
1008 1857 1185 1911 poenam)

362 1926 426 1959 ιν,
439 1915 466 1952 4
495 1917 699 1963 postquam
720 1912 771 1950 de
790 1911 870 1949 reb.
889 1910 967 1949 suis
985 1911 1102 1962 gestis
1119 1923 1184 1964 ap.

362 1966 566 2004 maximum
599 1964 863 2016 magistratum
890 1963 1041 2003 dixerat
1071 1964 1119 2018 (i.
1148 1978 1185 2004 e.

361 2019 468 2069 apud
500 2018 676 2069 Ephorus
711 2017 1057 2070 Lacedaemonior.)
1087 2018 1139 2064 vi,
1158 2022 1185 2058 4

363 2073 461 2118 dies,
489 2084 567 2122 quo
603 2071 760 2110 maximi
795 2071 1038 2122 magistratus
1071 2072 1183 2110 simul

362 2131 643 2164 consueverant
677 2124 827 2176 epulari
871 2124 946 2177 (sc.
978 2124 1185 2163 Thebano-

363 2178 469 2229 rum)
498 2178 573 2224 xvi,
593 2182 618 2217 2
656 2177 716 2216 his
751 2178 1034 2229 magistratibus
1068 2177 1187 2230 legati

363 2230 532 2269 Romam
564 2236 751 2269 venerunt
782 2230 893 2282 (cum
923 2231 965 2269 hi
997 2231 1187 2270 Consules

363 2284 512 2336 essent)
536 2283 646 2329 xxiii,
679 2287 702 2323 7
749 2283 951 2335 largitione
987 2284 1188 2335 magistra·

366 2343 476 2374 tuum
522 2342 724 2386 corruptus
770 2336 941 2386 populus
968 2335 996 2382 i,
1025 2340 1052 2375 6
1097 2349 1186 2375 cum

365 2389 524 2440 publica
556 2387 722 2439 pecunia
750 2387 954 2439 largitione
989 2389 1187 2441 magistra-

367 2449 476 2479 tuum
495 2441 702 2493 quotannis
722 2440 894 2479 interiret
919 2442 962 2488 ii,
981 2445 1007 2480 2
1048 2443 1187 2480 absen-

365 2494 463 2533 tium
476 2495 766 2546 magistratuum
772 2493 892 2545 jussis
904 2494 1010 2533 dicto
1026 2495 1189 2534 audiens

366 2547 442 2586 suit
468 2546 561 2593 xvii,
591 2551 618 2588 4
664 2545 908 2598 magistratus
943 2546 1189 2602 (Romanos)

368 2601 521 2640 ornavit
549 2601 590 2639 in
621 2600 817 2640 volumine
847 2601 1017 2652 quodam
1034 2600 1191 2641 Atticus

368 2669 456 2701 xxv,
477 2658 529 2694 18
558 2654 616 2705 (v.
638 2652 808 2705 ornare)

314 2706 525 2759 Magnesia
542 2707 653 2760 (urbs
671 2707 778 2746 Asiae
797 2719 861 2758 ap.
878 2707 1111 2747 Meandrum
1127 2707 1191 2759 fl.)

369 2762 412 2807 ii,
434 2764 485 2801 10

316 2816 488 2866 Magnus
508 2813 621 2853 timor
647 2813 714 2860 vii,
733 2816 758 2852 3
788 2826 950 2864 magnus
982 2826 1192 2854 concursus

368 2869 447 2914 xiv,
466 2871 489 2907 3
520 2880 682 2918 magnus
698 2868 814 2905 homo
842 2865 894 2913 iv,
917 2871 938 2906 1
967 2866 1056 2906 Sic:
1085 2879 1193 2919 mag-

370 2934 442 2959 nos
486 2921 660 2959 homines
705 2921 846 2958 virtute
891 2919 1070 2959 metimur
1113 2933 1192 2959 non

369 2975 527 3013 fortuna
553 2973 659 3019 xviii,
680 2977 701 3013 1
732 2973 791 3026 (v.
828 2972 996 3025 Homo).
1031 2986 1193 3025 magnus

371 3028 578 3078 imperator
604 3027 708 3073 xxiv,
728 3029 753 3065 3
782 3025 839 3064 vir
856 3025 1194 3076 omniumjudicio

370 3092 533 3132 magnus
561 3093 626 3126 xx,
646 3084 668 3120 l
697 3091 860 3131 magnus
878 3080 952 3118 hoc
972 3078 1074 3117 bello
1091 3079 1195 3118 The-

373 3133 567 3172 mistocles
585 3133 661 3171 fuit
677 3145 750 3171 nec
779 3132 904 3170 minor
921 3131 963 3171 in
980 3144 1078 3184 pace
1106 3131 1148 3179 ii,
1167 3136 1194 3173 6

374 3186 504 3238 magni
522 3185 597 3224 fuit
616 3186 700 3238 ejus
731 3198 851 3237 opera
881 3185 959 3238 (sc.
990 3184 1107 3237 pretii
1134 3198 1193 3225 res

374 3239 436 3276 vel
455 3240 593 3291 opera)
621 3239 675 3286 ix,
696 3243 733 3278 1.
762 3238 882 3284 xiv,.l
913 3238 1025 3290 (Sicz
1056 3239 1193 3278 Cicero

375 3292 425 3328 ad
455 3292 561 3331 Fam.
583 3293 608 3330 l.
629 3298 694 3332 15.
714 3291 788 3344 Ep.
808 3295 858 3331 15
888 3296 899 3313 ‘
918 3291 1050 3344 magni
1081 3298 1195 3331 erunt

375 3343 470 3381 mihi
499 3351 575 3382 tuae
604 3345 751 3384 literae.'
769 3359 805 3383 v.
825 3344 920 3384 Esse
936 3345 1084 3384 civitat.
1102 3346 1192 3385 add.

375 3396 492 3434 Voss.
517 3398 566 3435 de
597 3405 808 3436 construet.
839 3411 927 3449 cap.
945 3397 1035 3450 29).
1053 3410 1194 3449 magno

377 3455 471 3488 natu
495 3463 577 3489 csse
610 3451 680 3500 (tle
711 3452 878 3504 senect.)
906 3452 958 3498 iv,
977 3457 1000 3491 5
1031 3451 1090 3505 (v.
1110 3452 1191 3491 Na-

1099 244 1301 283 INDEX

1286 367 1365 421 tu).
1393 379 1534 420 magno
1565 372 1607 408 et
1636 366 1765 406 animo
1783 373 1825 407 et
1840 378 2000 420 corpore
2025 381 2111 409 esse

1288 422 1341 468 xi,
1359 425 1384 461 3
1413 434 1554 474 magna
1570 420 1780 460 multorum
1810 421 2015 461 consentio
2042 420 2111 468 vii,

1287 479 1313 515 3
1342 488 1483 527 magna
1499 474 1685 521 amicitia,
1714 473 1812 513 ibid.
1837 487 1979 526 magna
1991 475 2114 526 gratia

1289 528 1355 575 vii,
1391 532 1418 569 9
1471 541 1612 580 magna
1649 527 1921 567 benevolentia
1963 529 2107 574 sin-⁵

1288 594 1430 634 magna
1461 581 1663 621 festinatio
1700 581 1755 628 ix,
1791 586 1816 621 5
1858 580 1945 634 (Sic
1979 581 2113 633 vulgo.

1250 661 1252 663 >
1289 635 1367 674 Sed
1405 633 1490 674 Nos
1525 645 1594 687 pro
1630 640 1643 658 ’
1675 647 1818 686 magna
1851 631 2116 674 festinatione’

1289 688 1481 728 edidimus
1507 694 1520 711 ·
1541 701 1683 740 magna
1699 689 1751 727 de
1767 687 1837 734 re‚'
1863 685 1988 726 secuti
2011 687 2115 726 Mss.

1251 759 1254 763 >
1288 740 1373 781 Gif.
1402 741 1511 780 Dan.
1527 748 1570 780 et
1585 741 1740 794 Savar.)
1768 753 1911 792 magna
1944 739 2118 793 corporis

1291 794 1462 846 dignitas
1505 807 1546 840 x,
1583 798 1606 834 1
1662 807 1803 847 magna
1836 807 1926 846 spes
1969 794 2051 842 xiii,
2086 797 2114 835 3

1291 858 1434 899 magna
1468 847 1699 898 expectatio
1716 847 1786 894 vii,
1803 850 1846 887 δ’
1867 859 2010 900 magna
2038 860 2116 900 -pe-

1292 901 1409 940 cunia
1449 900 1517 946 vii,
1554 904 1594 940 9.
1640 898 1749 948 xxiii,
1784 903 1812 940 9
1854 912 1997 953 magna
2032 900 2117 940 laus

1293 967 1358 1001 xv,
1388 957 1414 995 2
1460 967 1611 1006 magnae
1648 953 1795 992 divitiae
1822 966 1863 1000 x,
1898 957 1921 994 1
1966 962 2118 1005 magum

1293 1019 1353 1046 res
1381 1021 1421 1054 x,
1443 1011 1480 1047 l.
1521 1007 1600 1054 xvi,
1621 1011 1647 1047 2
1687 1019 1872 1060 magnum
1903 1006 2120 1058 periculum

1294 1060 1400 1107 xxiii,
1419 1065 1448 1101 9
1475 1059 1600 1112 major
1629 1059 1742 1100 annis
1773 1073 1863 1099 sexa
1891 1060 1974 1099 ’uta
2003 1063 2122 1100 natus

1295 1114 1464 1152 decessit
1489 1113 1533 1161 ii,
1553 1118 1579 1153 2
1607 1113 1730 1166 major
1746 1126 1807 1152 res
1825 1126 1878 1152 nu
1895 1113 1934 1152 la
1962 1114 2122 1176 gereba-

1275 1173 1359 1206 ›tur
1390 1168 1473 1207 sine
1507 1180 1555 1206 eo
1584 1167 1764 1220 (majoris
1796 1165 2004 1220 momenti)
2030 1166 2075 1215 ii,
2094 1171 2119 1208 1

1297 1219 1381 1259 sic:
1411 1221 1444 1260 si
1473 1233 1552 1273 qua
1579 1233 1640 1260 res
1671 1219 1795 1272 major
1821 1226 1910 1260 acta
1936 1225 2011 1268 est,
2038 1233 2120 1260 non

1297 1273 1425 1312 defuit
1465 1284 1554 1321 xxv,
1585 1277 1612 1314 4
1650 1273 1840 1326 majorum
1869 1284 1998 1313 rerum
2023 1272 2125 1313 nihi}

1297 1327 1502 1366 adversum
1528 1326 1696 1378 alicujus
1723 1326 1958 1366 sententiam
1980 1326 2125 1375 facere,

1297 1380 1361 1419 Fr.
1381 1385 1432 1421 12
1459 1381 1530 1428 At,
1561 1379 1731 1433 majores·
1757 1393 1822 1420 res
1849 1386 2034 1432 appetere
2047 1379 2123 1435 (de

1299 1433 1511 1472 ambitiosis
1546 1434 1736 1486 novisque
1773 1431 1966 1486 consiliis)
2009 1433 2065 1482 iv,
2094 1438 2122 1475 2

1298 1486 1388 1526 Sic:
1417 1486 1565 1539 majora
1582 1486 1856 1538 concupiscere
1881 1485 1988 1539 (scil.
2004 1499 2124 1540 quam

1299 1553 1388 1591 quae
1425 1541 1617 1592 privatum
1653 1546 1694 1580 et
1726 1539 1926 1578 subditum
1959 1538 2124 1594 decent)

1301 1593 1355 1639 iv,
1394 1596 1416 1632 1
1473 1592 1641 1644 majores
1675 1599 1770 1632 natu
1807 1591 2014 1646 (seniores,
2084 1592 2128 1634 ui

1301 1644 1832 1738 ἕὲἕθῗὲξὲαῗῗῗξαῗῗὶ
1845 1646 2128 1750 αξααῖαὲζαάξ

1258 1770 1263 1773 ·
1301 1751 1431 1799 tores‚'
1449 1765 1516 1804 ap.
1539 1753 1746 1792 Columell.
1772 1753 1826 1798 ix,
1847 1752 1935 1803 13).
1963 1753 2127 1806 majores

1259 1816 1263 1821 ’
1301 1811 1396 1843 natu
1422 1805 1628 1857 (seniores,
1656 1807 1724 1844 sed
1746 1805 1891 1858 coaevi)
1918 1806 1961 1853 ii,
1979 1810 2006 1848 2
2026 1807 2126 1849 Sic:

1303 1858 1492 1910 majorum
1503 1866 1599 1899 natu
1613 1859 1820 1899 auctoritas
1845 1858 1928 1907 xiii,
1943 1863 1969 1900 8
1995 1859 2127 1914 (Alibi

1302 1912 1529 1964 simpliciter
1571 1917 1584 1938 ¹
1617 1912 1810 1965 majores:
1852 1925 1924 1965 pro
1954 1913 2128 1967 priscis).

1301 1964 1492 2017 majorum
1536 1965 1875 2014 institutasPraef.
1937 1966 2126 2019 majorum

1302 2032 1408 2058 more
1439 2020 1604 2059 honores
1634 2025 1767 2072 petere
1794 2020 1862 2073 (ut
1878 2019 1961 2059 fieri
1977 2020 2129 2060 solebat

1302 2072 1437 2124 priscis
1455 2073 1618 2125 reipubl.
1631 2073 1864 2125 temporib.)
1884 2087 1972 2121 xxv,
1989 2077 2018 2115 6
2045 2087 2128 2114 ma-

1294 2125 1401 2176 jores
1419 2125 1491 2179 (de
1512 2126 1748 2178 parentibus,
1777 2126 1877 2174 avis,
1892 2126 2016 2179 &c.)=
2046 2140 2128 2167 ma-

1296 2178 1427 2230 jorum
1446 2179 1568 2231 gloria
1595 2180 1624 2227 i,
1645 2184 1666 2220 1
1696 2193 1721 2218 a
1738 2179 1950 2233 majoribus
1965 2187 2128 2234 accepta

1301 2233 1490 2284 equestris
1522 2233 1692 2285 dignitas
1719 2247 1807 2280 xxv,
1827 2238 1850 2274 1
1879 2233 2036 2274 maximi
2058 2247 2127 2275 ex·

1301 2286 1442 2324 erci-tus
1469 2286 1546 2333 xxi,
1569 2291 1588 2326 1
1635 2287 1792 2325 maximi
1825 2287 1935 2339 ignes
1973 2287 2128 2335 xviii,9

1301 2337 1508 2376 maximum
1553 2340 1723 2377 studium
1776 2340 1854 2387 xiv,
1891 2343 1919 2380 4
1973 2341 2129 2381 maximi

1301 2389 1472 2442 corporis
1488 2392 1606 2430 homo
1633 2393 1711 2438 xiv,
1730 2395 1755 2432 3
1783 2391 1970 2431 maximus
1986 2394 2128 2446 magis·

1302 2449 1423 2482 tratus
1451 2443 1694 2497 (supremus)
1721 2445 1832 2492 vi,-4.
1872 2444 1951 2493 xvi,
1969 2450 1994 2487 8
2035 2447 2127 2488 Sic:
2166 2455 2173 2463 ‘

1303 2496 1461 2535 maximi
1496 2497 1738 2549 magistratus
1782 2499 1861 2546 xvi,
1891 2501 1919 2539 2
1962 2500 2129 2541 maxima

1308 2549 1440 2589 classis
1468 2549 1512 2598 ii,
1530 2548 1555 2590 δ’
1584 2551 1751 2590 maxima
1768 2551 1866 2592 fides
1892 2565 1932 2599 x,
1950 2557 1976 2593 ὗ
2003 2559 2006 2564 ’

1251 2600 1489 2655 Magnificus
1519 2603 1637 2656 (opp.
1670 2603 1850 2658 elegans)
1876 2619 1966 2653 xxv,
1987 2610 2038 2648 13
2066 2606 2128 2661 (v.

1304 2656 1499 2708 Explicat.
1527 2658 1568 2696 h.
1603 2657 1630 2695 l.
1662 2659 1768 2710 apud
1803 2658 1974 2711 Baptist.
2009 2659 2127 2700 Pium

1305 2715 1439 2748 annot.
1457 2717 1560 2761 post.
1579 2722 1666 2762 cap.
1698 2711 1761 2764 8).
1794 2711 2128 2764 magnificentissi-

1307 2776 1411 2802 mum
1429 2763 1580 2803 factum
1605 2764 1688 2810 viii,
1709 2768 1731 2805 1
1760 2765 1996 2820 (illustriss.)

1254 2815 1494 2868 Magnitudo
1528 2816 1735 2856 voluminis
1770 2818 1945 2871 (modus,
1971 2821 2130 2872 quanti-

1308 2869 1403 2922 tas),
1423 2869 1538 2909 Praef.
1579 2869 1698 2910 animi
1724 2869 1768 2918 ii,
1790 2875 1855 2912 lo.
1882 2872 1962 2920 viii,
1981 2877 2021 2913 1.
2049 2875 2131 2923 xxi,

1307 2925 1332 2962 3
1389 2922 1534 2975 (primo
1569 2923 1658 2963 loeo
1694 2930 1851 2964 notatur
1893 2927 2130 2987 generositas

1307 2975 1426 3014 animi
1458 2975 1554 3015 nihil
1591 2977 1788 3029 abjectum
1817 2979 2019 3018 senuentis
2047 2982 2130 3032 agi·

1307 3029 1530 3081 tantisque3
1557 3029 1696 3083 reliqui
1726 3031 1777 3069 ad
1808 3031 1957 3071 militias
1970 3033 2142 3074 laudem·

1308 3082 1516 3134 pertinent.
1550 3082 1710 3137 Boecl.)
1742 3083 1970 3137 magnitudo
2003 3092 2127 3127 reruni

1309 3141 1500 3188 gestarum
1527 3136 1581 3182 xi,
1603 3141 1623 3177 1
1892 3155 1895 3159 ¹
2063 3158 2065 3161 ·

1254 3188 1498 3241 Magnopere
1517 3189 1701 3229 delectari
1729 3189 1807 3238 xiV,
1825 3194 1851 3232 3
1879 3192 2047 3244 gaudere
2070 3192 2127 3241 iv,

1307 3245 1333 3282 2
1373 3241 1520 3280 laudari
1547 3242 1575 3288 i,
1603 3246 1628 3283 3
1667 3243 1775 3296 (pro,
1803 3257 1946 3298 magno
1981 3257 2125 3298 opere:

1307 3296 1504 3347 quomodo
1532 3295 1696 3336 Plautus
1727 3297 1817 3337 Cas.
1845 3297 1886 3345 ii,
1904 3301 1989 3345 7,7
2029 3303 2043 3322 ’
2062 3311 2129 3338 ex·
2157 3314 2160 3318 ·

1308 3349 1491 3400 petivisse
1508 3361 1625 3401 opere
1642 3356 1720 3389 tam
1739 3363 1879 3404 magno
1903 3363 2048 3399 senem,
2076 3365 2127 3393 ne

1307 3414 1354 3440 ea
1371 3402 1464 3440 mihi
1484 3402 1674 3455 daretur’)

1255 3456 1377 3507 Mago
1416 3454 1551 3507 (frater
1586 3454 1839 3512 Hannibalis)
1865 3456 1971 3506 xxiii,
1989 3461 2014 3498 7
2050 3458 2126 3499 do·
