2306 3900
838 278 1058 318 RERUM
1102 277 1178 316 ΕΤ
1218 278 1584 319 VERBORUM.

311 406 432 439 torem
452 401 657 452 probamus
675 398 788 452 (huic
807 400 1049 451 potissimum
1063 414 1145 442 cre-

309 453 458 506 dimus)
487 452 530 501 ii,
552 457 602 494 10
617 458 753 493 auctor
769 458 954 506 actorque
972 453 1014 494 in
1041 455 1148 493 omni

306 513 500 559 procurat.
509 507 563 546 rei
593 533 605 546 .
626 506 685 560 (v.
697 519 784 559 sup.
796 513 887 559 post
897 507 1047 561 Agere)
1058 522 1147 555 xxv,

305 564 331 600 3
361 566 537 602 auctores
590 561 739 600 adme·
751 562 1146 615 oppugnandae(quo-

306 626 390 661 rum
401 614 584 666 impulsu,
618 619 662 653 ut
674 614 753 660 xvi,
781 618 803 654 l
834 614 1018 668 loquitur,
1040 615 1146 655 Cad-

306 680 394 708 mea
407 666 618 719 occupata)
643 667 721 714 xvi,
741 671 766 708 3

250 717 599 761 auctoramentum
618 719 703 774 (Sic
722 720 901 761 nonnulli
919 721 1056 774 legunt
1074 736 1144 775 pro

311 773 605 827 ornamentum)
632 787 721 821 xxv,
740 778 766 816 7

250 825 478 875 Auctoritas
492 841 635 880 magna
653 829 760 880 apud
778 841 914 867 omnes
930 828 970 868 in
989 829 1066 869 hoc
1084 837 1144 870 est

248 918 251 921 .
306 881 335 928 i,
354 885 381 923 8
409 881 498 922 Sic:
525 882 736 921 auctoritas
754 887 863 921 tanta
881 881 994 922 estin
1011 883 1079 923 illo
1098 890 1143 922 ut

302 934 388 982 xiii,
406 939 432 975 3
477 935 564 988 ejus
582 943 643 975 est
671 935 713 974 in
731 937 806 974 hac
826 949 866 975 re
887 949 1028 988 magna
1056 938 1140 991 (ip-

306 989 387 1028 sius
416 989 637 1029 auctoritati
669 990 734 1029 hic
763 1002 999 1042 magnopere
1015 992 1140 1031 credi-

309 1043 394 1095 tur)
418 1043 473 1090 vi,
492 1047 519 1084 4
560 1042 783 1083 auctoritati
819 1043 1008 1094 majorum
1044 1051 1139 1084 natu

302 1096 443 1136 cedere
470 1096 552 1143 xiii,
582 1101 607 1138 3
653 1097 923 1136 auctoritatem
959 1109 1138 1150 magnam

305 1162 442 1202 pugna
474 1150 607 1202 aliqua
638 1150 712 1190 sibi
745 1150 982 1190 constituere
1021 1152 1074 1199 ix,
1112 1158 1135 1192 5

280 1240 281 1245 ,
305 1204 535 1245 suomi-itate
544 1210 696 1243 tantum
710 1216 824 1256 posse
837 1205 944 1256 apud
953 1203 1136 1257 aliquem,

303 1262 350 1297 ut
375 1270 415 1304 x,
443 1262 469 1298 3
498 1256 730 1297 auctoritate
746 1263 866 1310 atque
884 1258 1049 1298 consilio
1067 1259 1136 1297 ali-

303 1308 418 1362 cujus
441 1311 588 1351 bellum
618 1312 790 1351 indicere
816 1311 885 1358 vii,
904 1314 928 1351 3
972 1312 1136 1364 alicujus

307 1362 458 1416 impelli
487 1366 514 1412 i,
534 1370 558 1405 5
601 1365 745 1404 moveri
777 1371 944 1411 tantum,
979 1371 1023 1404 ut
1063 1367 1136 1419 (ad

305 1417 425 1463 fidem
458 1419 542 1458 scil.
574 1417 687 1471 hab.)
715 1418 768 1464 ix,
822 1422 849 1459 4
907 1418 1138 1459 auctoritate

246 1507 249 1510 .
303 1470 512 1522 plurimum
531 1471 661 1511 valere
678 1472 784 1523 apud
805 1471 1017 1510 exercitum
1045 1485 1083 1518 ν,
1110 1476 1136 1513 2

246 1521 390 1563 Audax
403 1530 445 1564 et
451 1523 662 1578 factiosus(
809 1539 899 1577 ptos,
907 1538 1139 1566 στασιαστι-

247 1617 251 1621 .
301 1575 391 1630 κὸς)
406 1578 460 1626 vi,
478 1582 499 1619 1
523 1579 710 1619 audacius
723 1579 867 1619 instare
885 1580 1016 1619 hostes
1035 1580 1137 1633 (sive

303 1630 502 1683 hostibus)
531 1646 595 1679 xv,
616 1637 643 1673 9

247 1682 425 1729 Auderi:
453 1686 487 1724 si
500 1685 866 1732 animadverterent,
885 1686 1020 1725 auderi
1037 1686 1135 1740 (vel,

304 1744 350 1778 ut
368 1738 451 1785 alii,
469 1741 628 1785 audere,
647 1752 702 1779 sc.
721 1739 808 1790 eos)
822 1738 1008 1779 dimicare
1035 1740 1064 1787 i,
1083 1746 1105 1780 4

248 1788 420 1838 Audire:
440 1794 548 1844 quod
561 1793 719 1845 quidem
733 1805 805 1831 nos
817 1793 1051 1832 audierimus
1077 1793 1135 1840 iii,

305 1849 327 1885 1
369 1845 573 1898 (Formula
616 1846 716 1897 eleg.
763 1845 996 1898 corrigendi,
1045 1860 1135 1899 quae

303 1898 520 1950 generalius
537 1899 748 1940 dictasunt
758 1914 771 1949 ;
802 1900 865 1940 cui
879 1900 1133 1953 aequipollent

300 1952 400 1993 ista:
421 1954 529 2005 quod
547 1952 707 2006 quidem
723 1953 859 2002 sciam,
877 1954 1131 2001 meminerim,

303 2006 379 2047 &c.

246 2007 459 2105 Audierido
476 2060 660 2100 facillime
676 2059 836 2099 discitur
863 2074 927 2106 xv,
947 2064 971 2101 3
1019 2062 1130 2100 audi-

301 2115 393 2154 endi
409 2113 606 2154 studiosus
623 2112 853 2166 (φιλήκοος)
882 2128 948 2161 xv,
966 2118 991 2154 3
1030 2115 1131 2154 male

299 2167 489 2208 insuetus.
502 2165 591 2220 (Sic
609 2166 752 2220 passim
772 2173 941 2207 veteres:
965 2180 1001 2206 v.
1013 2167 1130 2207 Thes.

300 2220 521 2272 Bucbneri)

247 2275 467 2315 Audientes
486 2274 592 2313 dicto
610 2274 702 2314 duci
721 2273 847 2326 copiae
865 2272 1130 2327 (obedientes,

299 2327 580 2380 obsequentes)
610 2328 663 2374 xi,
679 2332 699 2368 l
717 2327 1011 2379 imperatoribus
1038 2324 1090 2374 vi,
1107 2332 1128 2368 1

295 2382 415 2435 jussis
428 2381 718 2432 magistratuum
746 2381 837 2427 xvii,
852 2385 879 2422 4
905 2380 986 2433 regi
1013 2380 1131 2428 xiv,2

295 2436 458 2490 (Dicto,
469 2447 518 2474 ex
531 2434 814 2474 consuetudine
832 2435 1022 2482 formulae,
1031 2448 1131 2475 sem-

301 2503 371 2543 per
388 2490 454 2535 ad,
473 2489 649 2535 audiens,
669 2489 841 2528 refertur.
870 2489 1048 2527 Boecler.
1094 2503 1131 2527 v.

251 2565 253 2567 ·
299 2544 472 2584 Gronov.
481 2542 533 2580 ad
551 2541 636 2581 Liv.
650 2541 753 2588 xxix,
771 2546 838 2582 20.
853 2547 895 2580 et
910 2541 985 2580 Th.
998 2541 1131 2581 Buch-

302 2597 398 2635 neri.
436 2595 608 2646 itemque
646 2594 708 2634 Cl.
743 2594 924 2634 Vorstius
959 2594 1010 2634 de
1042 2595 1131 2634 Lat.

302 2650 402 2690 falso
421 2660 529 2699 susp.
548 2661 588 2699 p.
609 2651 704 2689 134.
723 2654 765 2687 et
787 2647 942 2701 deinc.)

246 2703 405 2756 Augere
432 2702 588 2742 divitias
605 2715 631 2741 a
647 2709 756 2754 patre
775 2701 928 2742 relictas
942 2702 1131 2741 munerib.

301 2756 459 2808 tyranni
475 2769 514 2802 x,
536 2759 556 2795 1
599 2754 761 2808 gloriam
775 2768 799 2795 a
815 2761 925 2808 patre
942 2768 1025 2795 acc.
1054 2755 1131 2794 vir-

300 2811 449 2850 tutibus
489 2808 570 2856 xiii,
589 2813 611 2849 1
659 2809 827 2850 officium
863 2809 1022 2862 aliquod
1054 2809 1132 2848 alia

300 2863 529 2903 liberalitate
556 2877 645 2910 xxv,
663 2867 690 2903 2
718 2863 840 2916 gratia
857 2862 1023 2914 alicujus
1039 2876 1130 2915 pos-

301 2918 489 2958 sessiones
517 2929 606 2956 suas
644 2930 733 2963 xxv,
755 2921 806 2958 12
852 2917 983 2969 augeri
1015 2916 1129 2969 adju-

301 2972 462 3024 varique
492 2970 542 3010 ab
571 2971 703 3032 aliquo
722 2970 961 3023 (promoveri
979 2971 1030 3010 ad
1049 2983 1131 3009 ma-

297 3024 389 3076 jora
417 3038 495 3077 ope
511 3025 753 3077 consilioque
775 3023 963 3077 alicujus)
1002 3024 1084 3070 xix,
1103 3028 1129 3065 2

301 3084 493 3130 augentur
509 3076 612 3118 cives
632 3091 740 3130 agro,
759 3079 915 3118 urbibus
933 3078 1130 3133 (loeuple-

303 3130 452 3183 tantur)
479 3130 561 3178 xiii,
576 3135 598 3172 1
628 3138 791 3184 augetur
807 3132 1000 3185 aliturque
1018 3131 1131 3170 luxu·

252 3214 254 3219 ,
300 3183 357 3224 ria
394 3186 530 3224 horum
572 3185 668 3224 meis
710 3183 898 3238 impensis
941 3185 1130 3239 (fovetur,

301 3237 460 3290 crescit)
488 3237 566 3284 xix,
585 3241 607 3278 1
648 3238 780 3278 multis
807 3240 921 3278 rebus
958 3239 1131 3278 simultas

300 3293 439 3332 horum
476 3305 516 3336 x,
532 3294 571 3354 ,3
611 3298 803 3353 aug-entur
835 3304 932 3343 opes
965 3292 1131 3343 alicujus

249 3345 485 3439 &3353
487 3344 651 3438 2321:
652 3348 789 3445 ¹:33.

249 3450 434 3493 Avertere
456 3465 610 3506 puppes
632 3452 828 3505 (navium,
865 3452 917 3491 de
945 3451 1131 3491 receden-

304 3504 430 3557 tibus)
475 3507 582 3553 xxiii,
615 3510 662 3547 ll
712 3512 880 3546 avertere
909 3505 1076 3558 aliquem
1108 3518 1131 3543 a

358 3571 500 3623 Delph.
518 3576 557 3613 ee
583 3571 676 3614 var.
702 3574 808 3612 clas.

1964 268 2085 321 xvii

1267 401 1451 442 societate
1469 401 1635 454 alicujus
1661 401 1727 449 vii,
1745 404 1774 443 4
1800 414 1974 442 aversum
1989 404 2087 444 ferro

1264 455 1485 508 transfigere
1503 455 1672 508 aliquem
1690 457 1736 509 (a
1753 455 1883 509 tergo)
1910 457 1986 505 xiv,
2009 462 2057 498 11

1207 507 1448 548 Aviditatem
1481 510 1630 548 notitia}
1646 509 1737 548 clar.
1764 510 1929 550 virorum
1947 511 2088 551 habere

1263 575 1366 667 μὴ)
1375 566 1426 602 18
1454 563 1557 616 (Ms.
1599 563 1713 602 Med.
1731 567 1770 605 2.
1786 577 1869 616 .pro
1888 564 2081 617 cupidita-

1262 620 1341 654 tem

1207 668 1389 708 Avocare
1424 669 1529 709 cives
1563 682 1584 708 a
1622 668 1726 708 bello
1771 683 1835 716 xv,
1866 675 1891 711 5
1960 671 2087 711 Proba

1261 721 1391 761 lectio.
1419 735 1509 761 narn
1528 723 1719 762 avocandi
1748 725 1907 763 verbum
1964 738 1987 763 e
2005 726 2085 764 otio

1259 781 1301 814 et
1317 775 1583 828 voluptatibus
1601 776 1823 828 frequenter
1854 785 2059 831 usurpatur
2075 794 2083 816 ε

1258 842 1296 867 v.
1316 828 1491 868 Gronov.
1523 831 1574 868 ad
1593 829 1678 868 Liv.
1698 829 1775 881 Ep.
1794 831 1872 884 69)

1202 879 1385 922 Aurelius
1403 883 1475 937 (C.
1493 882 1652 935 consul)
1679 884 1786 930 xxiii,
1805 888 1829 924 ⁷

1203 935 1300 974 Auri
1343 949 1525 989 magnum
1557 937 1710 990 pondus
1741 938 1904 991 (magna
1928 938 1987 976 vis
2016 951 2085 977 au-

1202 988 1571 1096 Atilribtisvagcipere
1599 1048 1702 1091 xx,2
1749 1043 1806 1098 (v.
1827 1045 1899 1084 sub
1935 1044 2084 1096 accip.)

1255 1098 1305 1136 ad
1337 1111 1449 1138 aures
1479 1097 1579 1148 regis
1596 1099 1829 1149 perveniunt
1853 1098 2016 1138 consilia
2055 1099 2083 1144 i,

1255 1154 1280 1191 3
1326 1151 1532 1204 (Similiter
1566 1150 1695 1191 Graeci
1722 1167 1733 1191 :
1768 1151 1822 1193 εἰς
1864 1155 1960 1193 θεῶν
2001 1151 2085 1192 ὦτα

1253 1202 1373 1253 ἦλθον
1392 1219 1452 1244 zv.
1479 1205 1624 1245 Zenob.
1640 1205 1698 1252 iii,
1715 1204 1762 1258 9)

1200 1257 1382 1311 Auspicii
1399 1258 1493 1312 regii
1513 1257 1758 1298 simulacrum
1786 1259 1892 1306 xviii,
1908 1263 1934 1300 7

1199 1311 1371 1352 Autem:
1408 1325 1512 1364 saepe
1547 1312 1707 1352 inservit
1737 1312 1984 1354 connexioni.
2012 1311 2084 1360 sic,

1252 1365 1318 1405 De
1337 1366 1484 1418 pietate
1502 1371 1633 1404 autem
1652 1366 1776 1406 Attici
1793 1367 1870 1405 &c.
1897 1379 1986 1414 xxv,
2006 1371 2057 1406 1⁷

1199 1418 1445 1469 Αὐτοματίας
1463 1418 1647 1458 sacellum
1678 1419 1777 1458 Deae
1823 1433 1888 1465 xx,
1917 1423 1944 1459 4
1985 1419 2086 1473 (vid.

1204 1478 1208 1480 '
1253 1472 1454 1512 Plutarch.
1479 1470 1566 1524 περὶ
1584 1470 1832 1525 εἷμαρμένηςτ
1862 1479 1903 1512 et
1921 1473 2087 1526 Gyrald.

1251 1525 1295 1566 in
1314 1526 1405 1565 hist.
1424 1526 1546 1565 Deor.
1565 1533 1721 1578 syntag.
1754 1531 1820 1567 16.
1867 1527 1962 1566 Non
1983 1539 2086 1566 asse-

1253 1587 1425 1632 quuntur
1441 1593 1536 1626 rem,
1565 1580 1634 1631 qui
1653 1593 1721 1631 per
1753 1592 1898 1628 casum,
1931 1587 1976 1619 ut
1992 1581 2088 1619 fecit

1255 1634 1469 1680 Cruserius,
1489 1633 1584 1680 sive,
1617 1639 1661 1671 ut
1688 1634 1825 1674 Lamb.
1858 1647 1930 1686 per
1953 1647 2083 1673 casum

1253 1687 1455 1726 fortuitum
1483 1693 1653 1726 vertunt.
1692 1688 1839 1726 Melius
1864 1687 2084 1741 Xylander,

1253 1740 1407 1780 Fortem
1428 1741 1652 1779 Fortunam.
1708 1741 1844 1780 Coluit
1873 1742 1979 1780 haud
2011 1742 2084 1780 du-

1254 1793 1319 1832 bio
1339 1807 1428 1833 cum
1449 1793 1589 1832 Siculis
1606 1795 1681 1833 hoc
1702 1807 1850 1833 numen
1861 1794 2082 1842 Timoleon,

1252 1860 1300 1886 eo
1317 1854 1510 1900 respectu,
1529 1859 1608 1899 quo
1626 1847 1781 1886 fortuna
1799 1849 1970 1886 omnium
1986 1849 2084 1887 acti-

1253 1914 1372 1940 onum
1387 1902 1639 1952 laborumque
1655 1902 1909 1940 humanorum
1925 1902 2085 1940 domina

1249 1961 1290 1993 et
1320 1954 1552 1993 moderatrix
1586 1954 1734 1994 credita
1768 1961 1841 2002 est,
1875 1962 1920 1993 ut
1936 1954 1988 1994 sit
2016 1955 2085 1994 illa

1248 2008 1335 2059 ipsa
1350 2008 1477 2059 ἀγαθὴ
1489 2006 1609 2058 τύχη,
1630 2008 1692 2047 cui
1713 2007 1834 2047 multa
1852 2007 1982 2047 Graeci
1999 2007 2084 2047 Ro-

1249 2062 1433 2114 manique
1479 2067 1732 2100 monumenta
1793 2069 2082 2109 consecrarunt,

1249 2128 1295 2154 cu
1294 2114 1363 2166 jus
1377 2114 1527 2154 cultum
1534 2128 1582 2154 ex
1596 2114 1715 2153 veteri
1732 2121 1910 2153 autumat
1922 2115 2081 2155 Selden.

1250 2170 1301 2207 de
1319 2168 1411 2208 Diis
1429 2168 1516 2221 Syr.
1538 2174 1734 2222 syntagm.
1763 2173 1801 2208 1.
1821 2182 1856 2208 c.
1875 2171 1900 2208 3
1929 2167 2084 2208 Retulit

1249 2223 1299 2261 ad
1330 2221 1448 2275 hujus
1479 2221 1579 2262 Deae
1625 2222 1800 2273 auspicia
1847 2234 1894 2260 ac
1936 2235 2082 2262 numen

1249 2275 1436 2328 quicquid
1451 2276 1586 2314 habuit
1597 2275 1802 2314 Timoleon
1818 2287 2079 2323 successuum,

1250 2330 1355 2368 unde
1370 2335 1480 2382 patet
1497 2330 1579 2369 scil.
1607 2341 1655 2368 ex
1673 2328 1760 2380 ipsa
1778 2328 1952 2375 historia,
1983 2342 2079 2382 qua-

1249 2382 1296 2422 lis
1313 2383 1416 2430 Dea,
1436 2390 1477 2422 et
1489 2395 1569 2435 quo
1586 2383 1665 2421 fine
1682 2383 1800 2422 culta.
1827 2382 1989 2436 Boecl.)

1195 2435 1515 2490 Autophradates
1563 2437 1725 2491 (Lydiae
1755 2435 1948 2488 satrapes)
1994 2449 2082 2488 per-

1249 2490 1423 2541 sequitur
1441 2503 1523 2536 eos,
1539 2491 1607 2542 qui
1625 2490 1676 2527 ab
1694 2489 1827 2528 Artax.
1857 2489 2082 2529 defecerant

1249 2543 1327 2589 xiv,
1347 2546 1373 2583 2
1417 2543 1506 2593 (De
1525 2544 1799 2594 orthographia
1821 2541 1995 2581 nominis
2007 2544 2079 2581 hu·

1243 2595 1312 2647 jus
1330 2609 1368 2637 v.
1414 2595 1619 2635 Keuchen.
1663 2596 1712 2633 ad
1722 2595 1903 2634 ‘Frontim
1930 2595 1958 2642 i,
1977 2600 2018 2643 4,
2035 2597 2081 2650 5)

1194 2648 1445 2689 Avunculum
1465 2650 1604 2688 habere
1622 2648 1791 2700 aliquem
1819 2662 1907 2696 xxv,
1927 2653 1951 2689 5

1194 2702 1395 2742 Auxilium
1439 2703 1574 2743 salutis
1616 2715 1696 2742 suae
1734 2708 1864 2754 petere
1907 2715 1995 2748 xxv,
2029 2706 2079 2743 10

1247 2757 1391 2796 auxilio
1423 2770 1509 2797 esse
1533 2756 1663 2803 alicui,
1697 2756 1839 2807 quibus
1858 2757 1972 2795 rebus
1991 2756 2079 2808 quis

1247 2817 1379 2863 potest
1410 2810 1698 2864 (promptitudo
1717 2810 1932 2862 adjuvandi
1960 2809 2081 2872 signi-

1247 2864 1405 2917 ficatur)
1451 2877 1540 2910 xxv,
1557 2867 1602 2904 11
1647 2863 1764 2903 alicui
1791 2863 1922 2902 venire
1949 2863 2031 2910 viii,
2051 2868 2075 2904 3

1247 2919 1441 2970 proficisci
1478 2917 1561 2964 xiii,
1589 2921 1610 2957 l
1655 2917 1800 2956 auxilio
1829 2917 1945 2957 celeri
1977 2929 2077 2968 opus

1246 2979 1307 3010 est
1333 2971 1361 3018 i,
1378 2975 1404 3012 4
1433 2971 1575 3011 auxilio
1593 2969 1680 3022 ejus
1694 2976 1917 3023 expugnata
1932 2970 2019 3009 urbs
2049 2971 2077 3016 i,

1246 3028 1272 3065 4
1301 3025 1445 3064 auxilia
1459 3031 1606 3078 petere,
1640 3025 1843 3077 impetrare
1877 3023 2079 3076 (militaria

1247 3091 1300 3118 sc.
1319 3080 1400 3118 sive
1418 3079 1552 3131 copias
1569 3077 1792 3130 auxiliares)
1810 3078 1901 3122 xxii,
1915 3080 1939 3116 2
1957 3075 2077 3128 (Haec

1247 3134 1351 3172 enim
1383 3133 1538 3184 proprie
1572 3132 1755 3170 dicuntur
1788 3130 1956 3168 auxilia:
1996 3129 2075 3169 vid.

1245 3186 1361 3226 Thes.
1381 3187 1535 3226 Buchn.
1562 3192 1603 3224 et
1621 3184 1728 3236 Lips.
1744 3184 1794 3222 de
1809 3183 1890 3222 mil.
1910 3182 1962 3222 st,
1982 3182 2010 3230 i,
2029 3182 2077 3236 7)

1622 3341 1670 3382 Β.

1194 3451 1405 3506 Babylon:
1443 3449 1650 3504 Babylone
1680 3451 1839 3490 moritur
1870 3450 1983 3490 Alex.
2012 3449 2073 3488 Μ.

1246 3504 1360 3558 (urbe
1377 3504 1597 3558 chaldaeae)
1624 3505 1730 3553 xviii,
1749 3510 1788 3546 2.
1819 3505 1896 3551 xxi,
1915 3509 1941 3543 2

1078 3572 1164 3614 [nd.
1186 3573 1285 3624 Nep.
1947 3584 1967 3608 c
