2306 3900
656 302 764 341 XV.

261 420 472 474 Collocari]
498 419 548 461 In
565 418 699 460 Arist.
717 417 730 440 ⁸
747 421 793 458 et
804 416 859 457 de
873 415 1087 457 communi

207 487 358 527 aerario
389 485 561 527 dotibus
596 482 710 524 datis
743 479 1086 524 collocarentur!

206 549 262 590 In
280 549 415 591 Attic.
434 550 447 572 ⁴
464 554 566 589 nata
580 551 646 591 est
659 552 802 587 autem
821 546 970 586 Attico
986 557 1088 597 nep-

206 611 262 652 tis
294 624 348 652 ex
370 611 577 663 Agrippa,
606 608 677 650 cui
713 609 923 661 virginem
954 607 1087 648 filiam

205 674 464 722 collocarat!
496 674 659 714 Savaro.

260 737 371 779 CAP.
382 741 422 777 4.
438 736 477 776 Α
492 736 749 776 Diomedonte
765 733 977 787 Cyzicena]
1006 734 1088 773 Re-

203 798 292 840 fert
335 799 415 839 hoc
457 799 715 839 Plutarchus
761 799 904 849 ἀποφθ.
949 801 1088 844 βασιλ.

203 863 326 904 Idem
357 862 489 902 tradit
508 862 639 902 etiam
671 875 696 902 a
718 862 882 904 Jasone
911 861 1092 901 Thessa-

202 927 337 968 lorum
352 933 533 980 tyranno
550 925 858 978 Epaminondae
870 924 1089 964 abstinen-
1117 966 1125 970 ,

205 989 309 1030 tiam
338 994 548 1030 tentatam
577 1000 684 1039 esse,
703 987 837 1027 missis
863 987 918 1027 ad
949 987 1090 1039 ipsum

205 1054 295 1095 acri
331 1058 590 1106 paupertate
626 1053 890 1093 laborantem
923 1050 1089 1091 duobus

205 1128 431 1173 aureorum
462 1116 673 1156 millibus:
716 1116 792 1156 sed
829 1114 1088 1167 Epaminon-

205 1179 302 1220 dam
341 1190 488 1220 aurum
522 1178 720 1230 accipere
758 1178 970 1227 noluisse;
1013 1175 1089 1216 sed

204 1242 419 1295 conjectis
439 1243 482 1282 in
502 1254 598 1282 eum
618 1242 753 1282 oculis
782 1241 967 1280 dixisse:
998 1239 1012 1262 ‘
1027 1239 1089 1279 in-

196 1306 318 1359 juria
347 1317 415 1346 me
447 1303 652 1356 lacessis,'
683 1305 754 1345 vel
784 1305 963 1344 ‘manus
989 1302 1090 1343 mihi

202 1367 336 1410 infers
354 1369 473 1409 nulla
501 1369 726 1410 lacessitus
753 1366 938 1419 injuria,'
957 1366 1090 1419 ἄρχεις

202 1435 343 1486 χειρῶν
378 1432 529 1474 balamir.
601 1434 720 1486 Lege
757 1433 888 1472 etiam
933 1431 1088 1479 AElian.

204 1499 308 1539 Var.
323 1498 447 1557 nist.
465 1498 543 1538 lib.
562 1507 627 1538 xx.

259 1563 345 1605 Hic
362 1576 502 1615 magno
534 1575 623 1603 cum
651 1564 821 1614 pondere
847 1559 956 1611 auri]
996 1559 1090 1601 Tri-

203 1626 283 1667 bus
302 1627 563 1668 Daricorum
578 1625 777 1667 millibus.
806 1624 1028 1665 Plutarch.
1044 1623 1088 1664 in

203 1689 426 1743 Apophth.

255 1753 484 1806 Micythum
500 1752 845 1804 adolescentulum]
866 1749 1089 1798 ⁴Michitam

203 1811 372 1859 habeutv
395 1817 650 1857 vetustiores
681 1815 890 1856 Codices:
921 1811 1090 1853 Aldinis

202 1882 249 1923 in
284 1881 600 1934 exemplaribus
647 1879 845 1931 Micytum
888 1876 1086 1917 invenio:

203 1946 249 1987 in
271 1943 546 1996 Longolianis
582 1954 684 1983 vero
713 1940 950 1993 Mythicum.
995 1939 1088 1978 Ma-

205 2010 313 2062 gius.
366 2007 601 2049 Athenaeus
630 2005 704 2046 lib.
729 2015 832 2044 xm.
866 2014 922 2042 ex
952 2002 1088 2042 Theo-

202 2084 378 2125 pompo,
396 2071 713 2112 adolescentem
741 2065 955 2121 quendam
974 2065 1089 2117 Epa-

203 2135 418 2177 minondae
438 2134 632 2185 delicias,
665 2131 896 2184 Asopicum
921 2129 1091 2169 nomine

204 2191 539 2247 commemorat;
592 2197 684 2237 sive
728 2195 787 2235 sit
830 2194 955 2243 alius,
1001 2191 1092 2232 sive

203 2263 335 2312 idem,
363 2262 543 2303 diversis
558 2258 799 2302 nominibus
833 2255 1092 2309 appellatus.

204 2326 385 2368 Lmbin.
410 2326 575 2377 Longol.
597 2326 714 2375 Mag.

259 2391 344 2431 Pro
374 2390 521 2442 patriae
549 2388 762 2441 charitate]
797 2386 1020 2427 Puteanus
1048 2389 1094 2425 et

203 2454 406 2496 Schottus
441 2454 593 2506 legunt
622 2465 734 2504 prae:
781 2450 859 2491 sed
894 2463 965 2502 pro
1008 2461 1094 2490 non

207 2518 382 2559 videtur
431 2516 700 2566 mutandum,
741 2526 993 2567 expressum
1039 2526 1094 2554 ex

205 2581 307 2623 ἄντί.
361 2581 436 2622 Sic
454 2579 540 2621 ἀντὶ
553 2578 729 2632 χρυσέων
746 2577 917 2629 χάλκεα,
932 2589 1005 2629 pro
1024 2589 1093 2616 au-

204 2646 285 2686 reis
301 2657 424 2685 oenea.
464 2643 706 2695 Xenophon
726 2641 958 2692 Agesilao:
988 2637 1096 2690 μάλα

206 2710 370 2759 ἔκδηλον
395 2711 528 2759 ποιῶν,
565 2706 615 2746 ὥς
642 2707 731 2747 οὔτε
760 2706 892 2745 πᾶσαν
917 2704 990 2753 τὴν
1018 2705 1097 2755 γῆν

206 2772 353 2825 δέξαιτο
384 2770 469 2813 ἀντὶ
497 2769 694 2822 πατρίδος.
750 2769 924 2810 Curtius
955 2768 1031 2809 lib.
1050 2779 1096 2809 ν.

204 2839 215 2859 ‘
239 2837 529 2888 Quascunqne
557 2833 680 2873 sedes
707 2832 904 2885 elegeris,
922 2844 1002 2884 pro
1023 2844 1097 2884 pa-

208 2899 292 2940 tria
333 2905 383 2939 et
428 2895 674 2938 domesticis
720 2894 844 2936 rebus
889 2893 1098 2948 perituri.'

213 2963 413 3004 Gebhard.

266 3027 337 3079 Te,
351 3026 418 3079 qui
437 3037 498 3065 me
512 3023 752 3074 incognitum
771 3020 954 3073 tentasti]
983 3021 1095 3063 Haec

208 3102 308 3144 pars
357 3088 560 3142 oratiopis
597 3085 927 3127 Diomedontem
961 3086 1095 3138 respi-

207 3155 267 3195 cit
285 3166 295 3193 :
327 3152 399 3192 illa
419 3163 515 3204 quae
526 3151 733 3203 sequitur,
750 3151 761 3172 ‘
778 3150 847 3190 Tu
868 3156 1094 3202 argentum

206 3218 306 3258 huic
327 3213 495 3264 redde,'
515 3213 570 3253 ad
588 3213 846 3265 Micythum.
874 3213 1052 3254 Boecler.

263 3283 354 3333 Ego
381 3284 420 3320 te
456 3279 610 3319 tradam
643 3277 916 3329 magistratui]
961 3279 972 3300 ⁴
993 3279 1096 3318 Tra·

209 3346 315 3387 dere
350 3339 649 3395 magistratui,’
687 3339 885 3379 nimirum
920 3339 973 3379 ad
1007 3352 1095 3391 poe-

208 3421 321 3459 nam,
339 3412 406 3448 est
436 3404 633 3455 Aristidi,
662 3403 825 3455 δικαστῇ
838 3401 1098 3454 παραδιδόναι.

218 3470 424 3525 Apuleius
454 3469 633 3511 Metam.
668 3477 740 3507 111.
769 3465 781 3488 ‘
803 3465 930 3509 Quod
963 3467 1099 3508 scelus

830 298 1324 349 EPAMlNoNDAM‚
1364 296 1500 336 cAP.
1537 281 1592 333 4.

1924 274 2029 328 581

1147 413 1231 456 nisi
1268 414 1443 455 tandem
1479 412 1653 463 desinis,
1687 407 1958 462 magistratui
1992 412 2036 448 te

1150 484 1399 520 constanter
1442 474 1672 530 objiciam-⁹
1748 474 1861 516 Nam
1895 470 2038 523 ‘obji-

1151 546 1278 591 cere,’
1331 543 1344 565 ‘
1376 540 1527 583 offerre
1568 536 1865 592 magistratui'
1918 536 2034 575 idem

1151 605 1389 658 sunt‚quod
1408 606 1570 645 Nostro
1587 605 1599 626 ‘
1612 602 1786 644 tradere
1797 600 1823 651 ;'
1855 612 1932 653 pro
1948 610 2033 652 quo

1149 669 1333 709 Plautus
1365 668 1409 707 in
1438 668 1725 707 Truculento:
1764 666 1776 688 ‘
1801 664 1928 716 Apud
1947 676 2036 704 om·

1151 744 1228 772 nes
1276 730 1548 782 magistratus
1604 728 1708 770 faxo
1754 728 1838 769 erit
1881 739 2035 768 nomen

1151 795 1303 837 tuum.'
1333 794 1532 835 Keachen.

1206 857 1378 911 Effecit]
1404 858 1475 898 Sic
1491 857 1661 898 schedae
1677 861 1837 897 nostrae
1855 859 1899 896 et
1913 854 2036 896 Gifa·

1151 921 1228 974 nii,
1265 934 1391 974 quam
1427 920 1656 961 lectionem
1691 926 1738 960 et
1774 921 1932 959 Savaro
1967 921 2036 956 est

1152 988 1402 1040 amplexus:
1433 985 1626 1027 Lambiu.
1645 985 1810 1026 curavit.
1865 983 2036 1025 Neutra

1150 1063 1234 1092 vox
1253 1052 1296 1090 in
1323 1050 1483 1101 Ultraj.
1512 1050 1668 1090 Schott.

1204 1115 1469 1157 ‘Abstinentioe
1509 1115 1587 1155 erit
1621 1115 1694 1155 hoc
1727 1114 1828 1154 satis
1862 1112 2037 1153 testimo-

1150 1179 1279 1230 nium]
1308 1179 1517 1219 Miserum
1547 1177 1823 1218 Lambinum!
1859 1174 1932 1228 qui
1952 1179 2037 1214 sta-

1152 1245 1245 1294 tim,
1262 1256 1357 1296 quae
1391 1242 1528 1294 ipsius
1563 1241 1708 1293 captio
1735 1251 1821 1279 non
1853 1245 1934 1287 est,
1959 1242 2036 1277 aut

1152 1308 1272 1347 delet
1308 1312 1383 1347 aut
1420 1306 1596 1357 supplet
1638 1303 1818 1357 pessimo
1864 1301 2036 1341 Latinae

1152 1371 1346 1421 Linguae.
1399 1367 1703 1408 ·Existimabat
1728 1360 1840 1405 'heic
1873 1363 2037 1416 aliquid

1150 1432 1402 1488 desiderari,
1428 1443 1560 1484 quare
1578 1428 1817 1470 liberaliter
1835 1426 2040 1480 suppedi-

1151 1501 1217 1538 tat
1236 1496 1482 1547 lectionem,
1497 1492 1746 1533 abstinentia:
1763 1491 1842 1531 erit
1855 1490 1925 1530 hoc
1936 1489 2039 1529 satis

1149 1575 1334 1614 magnum
1369 1555 1648 1602 testimoninm.
1719 1558 1803 1599 Vel
1836 1556 2036 1597 ordinat:

1150 1627 1242 1668 Hoc
1253 1627 1518 1667 testimonium
1531 1624 1796 1673 abstinentia»,
1809 1622 1910 1674 quod
1920 1632 2039 1673 expo-

1148 1691 1312 1742 suimus,
1328 1691 1428 1730 satis
1445 1690 1538 1730 erit.
1565 1688 1770 1740 Denique
1789 1685 1927 1725 dictat
1943 1696 2039 1724 cor-

1150 1755 1371 1808 rigendum
1392 1766 1502 1806 esse,
1521 1752 1784 1793 Abstinentiae
1795 1750 1872 1791 erit
1887 1750 1958 1790 hoc
1973 1761 2038 1789 sa-

1148 1820 1203 1859 tis
1219 1818 1450 1860 testimonii.
1503 1818 1543 1858 N
1550 1811 1670 1869 ugae'!
1714 1815 1914 1856 Solemne
1930 1812 2040 1853 anti-

1150 1882 1368 1936 quioribus
1397 1879 1677 1934 scriptoribus
1711 1888 1931 1930 apponere
1962 1888 2039 1917 no-

1150 1958 1249 1986 men
1280 1958 1331 1985 eo
1364 1958 1464 1986 casu
1484 1956 1608 1997 quem
1641 1941 1818 1982 verbum
1849 1938 2036 1991 flagitat,

1150 2009 1354 2060 neglecto
1388 2020 1457 2058 eo,
1491 2018 1618 2060 quem
1650 2003 1902 2046 vocabulum
1938 2004 2039 2043 satis

1151 2071 1381 2124 exigebat:
1416 2083 1514 2110 cum
1531 2069 1788 2121 regulariter
1807 2065 2039 2108 dicendum

1153 2135 1306 2176 fuisset
1325 2134 1431 2175 satis
1453 2132 1702 2184 testimonii,
1728 2131 1862 2184 probe
1880 2131 2042 2171 extulit

1157 2201 1323 2252 Nepos,
1341 2198 1588 2240 abstinentia:
1613 2197 1692 2237 erit
1722 2196 1791 2236 hoc
1818 2196 1918 2235 satis
1932 2195 2044 2235 testi-

1154 2264 1340 2304 mom‘um.
1411 2261 1620 2304 Ovidius:
1675 2262 1688 2283 ‘
1718 2261 2041 2311 Fortunamque

1155 2328 1246 2368 dies
1263 2326 1414 2367 habuit
1431 2324 1570 2366 satis?
1625 2324 1751 2367 Quod
1772 2335 1827 2363 ex
1859 2322 2042 2363 vetustis

1155 2390 1378 2432 codicibus
1423 2393 1563 2440 recte,
1604 2387 1892 2440 nequicquam
1931 2386 2042 2427 rela-

1157 2455 1374 2497 trantibns
1406 2453 1610 2500 indoctis,
1634 2451 1824 2492 restituit
1846 2450 2043 2502 Raphael

1157 2518 1330 2571 Regius.
1388 2517 1480 2559 cic.
1514 2517 1694 2557 ubam.
1729 2515 1784 2555 aa
1814 2498 2068 2556 Atticumt·

1157 2586 1168 2606 ⁴
1188 2583 1233 2623 Si
1263 2582 1367 2622 satis
1401 2581 1625 2622 consilium
1657 2592 1742 2632 qua
1771 2579 1827 2619 de
1848 2591 1894 2619 re
1915 2578 2043 2618 habe-

1157 2645 1275 2686 rem!
1329 2644 1460 2697 Cajus
1492 2643 1566 2684 lib.
1597 2654 1695 2684 xix.
1731 2641 1777 2682 ff.
1811 2642 1866 2681 de
1901 2641 2039 2692 Oper.

1158 2710 1320 2750 Libert.
1357 2708 1500 2748 ‘Satis
1530 2712 1700 2758 tempus
1737 2707 1790 2746 ad
1827 2709 2039 2757 quaestum

1156 2771 1418 2822 faciendum,
1445 2769 1559 2810 unde
1590 2769 1647 2808 ali
1676 2767 1830 2820 possit,
1849 2765 2042 2806 habeat!

1157 2835 1294 2876 Tacit.
1316 2834 1430 2875 Ann.
1451 2844 1535 2873 xu.
1556 2835 1623 2872 56.
1651 2834 1664 2855 ‘
1688 2833 1763 2871 Sat
1779 2836 1921 2870 tamen
1943 2841 2041 2881 spa·

1159 2899 1266 2939 tium
1299 2897 1519 2950 amplexus
1557 2894 1612 2935 ad
1649 2894 1734 2935 vim
1767 2891 1964 2945 remigii,’
1994 2897 2043 2932 ut

1158 2961 1218 3002 ibi
1249 2960 1434 3002 restitui.
1465 2957 1664 2999 Gebhard.
1722 2955 1849 2997 Adde
1883 2954 2044 2995 Grute-

1158 3036 1252 3065 rum
1271 3024 1324 3064 ad
1344 3022 1494 3063 Plauti
1513 3020 1727 3062 Menaech.
1748 3019 1867 3059 Prol.
1887 3022 1952 3059 16.

1212 3087 1358 3128 Multis
1381 3085 1555 3126 millibus
1580 3082 1778 3134 versuum]
1815 3081 1927 3122 Vide
1949 3093 2043 3133 qnae

1157 3151 1388 3192 Lambinus
1421 3162 1477 3189 ex
1511 3150 1718 3189 Duareno
1750 3146 1832 3185 huc
1861 3144 2044 3186 notavit.

1155 3216 1266 3255 Sunt
1295 3218 1438 3254 autem
1472 3223 1619 3251 versus
1638 3210 1778 3259 lineae,
1797 3201 1903 3261 qua's
1923 3218 2047 3247 voca·

1157 3290 1266 3318 mus.
1323 3275 1436 3316 Vide
1456 3274 1666 3315 Isidorum
1687 3272 1762 3312 lib.
1780 3283 1838 3313 vt.
1857 3274 1922 3313 14.
1951 3271 2044 3312 Ho-

1159 3352 1252 3380 rum
1286 3350 1462 3379 numero
1492 3336 1635 3377 metiri
1667 3335 1797 3377 libros
1833 3334 2047 3388 solebant,

1161 3415 1344 3456 eumque
1365 3403 1408 3442 in
1426 3401 1577 3442 ultima
1595 3411 1697 3440 cera
1720 3399 2044 3440 adscribebant.

1162 3465 1247 3508 Qui
1267 3477 1356 3507 mos
1388 3471 1435 3505 et
1462 3461 1659 3504 Hebraeis
1684 3461 1873 3505 Criticis.
1929 3461 2043 3504 Vide
