2306 3900
315 272 426 324 '724
867 279 1196 322 REGENSUS
1239 284 1595 324 Em'rionum

322 421 450 464 1513
477 410 686 467 Parisiis,
710 408 797 457 fol.
825 408 1129 458 Ascensiana
1153 422 1192 456 1.
1217 408 1466 458 Plutarchi
1482 408 1744 473 parallelis,
1763 416 1904 458 antea
1921 425 1949 458 a
1966 409 2149 476 Pyt-de

383 492 613 540 Brixiano
637 490 793 547 editis,
814 489 997 552 adjecit
1021 490 1140 537 vitas
1169 490 1397 554 Nepotis.
1434 491 1489 538 ln
1515 490 1671 554 Epist.
1692 489 1755 537 ad
1781 489 1916 539 Hier.
1940 479 2152 540 Ale-xan-

382 572 524 620 drum
574 572 854 620 Motensem
900 569 1069 618 laudat
1114 570 1358 618 Gerhardi
1405 570 1482 619 sui
1517 570 1787 619 Vercellani
1826 570 2148 635 diligentiam,

382 668 495 716 quae
518 668 637 700 num
660 651 806 699 etiam
831 651 880 698 in
917 651 1112 714 Nepote
1157 651 1361 698 Badium
1391 650 1595 713 juverit,
1635 650 1896 700 nescimus.
1967 651 2151 702 Omisit

381 748 498 782 vero
524 731 699 779 Badius
716 731 952 779 Catonem
977 730 1101 778 inter
1120 731 1258 787 vitas,
1298 738 1417 779 teste
1451 731 1531 778 Jo.
1569 730 1727 780 Mich.
1762 731 2066 795 Heusingero
2101 732 2149 781 in

381 811 526 861 Praef.
554 811 639 875 qui
663 827 768 859 eam
806 809 1052 868 tractavit,
1092 818 1142 857 et
1182 817 1361 873 praeter
1400 810 1631 861 lectiones
1666 811 1714 859 in
1756 812 2151 861 annotationibus

312 902 325 914 “
378 893 596 955 adjectas
640 891 917 956 praefationi
957 890 1261 954 spicilegium
1303 891 1585 939 emissarum
1627 890 1830 953 adjecit,
1865 907 1925 939 ex
1967 908 2065 955 qua
2098 900 2150 940 et

380 973 691 1022 Fischeriana
736 973 996 1021 collatione
1037 980 1191 1036 patet,
1233 971 1436 1021 editioni
1483 971 1598 1020 huic
1641 971 1928 1035 praeluxisse
1963 974 2148 1036 Argen-

378 1060 689 1102 toratensem.
720 1087 722 1089 -
1573 1092 1577 1095 ,

316 1140 443 1184 1515
467 1133 688 1191 Taurini,
711 1139 762 1180 4.
801 1132 1056 1181 Cornelius
1079 1131 1143 1181 de
1164 1132 1277 1180 viris
1303 1131 1588 1181 illustribus.
1646 1132 1868 1190 Taurini,
1886 1132 1937 1181 in
1959 1131 2148 1182 aedibus

382 1214 580 1264 Nicolai
615 1214 679 1263 de
721 1214 1292 1276 Benedictis.—-Librum
1335 1214 1397 1262 de
1432 1213 1544 1262 viris
1578 1213 1868 1272 illustribus,
1894 1213 2012 1261 olim
2054 1214 2146 1262 sub

378 1296 576 1353 nomine
617 1295 694 1344 vel
717 1294 895 1344 AEmilii
919 1293 1088 1355 Probi,
1117 1295 1190 1343 vel
1213 1295 1440 1359 Nepotis,
1466 1295 1543 1343 vel
1571 1294 1708 1343 Plinii
1733 1294 1848 1358 jun.
1874 1293 1951 1344 vel
1974 1296 2150 1344 Sueto-

378 1375 446 1424 nii
492 1376 698 1435 editum,
746 1376 1046 1440 probabilius
1106 1377 1159 1424 S.
1206 1376 1404 1424 Aurelio
1452 1376 1638 1424 Victori
1683 1375 1945 1424 vindicavit
1990 1375 2146 1424 Andr.

378 1455 631 1505 Schottus.

315 1543 446 1588 1520
470 1537 705 1600 (Parisiis)
750 1535 1044 1584 Ascensiaua
1071 1548 1138 1582 11.
1181 1534 1264 1582 fol.
1289 1535 1543 1584 Plutarchi
1578 1543 1628 1584 et
1650 1536 1824 1584 AEmilii
1848 1536 1994 1584 Probi
2033 1535 2146 1584 vitae

375 1617 636 1668 illustrium
685 1618 918 1665 virorum.
971 1618 1045 1664 Ex
1095 1616 1475 1679 chalcographia
1510 1616 1828 1664 Ascensiana.
1865 1616 1950 1666 Sic
1980 1624 2055 1665 est
2098 1618 2146 1664 in

378 1699 488 1746 Cat.
521 1698 648 1746 Bibl.
670 1695 1027 1746 Schwarzianae
1068 1696 1124 1744 P.
1168 1709 1207 1743 1.
1245 1711 1295 1761 p.
1325 1703 1405 1746 81.
1430 1712 1481 1744 n.
1524 1702 1666 1746 1341.
1705 1695 1928 1745 Contulit
1951 1711 2057 1745 eam
2081 1697 2146 1745 cl.

378 1779 648 1828 Fischerus.

735 1966 924 2015 AETAS
962 1967 1029 2014 11.
1067 1965 1324 2014 ALDINA
1369 1965 1718 2025 1522—1569.

308 2101 503 2151 Aldinae
527 2100 631 2149 scil.
659 2107 857 2149 curator
896 2100 1187 2149 Franciscus
1229 2101 1493 2159 Asulanus,
1537 2100 1652 2150 Aldi
1694 2102 1800 2167 ipse
1831 2101 2007 2160 affinis,
2044 2118 2146 2166 quo

373 2182 521 2231 modo
547 2183 594 2230 in
621 2182 870 2240 Sallustio,
913 2191 962 2231 et
987 2182 1142 2240 Livio,
1168 2191 1218 2231 et
1242 2182 1434 2231 Justino
1458 2182 1675 2243 edendis,
1701 2184 1846 2232 etiam
1880 2183 1930 2231 in
1949 2184 2146 2248 Nepote

372 2281 490 2312 usus
519 2272 607 2322 est,
636 2264 729 2311 hoc
753 2271 843 2321 est,
887 2279 985 2311 non
1011 2263 1220 2327 scriptos
1258 2263 1415 2311 solum
1452 2273 1502 2311 et
1537 2265 1803 2327 impressos
1844 2264 2143 2313 consuluisse

375 2345 584 2402 videtur,
613 2344 694 2392 sed
723 2352 775 2393 et
799 2361 857 2392 ex
885 2345 1075 2407 ingenio
1108 2342 1366 2392 liberaliori
1407 2361 1445 2391 s.
1483 2344 1668 2392 sanavit
1709 2361 1749 2392 s·
1787 2344 1994 2401 mutavit
2017 2344 2146 2392 lecti-

372 2441 491 2474 ones
514 2445 526 2484 ;
565 2434 716 2490 atque
741 2426 809 2473 sic
835 2441 965 2489 saepe
990 2424 1194 2489 profuit,
1221 2424 1305 2473 sed
1333 2434 1382 2473 et
1408 2425 1473 2474 ab
1499 2425 1590 2481 his,
1618 2424 1703 2488 qui
1726 2424 1771 2471 in
1798 2424 2143 2488 superstitione

371 2506 604 2570 gaudent,
635 2507 815 2570 saepius
856 2513 1073 2556 notatur.
1107 2504 1344 2554 Aldinum
1373 2514 1534 2554 tamen
1561 2513 1769 2565 textum,
1813 2505 1983 2571 paucis
2025 2505 2144 2554 locis

369 2587 608 2651 exceptis,
631 2587 840 2635 triennio
866 2595 978 2650 post
1015 2586 1218 2635 Juntina
1258 2585 1457 2650 repetiit
1484 2593 1629 2637 1525.
1666 2587 1858 2635 Secutae
1893 2586 2007 2635 inde
2031 2596 2145 2634 sunt

352 2669 692 2732 *Ultrajectina
723 2675 866 2719 1542.
902 2678 1106 2716 curante
1138 2670 1254 2717 Aut.
1281 2667 1522 2726 Cauchio‚
1565 2676 1615 2716 et
1656 2667 1960 2716 Coloniensis
1997 2673 2142 2716 1543.

370 2751 507 2815 Gyb.
532 2748 780 2815 Longolii,
824 2749 912 2812 qui
952 2765 1070 2797 usus
1097 2750 1228 2797 Msto
1253 2756 1306 2797 et
1328 2749 1442 2797 edd.
1467 2747 1550 2796 sed
1596 2748 1641 2796 in
1667 2748 1866 2797 scholiis
1890 2755 2042 2796 morte
2075 2747 2145 2795 in-

371 2840 637 2894 terceptus,
679 2830 870 2878 laudem
897 2831 1076 2895 reperit
1111 2830 1364 2894 insignem.
1412 2829 1589 2893 Neque
1625 2828 1999 2877 contemnendae
2029 2835 2144 2877 sunt

369 2911 485 2959 edd.
521 2910 735 2975 Gryphii
758 2918 807 2958 et
832 2903 896 2958 H.
916 2910 1167 2974 Stephani.
1207 2911 1501 2975 Longolium
1525 2927 1641 2958 vero
1665 2908 2066 2958 annotationibus
2093 2917 2144 2957 et

366 2991 614 3040 historicis
659 2999 709 3039 et
754 2990 938 3039 criticis
986 2989 1289 3038 uberioribus
1315 2989 1590 3038 scribendis
1611 3005 1841 3054 superare
1863 2988 2068 3046 studuit,
2092 2989 2142 3036 in

368 3079 506 3121 textu
539 3070 839 3120 conserendo
881 3087 992 3119 cum
1035 3069 1154 3118 edd.
1197 3086 1344 3132 opera
1382 3070 1605 3133 Pompeii
1643 3070 1782 3118 Nutii
1822 3087 1959 3128 usus,
2002 3069 2139 3118 Hier.

365 3152 596 3216 Magius;
636 3167 746 3215 quae
769 3151 817 3198 in
839 3151 969 3199 Vitis
995 3149 1205 3198 virorum
1235 3150 1493 3199 illustrium
1522 3151 1666 3199 Basil.
1714 3150 1859 3201 1563.
1887 3167 2000 3199 cum
2035 3148 2143 3197 vitis

367 3233 539 3281 excell.
565 3234 730 3296 Impp.
757 3232 964 3295 primum
984 3232 1145 3280 locum
1174 3232 1372 3280 habent.
1410 3232 1652 3281 Sexennio
1676 3248 1790 3279 vero
1830 3238 1942 3295 post
1978 3230 2138 3278 lumen

365 3313 532 3360 attulit
549 3312 733 3377 Nepoti
757 3313 1043 3370 Lambinus,
1070 3328 1209 3360 novae
1236 3312 1393 3359 aetatis
1420 3311 1651 3376 princeps
1680 3309 1887 3358 futurus.

305 3399 432 3443 1522
464 3393 692 3451 venetiis,
722 3400 767 3442 8.
795 3393 988 3443 Aldina.
1015 3393 1196 3441 AEmilii
1223 3393 1367 3441 Probi
1393 3392 1503 3440 vitae
1528 3400 1838 3441 externorum
1872 3389 2142 3458 Imperato-

368 3489 474 3522 rum
500 3477 618 3535 (uua
639 3489 749 3520 cum
776 3473 994 3533 Justino)
1018 3473 1249 3531 Venetiis,
1276 3474 1323 3521 in
1350 3472 1540 3520 aedibus
1582 3471 1691 3519 Aldi
1717 3478 1764 3518 et
1804 3468 1963 3522 Andr,
2006 3469 2141 3517 Asu-
