2306 3900
293 218 354 270 lii

346 362 357 379 ⁴
375 354 670 406 Paphlagonum
691 353 899 404 dynasten‘
912 364 1000 392 cum
1015 353 1174 406 Cappa-

344 408 470 448 dociae
500 413 666 458 satrape,
703 408 868 446 exarcho
895 407 1174 460 Longobardo-

343 476 442 508 rum,
460 460 703 500 Cretensium
715 459 868 500 Cosmis
881 460 956 500 &ta
975 468 1176 512 comparat

341 516 456 554 Alex.
475 514 617 566 genial.
646 515 742 553 dier.
767 514 820 560 iv,
837 518 905 555 23.
933 527 1050 567 quem
1069 515 1172 554 vide.

341 568 503 620 Boecl.)

708 728 755 767 Ε.

285 835 527 877 Econtrario
552 835 605 882 xi,
625 839 663 875 1.
689 835 785 882 xxii,
806 837 827 874 1
848 834 911 888 (et
929 835 968 872 in
987 835 1169 886 quibusd.

339 890 440 930 edth-
458 887 567 935 xviii,
590 893 636 928 1:
662 889 743 927 vid⁴
776 901 862 939 sup.
891 888 1129 940 Contrario).
1148 902 1170 927 e

337 943 497 996 regione
514 942 583 995 (ex
601 940 787 993 adverso)
815 943 842 988 i,
857 947 880 981 5
911 955 932 979 e
951 943 1087 993 repub.
1103 955 1170 994 ge·

335 1008 419 1036 rere
445 998 610 1036 honores
638 996 713 1048 (ad
730 994 844 1035 utilit.
874 995 1004 1046 publ.)
1039 1008 1128 1042 xxv,
1144 999 1171 1035 6

338 1063 362 1090 e
384 1051 503 1090 vultu
534 1049 739 1102 cujusdam
772 1050 990 1101 intelligere
1022 1048 1170 1101 aliquid

339 1104 392 1150 iv,
411 1110 435 1144 5

284 1156 438 1198 Edere:
466 1155 550 1196 edit
577 1155 620 1195 in
649 1155 788 1207 vulgus
814 1155 1171 1196 Mithrobarzanem

337 1211 558 1263 profectum
587 1223 657 1249 suo
685 1209 798 1262 jussu
829 1208 879 1262 (i.
909 1223 945 1248 e.
972 1210 1090 1262 vulgo
1109 1223 1171 1249 ru-

338 1277 484 1303 morem
503 1263 671 1317 spargit)
689 1263 769 1310 xiv,
786 1267 813 1304 6
840 1264 948 1315 (sub.
968 1277 1171 1312 rumorem,

334 1319 402 1359 ‘vel
419 1318 542 1357 simile
561 1330 718 1357 nomeu.
772 1317 915 1369 Neque
948 1319 1053 1356 enim
1081 1329 1172 1370 pos-

337 1377 462 1411 trema
479 1371 555 1410 ista
573 1384 662 1410 cum
679 1372 796 1409 verbo
815 1371 912 1418 edit,
941 1378 1171 1411 construun-

335 1430 413 1473 tur,
444 1430 489 1463 ut
517 1425 601 1462 vult
633 1423 690 1462 vir
721 1425 875 1463 doctus.
930 1424 1053 1464 Plene
1086 1426 1172 1464 Liv.

337 1479 395 1525 iii,
413 1483 454 1525 3,
469 1482 493 1518 3
510 1483 521 1501 ‘
535 1479 587 1517 ad
606 1491 774 1516 rumores
784 1477 985 1516 hominum
1003 1479 1054 1518 de
1075 1491 1170 1518 uno-

336 1545 496 1584 quoque
531 1532 662 1583 legum
692 1532 823 1583 capite
858 1531 1015 1571 editos.'
1061 1532 1172 1575 Curt.

332 1586 399 1632 iii,·
412 1590 452 1633 3,
468 1589 493 1625 7
536 1590 548 1608 ⁸
569 1585 716 1624 Vatum
734 1597 934 1636 responso,
954 1586 1062 1637 quod
1080 1587 1174 1625 ede-

334 1639 450 1689 batur
466 1639 507 1677 in
531 1637 720 1690 vulgus').
775 1638 904 1676 Edere
932 1651 1002 1689 per
1028 1637 1172 1685 literas,

334 1705 424 1744 quae
443 1691 529 1744 quis
545 1691 694 1743 cogitat
712 1691 790 1744 (sie
809 1691 901 1730 edd.
922 1691 1049 1743 vulg.)
1074 1692 1128 1740 ix,
1147 1697 1171 1732 3

333 1745 424 1798 (ubi
441 1759 514 1784 nos
531 1745 740 1792 edidimus,
758 1745 907 1796 agere).
920 1746 1018 1784 editi
1033 1745 1077 1784 in
1089 1747 1173 1784 vul-

333 1812 406 1851 gus
421 1799 508 1838 libri
538 1813 626 1845 xxv,
645 1803 696 1839 16
732 1799 808 1852 (sic
828 1804 869 1838 et
881 1799 1008 1838 Tacit.
1021 1813 1086 1846 xv,
1102 1804 1170 1847 63,

333 1852 397 1905 4).
409 1853 525 1892 editis
536 1851 726 1892 mandatis
746 1865 814 1904 per
826 1853 943 1891 alium
959 1853 1166 1901 conficere,

335 1907 442 1958 quod
476 1906 563 1958 quis
599 1907 732 1945 studet
778 1906 831 1953 ix,
856 1910 880 1946 3
923 1906 1008 1960 (Sic
1042 1907 1169 1947 Cicer.

334 1960 435 1999 dixit
453 1965 464 1984 ‘
479 1962 593 2000 edere
612 1960 820 2012 postulata’
833 1959 944 1999 Verr.
963 1966 1002 2000 5.
1017 1966 1058 2000 et
1074 1961 1100 2001 J
1103 1961 1168 2001 cti

331 2019 344 2037 ⁴
355 2015 471 2053 edere
482 2015 690 2061 actionem,
699 2013 884 2062 rationes,
898 2013 1167 2055 instrumenta’

332 2066 407 2107 &c-
428 2067 588 2120 Lamb.)
754 2101 758 2105 ,

277 2120 418 2162 Editus
436 2122 544 2160 locus
564 2119 719 2175 (altior)
738 2120 831 2168 xvii,
846 2125 874 2162 6
900 2122 1049 2161 editum
1069 2135 1167 2162 con·

336 2175 447 2214 clave
475 2189 513 2222 x,
533 2179 560 2215 9

278 2227 463 2268 Edictum
483 2229 652 2269 censoris
681 2229 782 2272 xxiv,
802 2232 828 2268 2

278 2281 447 2320 Educati
466 2283 507 2320 in
527 2283 644 2321 domo
664 2281 830 2333 alicujus
859 2280 927 2327 vii,
945 2286 970 2320 2

278 2334 457 2374 Educere
475 2335 608 2386 copias
627 2348 674 2373 ex
690 2335 784 2372 urbe
811 2334 841 2380 i,
860 2340 884 2373 5
915 2347 961 2372 ex
978 2334 1100 2372 classe
1128 2348 1165 2379 v,

331 2392 358 2428 2
387 2401 408 2427 e
427 2389 590 2426 navibus
629 2387 660 2434 i,
678 2390 702 2428 7
747 2387 914 2426 educere
954 2387 1164 2426 exercitum

332 2439 411 2488 xiv,
430 2445 456 2482 6
485 2442 526 2480 in
545 2440 669 2480 aciem
699 2439 804 2487 xviii,
818 2445 843 2480 3

276 2492 439 2541 Efferre,
467 2507 556 2548 quae
574 2494 747 2533 attuleris
799 2493 1017 2545 asportare)
1044 2507 1109 2540 xv,
1141 2497 1166 2534 4

327 2548 483 2587 fortuna
501 2546 640 2588 extulit
658 2548 762 2586 hune
801 2546 947 2600 evexit)
967 2561 1005 2593 x,
1021 2550 1049 2587 6
1076 2547 1140 2586 Sic
1159 2562 1168 2586 :

329 2602 466 2642 efferre
485 2602 666 2641 laudibus
686 2601 915 2653 (extollere)
944 2601 1012 2646 vii,
1030 2605 1095 2640 ll.
1116 2601 1167 2648 vi,

327 2659 354 2696 4
412 2656 548 2697 efferre
586 2656 627 2693 in
671 2655 812 2694 coelum
852 2655 1031 2693 laudibus
1071 2669 1111 2701 x,
1142 2659 1165 2694 7

329 2709 468 2749 efferre
506 2708 676 2761 aliquem
726 2709 858 2759 amplo
899 2708 1033 2748 funere
1077 2710 1166 2762 (ex-

325 2769 494 2815 portare,
525 2760 717 2814 ἐκφέρειν)
741 2761 849 2808 xviii,
875 2765 900 2802 4
943 2775 1013 2800 suo
1037 2768 1166 2801 sumtu

326 2830 367 2864 v,
381 2821 418 2858 4
448 2823 608 2856 matrem
638 2829 728 2863 xxv,
749 2819 800 2856 17
830 2814 1008 2869 (propria
1022 2829 1096 2854 vox
1116 2816 1166 2854 de

329 2871 545 2922 sepultura,
582 2884 622 2908 v.
651 2868 826 2909 Kirchm.
857 2869 908 2907 de
937 2870 1021 2907 fun.
1053 2869 1165 2907 initio

327 2923 417 2966 Lib.
435 2928 476 2964 2.
503 2923 595 2963 Ηοο
622 2922 759 2975 sensu)
779 2922 904 2961 efferri
946 2936 983 2968 x,
1014 2926 1079 2962 10.
1107 2921 1166 2969 iii,

325 2980 368 3018 8.
387 2989 479 3024 xxv,
497 2980 552 3016 22
589 2976 713 3015 elatus
746 2974 979 3015 semianimis
999 2977 1049 3015 de
1069 2981 1166 3014 tem-

327 3030 396 3082 plo
423 3031 478 3077 iv,
496 3034 519 3070 5
572 3029 779 3068 semivivus
805 3043 851 3068 ex
882 3030 967 3068 acie
1013 3029 1120 3075 xviii,
1139 3033 1166 3070 4

327 3084 456 3124 efferri
474 3083 647 3123 secunda
664 3082 835 3128 fortuna,
858 3082 1006 3134 magnis
1025 3082 1166 3134 opibus

326 3137 394 3184 vii,
413 3141 436 3178 7
467 3135 557 3177 Sic:
577 3135 704 3176 efferri
720 3135 877 3175 victoria
897 3135 1166 3189 (insolescere,

325 3191 368 3228 in
398 3191 616 3242 superbiam
634 3189 849 3242 corrumpi)
891 3188 945 3236 iv,
964 3194 982 3230 1
1014 3189 1165 3242 (Elata,

326 3243 493 3290 Elatius,
511 3258 549 3283 v.
569 3242 690 3297 infra)

274 3294 436 3337 Efficere
455 3297 552 3336 nihil
574 3310 653 3335 non
673 3309 785 3349 posse
805 3295 956 3350 (omnia
989 3296 1164 3345 obtinere

325 3363 455 3403 posse,
475 3362 562 3401 quie
579 3351 712 3402 cupis)
735 3350 800 3396 vii,
819 3354 844 3391 7
890 3363 959 3401 per
977 3351 1164 3403 aliquem,

325 3409 370 3442 ut
401 3403 568 3457 (curare,
601 3410 645 3441 ut
677 3405 795 3442 estin
810 3417 875 3455 qu.
904 3402 1021 3457 cdd.)
1055 3417 1119 3451 xv,
1139 3409 1164 3445 4

327 3456 460 3496 effecit
485 3456 546 3496 his
575 3457 704 3503 rebus,
740 3463 784 3495 ut
811 3457 903 3502 xvii,
933 3461 971 3496 3.
1000 3471 1088 3503 xxv,
1114 3461 1162 3498 12

326 3510 476 3555 efficere
510 3509 671 3553 classem
699 3509 741 3558 ii,
758 3513 784 3550 2
812 3509 936 3563 (ante,
953 3510 1165 3563 aedificarc)

1101 228 1302 268 INDEX

1234 353 1375 393 Efflare
1394 355 1560 394 animam
1573 352 1715 408 (mori)
1739 354 1794 400 iv,
1808 358 1832 393 5
1905 343 1911 357 ’

1234 406 1450 460 Effringere
1464 409 1563 447 fores
1590 421 1629 455 x,
1647 412 1675 449 9

1234 460 1416 524 Effugere
1432 461 1617 501 invidiam
1658 461 1701 508 ii,
1726 465 1751 501 8
1790 459 2017 500 insidiantes
2043 460 2117 500 sibi

1288 514 1395 562 xxiii,
1413 519 1444 566 6,
1478 516 1651 568 effugere
1669 529 1717 554 ex
1737 513 1927 566 praesidiis
1963 513 2072 562 xviii,
2087 517 2117 555 2

1286 582 1333 607 ex
1353 569 1518 608 vinculis
1536 568 1703 622 pubHcis
1732 569 1783 615 iv,
1801 570 1828 607 2

1233 622 1360 661 Effusi
1387 624 1551 662 honores
1570 622 1688 676 (largi
1705 622 1880 667 nimium,
1907 625 1948 660 et
1975 621 2043 673 qui
2063 621 2115 659 ad

1288 675 1597 728 prodigalitatem
1638 675 1833 728 quandam
1874 674 2117 727 interpretari

1286 737 1463 780 possunt.
1518 730 1673 770 Buchn.
1717 730 1898 769 tenuibus
1950 734 1992 767 et
2022 727 2118 767 raris

1284 782 1402 834 opp.)
1421 783 1448 829 i,
1469 787 1496 824 6
1535 783 1623 834 (Sic
1651 783 1851 822 effundere
1877 782 2049 821 fortunas
2076 787 2118 821 et

1287 835 1492 886 pecuniam
1526 837 1711 875 dicuntur
1745 833 1912 887 prodigi,
1944 836 2119 887 metaph.

1285 889 1335 927 ab
1367 889 1477 941 aquis
1513 889 1666 941 ducta).
1713 889 1848 928 effusas
1896 887 2118 940 largitiones

1283 940 1545 996 (immodicae)
1557 956 1646 989 xxv,
1659 947 1687 984 6

1231 993 1376 1047 Egredi
1403 997 1494 1035 navi
1533 995 1600 1043 vii,
1619 1001 1647 1038 6
1673 994 1807 1048 egredi
1835 999 1944 1035 extra
1973 993 2116 1036 vallum

1285 1058 1400 1090 nemo
1429 1057 1490 1090 est
1520 1063 1637 1090 ausus
1664 1051 1895 1103 (castrorum
1937 1048 2027 1088 vall.
2056 1047 2119 1088 in-

1287 1100 1432 1156 tellig.)
1461 1104 1569 1151 xxiii,
1589 1109 1612 1145 5

1231 1155 1386 1207 Ejieere
1401 1159 1493 1197 urbe
1511 1164 1552 1197 et
1575 1157 1702 1197 insula
1716 1169 1882 1196 sessores
1901 1161 2053 1195 veteres
2079 1169 2119 1201 v,

1285 1215 1312 1251 2
1340 1212 1510 1264 aliquem
1535 1225 1582 1251 ex
1613 1225 1694 1263 rep.
1716 1210 1792 1256 -vii,
1816 1212 1843 1250 4
1889 1208 1933 1248 in
1959 1207 2119 1248 exilium

1287 1263 1363 1311 xvi,
1387 1270 1406 1306 1
1429 1266 1468 1304 in
1489 1267 1617 1318 ignem
1630 1271 1754 1304 vestes
1772 1262 1982 1318 (projicere
1998 1277 2009 1302 t
2028 1275 2119 1301 nam

1286 1318 1390 1358 bona
1408 1326 1469 1358 est
1485 1318 1623 1372 lectio)
1652 1318 1720 1367 vii,
1740 1323 1792 1359 10
1837 1315 1932 1370 ejici
1959 1330 2007 1356 ex
2022 1315 2120 1362 civi,-

1288 1378 1368 1410 tate
1395 1372 1438 1419 ii,
1459 1377 1483 1413 8
2029 1411 2034 1416 ,

1233 1423 1463 1476 Ejusmodi:
1488 1426 1528 1464 id
1547 1425 1739 1477 ejusmodi
1756 1429 1854 1469 erat,
1871 1429 1917 1461 ut
1941 1422 2120 1476 (elegan-

1242 1479 1257 1491 “
1287 1484 1345 1517 ter
1359 1479 1410 1518 de
1427 1479 1571 1518 effectu
1588 1487 1631 1518 et
1650 1477 1845 1531 ἐνεργείᾳ)
1873 1490 1912 1524 x,
1931 1480 1957 1516 7

1232 1531 1348 1570 Elabi
1374 1532 1483 1579 xviii,
1498 1537 1525 1574 4

1233 1584 1442 1626 Elaborare
1465 1586 1624 1638 cupide,
1651 1590 1696 1624 ut
1726 1583 1836 1638 (niti,
1864 1582 2122 1637 contendere)

1288 1638 1346 1685 iii,
1366 1642 1386 1678 1
1946 1679 1950 1685 ,

1233 1692 1349 1733 Elata
1382 1692 1523 1744 opibus
1548 1690 1676 1731 insula
1715 1691 1744 1738 i,
1763 1694 1790 1731 7
1831 1690 1934 1743 elata
1964 1690 2121 1744 res(di-

1285 1745 1464 1799 vulgata)
1508 1760 1546 1793 x,
1578 1750 1604 1786 8
1631 1745 1739 1797 (Ter.
1767 1744 1886 1793 Phor.
1919 1757 1961 1791 v,
1993 1747 2040 1790 7,
2066 1748 2119 1785 66

1286 1805 1298 1823 ⁸
1318 1799 1426 1839 vides
1460 1805 1568 1839 tuum
1602 1806 1808 1852 peccatum
1854 1811 1942 1838 esse
1974 1797 2119 1838 elutum

1286 1853 1399 1892 foras'

1233 1906 1386 1947 Elatius
1404 1853 1470 1946 >se
1508 1919 1637 1959 gerere
1675 1898 1950 1959 (insolentius)
2003 1905 2058 1952 iv,
2093 1908 2120 1946 2

1288 1960 1423 2014 (Floro
1452 1961 1480 2007 i,
1517 1965 1586 2007 26,
1616 1964 1641 2000 8
1670 1966 1680 1983 ⁸
1702 1959 1839 1999 efferre
1872 1971 1918 1998 se·
1945 1958 2062 1998 altius
2075 1964 2123 2012 „et

1286 2014 1479 2054 incivilius
1499 2013 1523 2053 ι’
1549 2014 1686 2054 Tacito
1719 2012 1771 2052 A.
1790 2013 1817 2059 i,
1838 2015 1906 2059 12,
1937 2016 1965 2052 6
2006 2017 2018 2035 ‘
2034 2011 2123 2064 plus

1287 2081 1403 2120 quam
1429 2067 1560 2107 civilia
1576 2066 1749 2120 agitare.'
1786 2078 1826 2106 v.
1857 2065 2032 2106 Gronov.
2052 2065 2121 2105 ad

1288 2122 1375 2162 Liv.
1395 2122 1537 2170 xxxvii,
1561 2121 1631 2175 12)

1232 2174 1416 2227 Elegans,
1435 2189 1514 2214 non
1536 2174 1763 2228 magnificus
1781 2187 1870 2220 xxv,
1884 2176 1936 2214 13
1966 2172 2033 2227 (fit
2049 2186 2122 2226 op-

1288 2229 1809 2321 E?33‘‡⁰05¹¹53³503¹1¹212¹¹¹¹v2?
1812 2227 1924 2320 ‘¹33⁵ss
1925 2227 2123 2319 ῖῗιέἱιῖἓῖ

1287 2336 1494 2387 splendore
1513 2311 1794 2388 dispensa’tum.
1833 2333 1970 2373 Boecl.
1984 2346 2022 2372 v.
2037 2339 2121 2371 not.

1287 2389 1380 2427 add.
1426 2389 1562 2428 Boecl.
1605 2388 1891 2428 Chrestomath.
1943 2386 2121 2438 Terent.)

1286 2441 1594 2494 elegantissimus
1613 2441 1734 2492 poeta
1761 2453 1850 2486 xxv,
1868 2443 1923 2480 12
1961 2440 2120 2492 elegan-

1288 2495 1343 2533 tia
1368 2494 1456 2534 vitae
1475 2495 1547 2548 (ad
1565 2494 1736 2539 ,universi
1769 2493 1883 2532 moris
1899 2493 2121 2534 condecen-

1287 2547 1380 2588 tiam
1406 2549 1605 2589 referenda
1642 2547 1721 2600 est)
1743 2560 1831 2594 xxv,
1860 2551 1918 2598 ¹19
1952 2546 2039 2598 (Sic
2068 2548 2120 2587 ab

1287 2607 1299 2625 ⁴
1314 2603 1507 2654 elegantia
1537 2603 1640 2641 vitae’
1658 2602 1721 2640 M.
1739 2601 1941 2640 Servilium
1959 2599 2118 2641 Tacitus

1285 2655 1338 2695 A.
1364 2657 1444 2703 xiv,
1476 2660 1544 2703 19,
1577 2661 1617 2697 2.
1647 2655 1699 2694 ob
1730 2653 1959 2707 ‘eleganter
1992 2659 2120 2694 actam

1287 2709 1419 2749 vitam’
1431 2710 1626 2750 Zenonem
1645 2710 1840 2762 quendam
1855 2707 1990 2747 Livius
2006 2721 2121 2754 xxxv,

1286 2766 1353 2803 31.
1381 2765 1668 2804 commendant.
1703 2761 1813 2802 Add.
1850 2761 2037 2803 Scheffer.
2068 2762 2121 2802 ad

1287 2817 1443 2857 Phaedr.
1469 2817 1512 2865 ii,
1533 2816 1582 2870 3)

1231 2870 1477 2922 Elephautus
1500 2876 1657 2910 ornatus
1686 2867 1764 2923 (sic
1782 2867 1887 2908 enim
1913 2867 2006 2920 leg„
2038 2878 2120 2908 non

1285 2932 1481 2972 oneratus,
1514 2930 1558 2963 ut
1597 2924 1782 2963 Schottus
1806 2919 1912 2975 vult)
1949 2920 2060 2967 xxiii,
2091 2925 2117 2962 3

1284 2977 1494 3029 elephanto
1512 2976 1748 3018 ferocissimo
1761 2977 2027 3031 <comparatus
2037 2975 2120 3015 Eu-

1286 3044 1419 3071 menes
1438 3030 1634 3084 captivus)
1662 3029 1769 3078 xviii,
1789 3033 1838 3070 11
2101 3072 2104 3076 K

1229 3083 1383 3124 Elicere
1410 3084 1595 3137 epistolas
1614 3083 1785 3146 alicujus
1799 3081 1876 3136 (sc.
1909 3081 2116 3136 occasione

1231 3150 1327 3232 Ειῗέ
1331 3136 2006 3246 ‘'viidit‘fflffl‘iilssss‘ff'kssfiiff
1995 3187 2117 3250 1²⁶¹9:

1283 3246 1463 3297 ponnesi,
1490 3245 1684 3298 primaria,
1701 3244 1860 3285 Homeri
1893 3246 2010 3284 aetate
2039 3253 2117 3280 vrci

1284 3301 1444 3338 formam
1462 3301 1592 3339 adhuc
1616 3301 1777 3345 habens,
1805 3296 1992 3349 paulatim
2023 3306 2115 3333 vero

1283 3353 1496 3393 vicinorum
1533 3355 1609 3393 huc
1636 3349 1968 3404 commigrantium
2014 3347 2115 3386 mul-

1282 3406 1451 3447 titudine
1479 3413 1520 3447 et
1552 3406 1691 3460 opibus
1710 3412 1838 3445 aucta.
1875 3402 1981 3442 Ubb.
2021 3401 2116 3440 Em-

1282 3461 1380 3499 mius
1400 3461 1469 3500 Gr.
1507 3467 1584 3501 vet.
1602 3466 1695 3502 tom·
1717 3463 1755 3500 1.
1773 3457 1841 3500 lib.
1872 3460 1912 3499 2.
1929 3467 2019 3510 pag·
2047 3458 2113 3500 24.

1281 3512 1410 3568 seqq.)
