2306 3900
779 278 921 319 xxl.
985 280 1203 332 nuens,
1244 263 1381 324 cAP.
1417 271 1469 323 3.

201 395 386 451 vanam,
421 397 575 442 heum.
638 400 722 441 Vei
755 384 877 441 νῶι-ν
917 400 1085 454 ramae,

202 477 351 518 porca.
381 447 499 507 0¹70.
552 466 653 508 Fuit
672 479 897 509 commune
926 478 1080 508 nomen

203 528 368 580 Regum
397 529 711 582 AEgyptiorum,
748 543 835 571 non
872 541 997 570 secus
1029 541 1080 570 ac

202 591 385 633 Pharao.
415 593 541 633 Unde
561 605 706 633 omnes
726 594 880 647 reliqui
901 593 1079 645 AEgypti

202 654 344 707 Reges
381 656 651 707 postmodum
688 656 918 698 Ptolemaei
954 655 1082 706 dicti,

203 717 298 758 solo
336 724 620 770 cognomento
649 732 674 759 a
705 731 752 760 se
788 719 973 759 invicem
999 718 1083 757 dis-

204 779 511 822 cernebantur.
575 783 779 823 Keuchen.
851 783 1083 823 Ptolemae-

202 852 322 883 orum
338 844 589 897 genealogia
607 846 651 885 in
665 846 879 889 Strabone
893 851 939 886 et
958 858 1012 886 ex
1030 857 1083 886 eo

202 904 248 944 in
259 905 458 947 Manutio
472 907 527 947 de
546 909 736 961 quaesitis
750 921 829 962 per
843 909 1085 961 epistolam.

201 967 400 1011 sobolem.

194 1058 201 1061 -
256 1034 474 1087 Inproelio]
512 1035 582 1076 Ad
602 1036 764 1089 Ipsum.
793 1035 983 1089 Appian.
1010 1037 1083 1077 De

204 1105 256 1135 eo
273 1096 439 1148 prolixe
459 1098 719 1139 Plutarchus
738 1099 784 1139 in
802 1101 1003 1140 Demetr.

258 1160 360 1201 Pan·
380 1163 480 1201 -leto
516 1162 683 1215 affectam
716 1167 776 1203 est
810 1162 1085 1215 Lysimachus]

202 1221 301 1262 Non
322 1229 466 1264 servat
489 1228 732 1277 temporum
760 1226 956 1266 ordinem
978 1227 1086 1266 Pro-

203 1283 299 1325 bus.
356 1286 472 1326 Nam
508 1294 610 1339 post
648 1289 861 1328 Demetrii
903 1293 1086 1329 mortem

202 1347 480 1400 Lysimachus
518 1363 614 1391 cum
652 1352 834 1393 Seleuco
874 1350 1084 1392 conflixit.

200 1411 383 1453 Lambin.
438 1414 496 1453 Et
525 1413 617 1454 haec
648 1415 797 1455 ultima
829 1414 916 1455 fuit
941 1427 1086 1467 pugna

201 1487 495 1516 successorum
520 1476 777 1530 Alexandri,
807 1479 852 1518 in
871 1490 956 1531 qua
975 1478 1086 1519 occi·

202 1549 274 1578 sus
312 1542 380 1579 est
408 1539 703 1591 Lysimachus,
733 1553 846 1581 anno
887 1553 913 1581 a
944 1546 1085 1582 morte

201 1598 440 1641 Alexandri
468 1605 537 1643 42.
565 1604 708 1643 aetatis
743 1607 811 1645 ⁷3.
845 1604 1013 1657 imperii
1044 1609 1084 1646 5.

202 1662 466 1704 Kmohenius.
506 1665 622 1716 Lege
639 1666 860 1718 Excerpta
878 1678 933 1706 ex
947 1667 1084 1707 Mem·

201 1725 325 1766 nonis
353 1726 559 1767 historiis.
616 1728 860 1779 Octoginta
877 1740 1086 1770 annorum

202 1787 311 1829 facit
328 1789 624 1840 Lysimachum
658 1790 966 1843 Hieronymus,
984 1804 1082 1833 cum

203 1851 479 1892 occumberet
497 1852 540 1891 in
555 1852 705 1904 praelio
719 1853 922 1894 adversus
940 1855 1085 1895 Seleu-

202 1925 315 1955 cum.
368 1913 481 1955 Vide
512 1914 747 1956 Lucianum
779 1915 834 1956 de
865 1917 1084 1969 longaevis.

210 1975 381 2017 Vossius.

259 2039 406 2080 Filiam
433 2039 562 2092 suam]
593 2040 867 2083 Stratonicen
886 2055 941 2083 ex
958 2043 1088 2097 Phyl-

202 2102 263 2153 la,
298 2102 479 2143 alteram
521 2104 635 2143 enim
669 2117 847 2146 uxorem
882 2106 1086 2159 habebat,

203 2164 486 2206 Deidamiam.
514 2166 693 2207 Lambin.

260 2228 410 2280 eaptus
426 2228 545 2280 bello]
573 2228 704 2281 Apud
722 2230 932 2272 Galaman
950 2244 961 2271 :
990 2231 1088 2273 Jus-

203 2291 284 2332 tin.
321 2291 509 2333 Gazam:
533 2292 663 2332 Diod.
680 2293 900 2335 Plutarch.
911 2293 1086 2335 Arrian.

201 2354 430 2398 Quomodo
449 2355 708 2407 Bongarsius
725 2356 780 2396 ad
798 2357 828 2398 J
832 2358 1014 2397 ustinum
1030 2359 1089 2399 le-

202 2418 282 2471 git.
349 2419 483 2459 Putat
517 2423 660 2459 tamen
696 2431 875 2471 magnus
910 2421 1087 2462 Vossius

201 2482 420 2525 Justinmn
439 2482 660 2534 scripsisse
675 2484 887 2536 Gamalan,
904 2496 1000 2537 quae
1019 2491 1088 2526 est

202 2544 307 2585 urbs
323 2545 457 2586 Gazae
473 2545 666 2596 proxima
683 2545 728 2585 in
749 2546 954 2587 Idumaea.
974 2548 1087 2587 Kea-

205 2606 317 2647 θῆαι.
372 2606 560 2658 Deinde,
581 2619 666 2647 non
685 2606 769 2648 fuit
788 2615 939 2661 captus
961 2611 1089 2663 bello,

203 2669 280 2710 sed
298 2668 468 2722 aufugit
499 2670 681 2721 primum
704 2671 759 2711 ad
779 2677 929 2723 portas
950 2671 1082 2714 Ama·

202 2731 275 2781 ni;
301 2743 402 2771 mox
422 2743 520 2771 cum
552 2731 634 2771 sibi
661 2744 810 2773 manus
830 2733 1001 2775 adferre
1019 2747 1090 2776 co-

203 2795 403 2847 gitasset,
433 2806 459 2835 a
490 2794 575 2834 suis
606 2796 861 2847 prohibitus,
896 2800 1009 2839 ultro
1042 2811 1088 2840 se

201 2859 380 2899 Seleuco
396 2869 555 2910 genero
573 2857 752 2899 dedidit.
786 2859 943 2901 Cicero
959 2859 1089 2903 Offie.

198 2933 251 2964 11.
269 2926 311 2963 7.
336 2922 349 2945 ‘
366 2921 507 2964 Quid?
536 2921 803 2962 Macedones
834 2934 976 2964 nonne
997 2924 1083 2964 De·

199 2987 402 3029 mettium
431 2986 716 3039 reliquerunt,
747 2987 1022 3040 universique
1041 3001 1088 3031 se

200 3050 256 3091 ad
275 3049 487 3101 Pyrrhum
508 3049 785 3089 contulerunt
796 3048 823 3089 ?’
853 3049 995 3091 Lamb.

257 3113 308 3153 In
326 3111 520 3163 custodia]
547 3112 698 3152 Tradit
717 3112 992 3164 Plutarchus,
1010 3114 1088 3156 Se-

200 3176 370 3215 leucum
387 3170 618 3213 hu'manum
646 3186 692 3214 se
720 3186 772 3215 ac
802 3175 1024 3217 liberalem
1042 3178 1086 3218 in

160 3283 170 3289 ,
201 3243 375 3290 captum
395 3235 662 3275 Demetrium
693 3236 939 3289 praebuisse,
971 3251 1087 3280 eum-

201 3311 286 3353 que
304 3299 348 3338 in
372 3297 682 3338 Chersonesum
710 3297 932 3348 Syriacam
952 3301 1089 3342 misis-

199 3374 261 3414 se,
278 3367 326 3402 et
355 3372 453 3402 cum
488 3357 689 3410 rigon-osis
718 3361 969 3400 carcerariis
989 3362 1085 3413 jus·

199 3431 291 3465 tum
335 3422 591 3463 famulorum
637 3432 859 3464 numerum
897 3422 1085 3475 dedisse,

201 3485 352 3539 quibus
387 3483 583 3538 quotidie
622 3483 676 3524 ad
715 3495 785 3524 res
822 3486 1084 3528 necessarias

1917 273 2025 328 635

1142 398 1364 437 uteretur:
1395 396 1590 450 pecuniae
1607 399 1819 451 praeterea
1836 397 1922 439 vim
1956 411 2020 439 sa·

1142 458 1199 499 tis
1226 471 1422 512 magnam
1453 461 1701 502 attribuisse
1725 461 1770 502 in
1795 461 1956 503 victum
1977 468 2024 503 et

1143 521 1363 574 amictum,
1390 523 1453 562 ita
1477 528 1526 563 ut
1557 522 1808 565 facultatem
1837 525 2022 567 haberet

1145 583 1322 636 opipare
1335 590 1383 624 et
1401 585 1624 637 splendide
1644 587 1841 638 vivendi;
1861 592 2024 642 postre-

1142 659 1230 699 mo,
1265 647 1590 699 ambulationes,
1634 650 1843 701 porticus,
1878 650 2025 691 hortos

1144 722 1344 761 amoenos,
1374 722 1425 751 ac
1458 711 1591 751 saltus
1619 711 1790 765 densos,
1807 713 1852 753 in
1870 713 2024 769 quibus

1142 774 1292 814 venari
1322 779 1484 826 posset,
1513 775 1789 816 concessisse.
1842 776 1915 817 Ita
1937 776 2025 818 De-

1143 839 1341 880 metrium
1358 851 1514 892 corpus
1525 847 1818 893 exercentem,
1832 846 1879 882 et
1894 854 2026 895 appa-

1144 909 1241 945 ratu
1260 903 1378 954 regio
1405 908 1615 956 utentem,
1631 915 1755 956 aequo
1782 905 1922 944 animo
1941 904 2026 947 for-

1144 971 1291 1010 tunam
1310 966 1435 1006 initio
1460 966 1627 1018 tulisse,
1654 972 1699 1006 et
1717 967 1845 1008 beate
1863 967 2027 1007 bienni·

1143 1040 1216 1073 um
1231 1029 1404 1070 vixisse.
1443 1028 1516 1069 Ad
1532 1034 1774 1070 extremum
1792 1041 1909 1081 vero,
1927 1042 2025 1070 cum

1145 1093 1312 1134 inertiae
1341 1092 1517 1145 otioque
1550 1103 1643 1132 sese
1663 1092 1869 1144 dedisset,
1886 1104 2026 1146 neque

1147 1157 1273 1200 solito
1302 1156 1478 1197 vivendi
1503 1167 1622 1196 more
1649 1161 1864 1208 uteretur,
1890 1168 1945 1197 ex
1964 1157 2026 1197 ni-

1145 1220 1232 1260 mia
1251 1219 1465 1260 cruditate
1481 1219 1525 1259 in
1540 1219 1734 1260 morbum
1751 1219 1969 1271 incidisse,
1982 1225 2028 1261 et

1146 1283 1208 1324 ita
1226 1283 1480 1324 exstinctum
1502 1295 1609 1324 esse.
1639 1283 1691 1323 In
1712 1283 1953 1325 Demetrio.

1200 1347 1303 1388 Dolo
1319 1347 1547 1397 interfectus
1571 1346 1648 1397 est]
1677 1347 1795 1408 Lege
1822 1348 2030 1388 Pausani-

1146 1421 1214 1450 am
1234 1410 1277 1449 in
1297 1409 1435 1451 Attic.
1451 1411 1688 1463 Imperavit
1706 1423 1839 1451 annos
1855 1414 1922 1452 32.
1942 1412 2027 1452 Eu-

1145 1462 1237 1513 seb.
1259 1476 1326 1513 42.
1347 1472 1535 1525 Appian.
1552 1477 1619 1513 30.
1633 1474 1721 1515 alii.

1203 1535 1346 1587 Quem]
1376 1537 1633 1576 Ceraunum.
1691 1535 1787 1588 Ille]
1803 1535 2025 1582 Seleucus.

1146 1597 1185 1639 A
1201 1599 1331 1650 patre]
1349 1599 1588 1640 Ptolemaeo
1600 1599 1704 1650 Lagi
1722 1598 1823 1640 filio.
1854 1599 1991 1641 Lamb.

1201 1663 1422 1714 Expulsum
1433 1662 1700 1714 Alexandria]
1730 1663 1838 1705 Quoe
1854 1661 1940 1704 fuit
1957 1663 2028 1704 Ε-

1147 1726 1268 1777 gypti
1287 1726 1457 1768 celebre
1471 1726 1525 1766 ab
1538 1728 1652 1767 omni
1670 1740 1763 1767 aevo
1776 1727 2029 1780 emporium.

1146 1788 1351 1839 Magnam
1369 1790 1644 1841 cognominat
1667 1790 1868 1832 Galenus.
1914 1790 2028 1832 Haec

1146 1851 1265 1903 prius
1280 1849 1476 1900 Ῥακάστη
1495 1857 1661 1905 vocata.
1680 1853 1918 1895 cedrenus.
1946 1854 2032 1894 Ra-

1147 1914 1282 1953 cotis:
1314 1915 1427 1955 Plin.
1445 1915 1651 1967 Stephan.
1668 1916 1852 1957 Pausan.
1894 1917 2028 1970 Apud

1145 1977 1402 2017 Strabonem
1432 1978 1612 2019 ‘Paaeccssms
1631 1991 1732 2031 pars
1754 1979 2027 2022 Alexandria

1146 2046 1229 2090 est,
1249 2039 1352 2079 olim
1371 2040 1507 2080 vicus.
1527 2051 1643 2080 xvu.
1674 2040 1792 2081 Urbs
1812 2041 2029 2083 Λεοντόπο.

1145 2110 1209 2143 λις
1237 2104 1280 2143 in
1300 2104 1497 2144 Eustath.
1528 2117 1652 2158 quam
1679 2117 1758 2157 per
1776 2107 2030 2150 excellenti-

1148 2179 1216 2207 am
1229 2166 1343 2207 πόλιν
1359 2168 1459 2207 olim
1473 2169 1763 2220 appellavere,
1779 2174 1827 2210 ut
1847 2171 2030 2212 Romani

1148 2229 1325 2269 Romam
1344 2242 1478 2281 suam,
1502 2229 1679 2271 Urbem.
1734 2231 1832 2273 Quo
1863 2231 2030 2274 faciunt

1149 2297 1344 2345 augustae
1364 2293 1450 2332 illae
1469 2292 1674 2343 ἐπωνυμίαι
1705 2294 1749 2334 in
1773 2295 1920 2336 Rebus
1941 2296 2029 2337 Ro-

1147 2355 1312 2404 mani83
1340 2353 1541 2404 Σεβάστη,
1559 2356 1719 2406 Ἰουλία,
1741 2356 1928 2411 Κλαυδία,
1952 2364 2029 2399 Δο-

1145 2417 1314 2470 μιτιανὴ,
1325 2417 1608 2472 Ἀλεξυντηρία,
1621 2426 1668 2461 et
1682 2427 1897 2462 sexcentae
1918 2422 2030 2474 aliae,

1148 2493 1327 2534 quarum
1346 2480 1588 2522 foecundam
1602 2483 1724 2523 nobis
1740 2496 1920 2525 messem
1933 2497 2032 2526 con-

1149 2544 1638 2597 gessitIncomparabilis
1650 2547 1722 2587 ille
1730 2548 2031 2602 Geographus.

1148 2608 1324 2650 Quanta
1346 2615 1489 2649 autem
1520 2610 1623 2649 urbs
1651 2609 1798 2662 fuerit,
1815 2613 1914 2653 vide
1940 2626 2029 2666 prae

1147 2671 1323 2724 reliquis
1343 2672 1457 2724 apud
1477 2673 1651 2713 Tatium
1677 2673 2034 2728 Alexandrinum,

1146 2734 1222 2775 lib.
1242 2746 1285 2775 v.
1313 2737 1397 2775 Τῶν
1414 2736 1514 2776 κατὰ
1546 2740 1823 2789 Κλειτοφῶντα
1846 2739 1914 2780 καὶ
1928 2746 2025 2781 Λευ·

1149 2795 1306 2846 κίππην·
1335 2798 1560 2839 Philonem
1593 2802 1637 2840 in
1662 2802 1891 2855 Flaccum3
1919 2810 1967 2845 ut
1985 2811 2029 2845 et

1147 2861 1327 2913 Tyrium
1347 2861 1460 2901 Belli
1479 2863 1598 2903 Sacr.
1619 2867 1687 2904 27.
1717 2867 1983 2910 Kenchenius.

1204 2925 1424 2976 Expulsum
1456 2925 1722 2979 Alexandria]
1769 2929 1822 2969 Iu
1861 2930 2029 2974 Gifanii

1148 2988 1424 3040 membranis,
1441 2988 1704 3031 Alexandrea.
1759 2993 1884 3035 Quod
1900 2999 1945 3035 et
1965 2995 2030 3048 ip-

1149 3062 1195 3091 se
1214 3051 1441 3108 vestigium
1471 3053 1740 3107 antiquitatis
1761 3057 1967 3109 agnoscit,
1985 3058 2030 3099 in

1148 3117 1235 3154 vet.
1271 3112 1381 3154 libro
1415 3126 1678 3167 expressum.
1754 3118 1827 3157 Sic
1863 3119 2030 3160 Decelaea

1148 3189 1227 3230 pro
1262 3179 1459 3228 Decelia,
1493 3178 1547 3218 de
1576 3192 1658 3232 qua
1693 3192 1771 3220 nos
1810 3182 1934 3234 plura
1967 3184 2025 3225 ad

1149 3240 1416 3281 Frontinum.
1446 3241 1571 3280 Idem.

1203 3302 1292 3352 Ipse
1309 3307 1438 3342 autem
1455 3303 1701 3352 Ptolemoeus,
1715 3316 1801 3344 eum
1819 3306 2029 3361 vivus-filio

1145 3375 1310 3414 regnam
1328 3363 1575 3417 tradidisset]
1602 3365 1764 3407 Rarum
1784 3372 2028 3423 exemplum

1146 3425 1229 3465 illis
1248 3426 1528 3478 temporibus.
1583 3429 1695 3470 Nam
1724 3435 1770 3472 et
1797 3438 1924 3485 pater
1952 3435 2031 3477 flli-

1148 3499 1233 3539 um,
1251 3492 1298 3529 et
1311 3486 1422 3530 filius
1441 3494 1621 3545 patrem,
1636 3497 1683 3533 et
1694 3491 1832 3536 frater
1847 3495 2026 3539 fratrem
