2306 3900
377 234 486 288 650

378 367 464 408 duo
481 371 707 419 antequam
725 364 778 405 ad
797 364 1053 406 Rhodanum
1074 365 1257 407 venisset

376 430 542 482 Scipio,
572 429 804 469 transierat
834 427 991 470 flumen
1025 428 1259 482 Hannibal,

378 497 489 534 teste
508 491 711 543 Polybio,
729 491 850 544 cujus
868 492 960 533 haec
978 492 1112 533 verba
1130 498 1229 533 sunt
1243 507 1256 534 ε

376 555 435 594 Οὐ
451 553 544 604 μὴν,
559 553 664 595 ἀλλὰ
674 553 850 596 Πόπλιος
858 554 932 604 μὲν
943 556 965 595 ὖ
977 557 1058 597 τῶν
1068 555 1261 607 Ῥωμαίων

374 617 615 670 πρατηγὸς,
656 617 814 670 ἡμέραις
844 618 1006 673 ὕπερον
1037 619 1148 673 τρισὶ
1185 622 1261 669 τῆς

375 681 574 734 ἀναζυγῆς
605 685 678 732 τῆς
706 683 982 736 Καρχηδονίων
997 683 1259 738 παραγενόμε-

374 761 439 787 νος
470 745 537 786 ἐπὶ
565 745 640 794 τὴν
666 748 740 788 τοῦ
768 749 943 798 ποταμοῦ
972 746 1167 799 διάβασιν,
1194 746 1260 788 καὶ

374 811 613 857 καταλαβὼν
637 810 861 863 ὡρμηκότας
884 809 976 851 τοὺς
1000 809 1260 864 ὑπεναντίους,

374 873 545 925 ἐξενίσθη
574 873 647 925 μὲν
674 875 725 915 ὣς
753 873 954 925 ἐνδέχεται
969 873 1159 924 μάλιστα·
1188 889 1258 914 πε-

373 936 579 988 πεισμένος
596 936 685 978 οὗδέ
699 938 784 978 ποτ’
816 938 865 978 ἂν
894 935 1034 978 αὐτοὺς
1059 939 1258 988 τολμῆσαι

373 1003 468 1055 τῇδε
479 1000 713 1050 ποιήσασθαι
728 999 804 1049 τὴν
821 999 874 1040 εἷς
897 998 1073 1040 Ἰταλίαν
1087 999 1257 1052 πορείαν,

374 1064 436 1106 διὰ
469 1063 518 1106 τὸ
549 1065 708 1113 πλῆθος.
792 1064 916 1104 Titus
955 1063 1131 1104 Livius:
1171 1063 1185 1086 ‘
1204 1063 1257 1104 P.

374 1128 598 1170 Cornelius
618 1128 716 1169 Cos.
742 1126 885 1168 triduo
913 1125 1008 1167 fere
1028 1132 1256 1180 postquam

374 1192 593 1233 Hannibal
641 1191 697 1232 ab
734 1191 829 1244 ripa
868 1190 1065 1231 Rhodani
1107 1190 1257 1243 movit,

374 1257 587 1310 quadrato
619 1255 787 1307 agmine
819 1254 873 1295 ad
904 1259 1047 1295 castra
1070 1253 1256 1294 hostium

374 1326 569 1372 venerat,
618 1321 776 1361 nullam
823 1318 1053 1359 dimicandi
1094 1330 1254 1358 moram

373 1383 583 1425 facturus.
641 1385 856 1424 Caeterum
877 1382 949 1422 ubi
970 1381 1142 1422 deserta
1165 1393 1255 1422 mu-

375 1449 570 1489 nimenta
587 1448 720 1498 videt,
739 1447 794 1486 ad
813 1457 929 1486 mare
950 1446 1003 1485 ad
1024 1445 1170 1486 naveis
1190 1458 1256 1486 re-

372 1511 483 1560 diit3
533 1511 669 1551 tutius
699 1509 955 1563 faciliusque
983 1510 1046 1551 ita
1075 1511 1254 1551 descen-

370 1574 493 1614 denti
521 1574 575 1614 ab
605 1573 788 1626 Alpibus
807 1573 1040 1614 Hannibali
1059 1585 1255 1614 occursu·

371 1636 473 1679 rus!
517 1637 698 1678 Lambin.
753 1636 920 1677 Auctor
939 1637 989 1688 is,
1007 1637 1080 1689 qui
1098 1636 1255 1677 librum

370 1701 427 1742 de
456 1701 571 1741 Viris
599 1700 846 1741 Illustribus
871 1699 1138 1752 conscripsit,
1166 1704 1254 1740 tra-

370 1765 437 1806 dit
456 1765 571 1816 apud
595 1764 806 1815 Ticinum,
833 1763 906 1815 qui
930 1762 1087 1803 Galliae
1118 1762 1254 1804 Cisal-

370 1829 485 1880 pinae
513 1826 685 1879 fluvius,
710 1839 807 1868 eum
835 1827 888 1868 P.
920 1827 1121 1879 Scipione
1150 1839 1251 1867 con-

369 1889 532 1931 flixisse
565 1891 870 1931 Hannibalem.
925 1891 1023 1933 Quo
1054 1897 1252 1944 tempore

369 1953 426 1994 de
443 1954 646 2007 Scipione
666 1959 810 1994 actum
836 1952 1004 2005 fuisset,
1022 1953 1067 1994 ni
1084 1953 1252 2005 pericli-

369 2022 535 2059 tantem
555 2024 720 2070 patrem
737 2021 949 2058 servasset
970 2021 1252 2069 praetextatus

371 2080 601 2121 admodum
632 2079 758 2120 filius.
811 2078 949 2132 Atqui
978 2079 1048 2120 hic
1079 2079 1251 2133 quidem

372 2143 498 2195 primi
528 2144 714 2195 impetus
747 2142 891 2193 turbo,
923 2142 997 2196 qui
1026 2143 1140 2183 inter
1165 2142 1250 2182 Pa·

371 2207 473 2247 dum
493 2213 539 2247 et
556 2207 750 2248 Ticinum
768 2206 910 2247 valido
943 2205 1112 2259 fragore
1130 2206 1252 2246 deto-

373 2270 482 2311 nuit.
536 2270 705 2309 Florus.

430 2336 532 2374 Cum
557 2333 629 2374 Ιιοο
647 2334 778 2373 eodem
793 2333 842 2372 de
860 2331 1071 2383 Clastidio]
1124 2333 1250 2375 Quod

371 2397 579 2451 oppidum
623 2402 690 2437 est
727 2396 910 2449 Polybio
955 2401 1001 2437 et
1034 2396 1250 2438 Straboni.

373 2461 505 2514 Apud
526 2461 688 2501 Livium
709 2467 790 2511 est,
818 2473 903 2501 uno
934 2460 979 2501 in
1006 2461 1103 2502 loco
1124 2461 1253 2514 Ligu-

370 2536 480 2576 rum,
496 2524 633 2564 altero
652 2523 888 2564 Gallorum.
919 2523 1127 2566 Ortelius.
1166 2524 1251 2565 Sed

372 2598 459 2628 non
478 2586 650 2627 videtur
668 2586 767 2626 huic
787 2586 881 2627 voci
913 2586 984 2626 hic
1003 2586 1123 2626 locus
1142 2597 1252 2628 esse.

372 2651 486 2692 Nam
519 2651 719 2702 primum,
745 2649 848 2702 quid
879 2654 961 2700 est,
987 2650 999 2672 ‘
1021 2649 1137 2700 apud
1170 2649 1252 2690 Pa-

369 2714 474 2755 dum
506 2714 718 2755 Clastidio
751 2712 945 2753 decernit
959 2710 989 2751 θ’
1039 2712 1101 2752 sic
1138 2713 1253 2754 enim

371 2777 533 2819 habent
561 2787 708 2817 omnes
746 2775 848 2815 libri
879 2775 1070 2828 vulgati:
1111 2785 1252 2815 nonne

373 2841 477 2882 satis
497 2845 564 2881 est
582 2839 759 2890 dixisse,
773 2839 874 2891 apud
887 2838 1042 2879 Padum
1054 2838 1228 2879 decernit
1235 2851 1253 2886 ,-

373 2902 732 2958 quemadmodum
775 2913 908 2954 supra
941 2901 1067 2954 dixit,
1105 2902 1118 2926 ‘
1138 2902 1251 2954 apud

373 2966 664 3017 Rhodanum3’
693 2964 818 3017 infra,
845 2965 858 2988 ‘
879 2965 994 3018 apud
1010 2966 1208 3008 Trebiam
1221 2967 1251 3008 ?'

373 3029 605 3079 Putabam,
625 3029 660 3068 si
680 3028 773 3069 haec
793 3040 876 3069 vox
893 3039 978 3068 uon
997 3034 1065 3069 est
1080 3029 1252 3070 aliunde

372 3092 593 3133 inculcata
629 3090 764 3144 (quod
797 3091 899 3132 mihi
925 3089 977 3131 fit
1003 3091 1252 3143 verisimile,

372 3156 558 3209 ideoque
590 3154 816 3195 delendam
847 3151 1056 3205 arbitror)
1091 3154 1252 3208 aliquid

372 3217 536 3271 deesse,
554 3224 599 3259 et
617 3216 862 3270 legendum,
876 3228 953 3258 non
969 3218 1083 3268 longe
1099 3230 1124 3257 α
1144 3218 1252 3258 Clas-

372 3279 486 3320 tidio.
543 3281 655 3321 Nam
687 3280 832 3321 Livius
865 3278 1014 3331 tradit,
1033 3279 1252 3321 Hanniba-

376 3341 458 3381 lem
491 3343 638 3382 statim
671 3349 769 3395 post
805 3343 917 3383 illam
962 3354 1165 3396 pugnam,
1196 3343 1250 3384 ad

373 3404 626 3446 Clastidium
646 3406 802 3457 vicum,
826 3419 909 3459 quo
941 3415 1134 3458 magnam
1167 3407 1250 3446 vim

328 3512 330 3515 ⁵
373 3466 578 3510 frumenti
600 3466 781 3507 Romani
803 3473 1125 3519 congesserant,
1155 3480 1250 3520 par-

1134 3567 1181 3583 Ι,

759 245 938 286 NOTAE
980 245 1313 288 VARIORUM
1357 248 1421 288 IN
1465 250 1518 289 G.
1558 248 1821 290 NEPOTIS

1319 372 1406 408 tem
1438 369 1503 409 sui
1536 369 1751 412 exercitus
1780 369 1962 422 misisse,
1978 370 2200 425 qnod-iuo-

1318 431 1390 483 pia
1401 429 1603 474 frumenti
1616 432 1833 475 laboraret
1846 445 1860 482 ς
1880 432 2086 486 brevique
2101 440 2201 487 post

1318 497 1533 546 tempore,
1552 495 1735 536 nummis
1758 496 1900 536 aureis
1915 495 2201 550 quadringen-

1319 557 1376 598 tis
1406 558 1458 598 P.
1489 559 1747 600 Brundisino
1787 559 1976 612 praesidii
2019 559 2203 612 pmfec-

1319 626 1364 661 to
1409 627 1632 674 corrupto,
1677 623 1912 664 Hannibali
1947 623 2199 665 Clastidium

1318 694 1416 724 esse
1451 685 1672 726 traditum.
1712 686 1894 728 Lambini.
1950 685 2077 729 Quod
2113 687 2200 740 pri-

1318 759 1432 787 mum
1468 746 1553 788 fuit
1582 748 1796 800 Scipionis
1826 761 1925 791 cum
1954 749 2198 790 Hannibale

1319 809 1534 861 praelium.
1589 811 1751 853 Livius.
1906 846 1911 851 .

1369 871 1557 913 Smoeium
1574 873 1664 914 inde
1690 885 1737 914 ec
1759 873 1968 926 fugatam
2022 874 2197 915 Livius:

1318 934 1332 958 ‘
1354 934 1573 990 Auxitque
1593 949 1795 990 pavorem
1817 939 2015 979 Consulis
2031 939 2200 989 vulnus,

1319 999 1640 1053 periculumque
1656 1001 1898 1042 intercursu
1912 1006 2003 1041 tum
2017 1001 2200 1053 primum

1317 1062 1594 1116 pubescentis
1620 1063 1698 1104 filii
1724 1063 2050 1117 propulsatum!
2104 1062 2202 1106 Flo-

1317 1137 1389 1166 rus
1418 1127 1644 1180 Epitoma:
1684 1128 1698 1151 ‘
1716 1128 1838 1169 Tunc
1857 1128 2060 1182 Scipione
2089 1127 2199 1170 duce

1316 1189 1437 1232 fusus
1469 1192 1700 1244 exercitus,
1729 1192 1898 1233 saucius
1941 1192 2075 1232 etiam
2107 1192 2203 1244 ipse

1317 1254 1507 1295 venisset
1521 1254 1565 1296 in
1584 1267 1732 1296 manus
1751 1256 1933 1296 hostium
1948 1255 2202 1308 imperator,

1315 1317 1399 1358 nisi
1431 1323 1676 1371 protectum
1709 1324 1876 1372 patrem
1917 1323 2200 1372 praetextatus

1315 1380 1543 1422 admodum
1561 1381 1671 1423 filius
1690 1383 1747 1424 ab
1774 1384 1867 1436 ipsa
1881 1388 2018 1424 morte
2038 1384 2202 1436 rapuis-

1317 1445 1416 1487 set.’
1460 1447 1641 1489 Lambin.
1697 1447 1910 1488 Caeterum
1927 1445 2093 1486 fallitur
2111 1457 2201 1486 me-

1316 1510 1451 1550 moria
1490 1510 1672 1561 Plinius,
1704 1510 1805 1550 dum
1844 1510 1958 1562 apud
1999 1508 2198 1549 Trebiam

1316 1572 1410 1612 haec
1439 1573 1647 1614 accidisse
1680 1574 1846 1625 scribit,
1888 1571 2003 1627 quod
2048 1578 2200 1613 contra

1316 1634 1496 1675 aliorum
1515 1634 1660 1677 fidem.
1714 1637 1810 1676 Nec
1829 1641 1997 1688 patrem
2017 1634 2128 1676 filius
2144 1635 2199 1675 ab

1315 1697 1410 1750 ipsa
1427 1704 1565 1739 morte
1580 1699 1797 1751 liberavit,
1811 1704 1860 1739 ut
1878 1698 2014 1740 tradit
2030 1699 2202 1750 Florus,

1317 1761 1395 1801 sed
1425 1773 1575 1802 servus
1610 1762 1800 1814 quidam,
1831 1759 1888 1801 de
1933 1772 2019 1814 quo
2050 1771 2199 1801 verum

1317 1837 1412 1866 esse
1443 1825 1574 1866 filiale
1605 1825 1712 1866 illud
1755 1824 2054 1879 patrocinium,
2088 1822 2202 1866 fama

1316 1888 1517 1930 obtinuit.
1529 1899 1532 1903 ’
1545 1890 1746 1931 Kenchen.

1373 1953 1435 1994 Τι’.
1453 1952 1608 2005 Longo]
1663 1953 1716 1994 Id
1735 1957 1820 2004 est,
1841 1952 2015 1994 Tiberio
2034 1952 2200 2004 Longo.

1315 2017 1388 2058 Sic
1406 2023 1548 2058 autem
1566 2017 1793 2071 legendum
1811 2030 1824 2066 ;
1865 2028 1966 2068 non,
1986 2021 2037 2057 ut
2055 2016 2198 2068 vulgo,

1314 2082 1417 2122 Tito
1437 2082 1604 2134 Longo.
1660 2081 1732 2122 lta
1760 2093 1856 2122 eum
1885 2080 2091 2134 Polybius
2122 2091 2198 2120 no·

1314 2143 1465 2195 minat,
1482 2145 1672 2198 itemque
1690 2143 1732 2184 in
1751 2143 1890 2185 Fastis
1902 2143 2108 2184 Tiberius
2122 2153 2197 2195 ap-

1315 2210 1529 2262 pellatur:

1397 2282 1584 2313 eentvm
1612 2281 1826 2313 Pvmcvu
1856 2278 2114 2311 sscvnnvm.

1351 2346 1393 2375 ι».
1417 2345 1684 2376 οοιιΝΕιινε.
1713 2345 1754 2375 1..
1783 2345 1824 2374 F.
1853 2344 1894 2374 ε..
1923 2343 1969 2374 u.
1995 2340 2158 2374 semo.

1452 2409 1515 2440 τι.
1543 2407 1835 2440 εΕΜιηιοΝινε
1866 2406 2055 2437 nonovs.

1315 2459 1445 2515 Apud
1481 2460 1647 2502 Livium
1680 2466 1823 2500 tamen
1851 2460 1975 2500 Titus
2018 2457 2196 2509 dicitur,

1313 2525 1392 2566 sed
1410 2525 1628 2565 mendose.
1655 2523 1836 2565 Lambin.
1890 2522 1979 2564 Hic
1994 2522 2193 2564 Tiberius

1314 2587 1593 2640 Sempronius
1613 2587 1784 2639 Longus
1798 2585 1922 2626 initio
1939 2585 2043 2626 belli
2061 2585 2194 2626 Puni-

1315 2651 1358 2691 ci
1377 2650 1557 2691 secundi
1575 2651 1676 2691 Cos.
1695 2661 1792 2691 cum
1811 2648 1866 2690 P.
1887 2647 2087 2690 Cornelio
2099 2646 2194 2689 Sci-

1315 2714 1442 2767 pione
1459 2712 1666 2756 conflixit.
1707 2712 1861 2754 Schott.
1917 2711 2058 2766 Atque
2077 2711 2192 2753 idem

1315 2776 1472 2817 Consul
1501 2787 1557 2817 ex
1587 2775 1732 2816 Sicilia
1764 2774 1999 2816 accersitus
2029 2771 2129 2826 fuit,
2145 2780 2195 2814 ut

1314 2839 1400 2881 duo
1414 2839 1634 2880 exercitus
1646 2838 1953 2891 jungerentur.
1981 2836 2168 2877 Maestum.

1367 2902 1487 2954 Apud
1531 2900 1730 2954 Trebiam]
1785 2899 1873 2940 Alii
1915 2897 2193 2940 Contrebiam

1314 2971 1483 3007 vocant.
1535 2963 1742 3016 Virgilius
1759 2961 1926 3003 AEneid.
1955 2971 2038 3003 vn.
2093 2961 2194 3002 Mu-

1314 3033 1480 3070 tuscam
1493 3027 1710 3079 indigitat.
1738 3025 1826 3065 Ubi
1840 3024 2035 3066 Serviust
2054 3025 2067 3048 ‘
2081 3023 2193 3066 Haec

1313 3090 1468 3132 Trebia
1485 3096 1637 3143 postea
1664 3088 1782 3130 dicta
1812 3093 1894 3140 est,
1915 3099 2040 3142 quam
2069 3085 2195 3128 modo

1312 3153 1531 3194 Tribulam
1559 3152 1738 3203 dieunt;
1777 3151 1891 3205 apud
1918 3162 2042 3205 quam
2059 3149 2193 3191 Anni·

1314 3217 1383 3259 bal
1401 3217 1563 3258 delevit
1581 3218 1785 3270 populum
1806 3217 2068 3257 Romanum.’

1373 3281 1567 3335 Uti-osque
1581 3280 1833 3335 profligavit]
1861 3279 1905 3320 Si
1920 3278 2048 3319 modo
2064 3277 2193 3319 inter-

1315 3343 1446 3386 fuerit
1462 3345 1614 3399 praelio
1637 3344 1701 3385 illi
1727 3342 1898 3396 Scipio;
1924 3345 1974 3381 ut
1993 3341 2066 3393 qui
2087 3352 2191 3381 non·

1315 3407 1413 3447 dum
1434 3408 1538 3448 satis
1555 3407 1701 3447 firmus
1730 3410 1824 3445 erat
1854 3415 1910 3443 ex
1943 3403 2189 3444 vulneribus

1315 3470 1533 3523 superiore
1567 3468 1713 3522 praelio
1758 3466 1961 3518 acceptis.
2033 3467 2189 3519 Neque
