2306 3900
713 249 932 288 RERUM
977 249 1051 288 ET
1097 249 1127 286 V
1140 249 1459 290 ERRORUM.

185 400 187 402 .
227 383 333 411 mum
351 376 564 418 revocatur,
595 370 692 411 ibid.
735 371 912 411 fraternis
945 373 1047 412 cala·

227 426 427 465 mitatibus
456 423 664 465 involvitur
689 423 798 471 xxiii,
817 429 844 464 8
883 425 969 476 ejus
988 427 1047 465 in-

186 506 187 509 ,
227 479 377 526 teritus,
395 479 492 518 ibid.

174 529 397 583 Majestasz
423 543 586 584 quorum
603 529 754 582 imperii
782 529 965 581 majestas
998 533 1048 571 ab

224 585 302 624 hoc
320 584 431 624 initio
450 584 628 637 perculsa
651 583 797 622 cecidit
823 583 901 629 xvi,
921 588 947 624 2
975 585 1049 637 (de

226 651 377 678 summo
394 637 584 690 imperio,
597 637 703 688 quod
722 649 844 688 penes
862 636 1048 677 Lacedae·

227 691 378 731 monios
396 697 438 731 et
456 698 554 730 terra
570 698 612 729 et
629 690 724 728 mari
741 695 836 729 erat.
865 691 971 729 conf.
990 691 1047 738 iii,

224 747 266 784 2.
305 743 427 784 alibi:
457 743 841 783 Lacedaemoniorum
873 744 1049 796 tyrannis

228 810 294 844 xv,
312 797 360 850 6)
948 827 951 830 ,

173 849 285 890 Male
302 863 381 890 rem
398 863 531 903 gerere
548 848 778 902 (infeliciter
797 849 997 903 pugnare)
1020 850 1049 897 i,

208 907 268 944 ⁷8.
294 905 388 951 xxii,
409 909 446 944 1.
474 904 526 950 xi,
543 907 565 942 1
596 902 688 942 Sic:
718 903 819 943 male
846 905 966 956 gestis
989 917 1050 943 re-

225 957 300 996 bus
327 957 394 1005 vii,
430 962 455 998 5
500 955 655 1009 (Livius
691 956 758 995 lib.
795 960 832 996 1.
868 957 1049 1009 opponit,

227 1015 240 1034 ‘
260 1011 360 1051 bene
387 1023 467 1050 rem
497 1009 654 1062 gerere,'
681 1008 846 1049 feliciter
863 1022 1050 1062 pugnare.

226 1063 382 1116 Vorst.)
421 1063 521 1102 male
542 1062 668 1115 accipi
699 1062 869 1116 (fugari)
896 1063 1003 1112 xviii,
1021 1068 1048 1105 8

227 1118 330 1157 male
347 1116 481 1156 audire
508 1130 548 1163 x,
565 1119 590 1156 7

171 1169 364 1210 Maledici
380 1182 462 1208 non
479 1169 622 1208 desunt
631 1169 780 1221 magnis
794 1168 883 1208 viris
910 1167 1005 1216 xxii,
1022 1173 1047 1210 3

224 1223 616 1263 maledicentissimus
633 1223 837 1262 historicus
864 1222 934 1270 vii,
954 1227 1003 1263 11

172 1275 395 1316 Maleficam
412 1283 589 1316 naturam
615 1276 659 1315 in
689 1289 849 1327 corpore
877 1275 1052 1316 nancisci

225 1330 301 1382 (de
327 1342 452 1369 errore
479 1342 526 1370 ac
559 1328 803 1368 deformitate
833 1335 980 1368 naturae
1008 1330 1051 1368 in

215 1382 546 1476 memvusffffivggns
572 1382 914 1475 fssssp⁰3vi¹21³biff
922 1388 1050 1486 1¹:¹33ss

531 1465 543 1483 ‚
658 1462 670 1474 .
814 1462 824 1473 .
1039 1462 1050 1474 .

225 1488 339 1536 dixit,
378 1495 562 1528 naturam.
587 1488 797 1528 difficilem.
852 1493 864 1510 ‘
883 1487 926 1527 Si
955 1489 1051 1528 mihi

224 1542 393 1582 difficilis
409 1542 571 1582 formam
590 1547 728 1581 natura
746 1541 942 1595 negavit’)

173 1595 298 1636 Malle
313 1611 325 1635 2
353 1596 484 1648 potius
501 1596 634 1647 augeri
653 1595 786 1647 patriae
803 1607 913 1646 opes,
933 1608 1050 1647 quam

182 1684 186 1686 .
225 1650 327 1710 regis
345 1649 481 1688 maluit
505 1650 561 1696 ix,
579 1654 604 1689 6
644 1649 713 1700 qui
744 1647 895 1686 malunt
911 1661 953 1688 se
970 1661 1052 1687 me·

221 1710 301 1750 tux,
318 1716 437 1756 quam
455 1701 575 1742 amari
601 1716 641 1748 x,
658 1706 685 1742 9
714 1700 850 1740 maluit
866 1714 908 1740 se
925 1701 1050 1754 diligi,

183 1785 186 1788 -
227 1769 345 1808 quam
373 1756 496 1796 metui
522 1770 589 1802 xx,
605 1759 630 1796 3
645 1768 700 1795 ,se
731 1754 869 1806 capitis
900 1755 1051 1806 pericu-

225 1810 307 1850 lum
338 1810 444 1849 adire
478 1822 596 1862 quam
632 1810 768 1848 deesse
805 1807 882 1848 διε.
921 1808 1005 1856 xiii,
1023 1812 1050 1849 4

227 1863 289 1915 (Vc
307 1861 398 1904 infr·
423 1862 497 1916 se)

172 1916 329 1957 Malum
362 1923 564 1957 externum
598 1914 673 1968 (de
707 1914 810 1955 bello
846 1925 936 1954 cum
970 1922 1049 1954 ext.

225 1969 358 2023 gesto)
385 1970 478 2017 xxii,
495 1974 522 2011 2
561 1969 664 2008 malo
695 1982 780 2008 esse
808 1966 924 2008 alicui
956 1969 1050 2022 (no-

227 2023 336 2076 cere)
363 2023 431 2070 vii,
449 2026 475 2064 7

171 2077 374 2118 Malitiose
399 2077 528 2117 facere
555 2075 668 2130 (cum
685 2075 772 2129 quis
790 2077 908 2129 culpa
925 2089 996 2116 sua
1011 2082 1052 2116 et

229 2131 280 2170 de
298 2130 487 2170 industria
504 2143 585 2170 rem
602 2130 701 2168 male
719 2129 839 2182 gerit)
867 2129 934 2176 vii,
951 2133 977 2170 7

175 2183 416 2231 Mamercus,
432 2184 513 2222 dux
530 2182 707 2229 Italicus,
725 2183 876 2234 capitur
901 2196 966 2230 xx,
983 2186 1010 2224 2

174 2237 375 2279 Mamurra
392 2250 513 2289 eques
530 2236 664 2283 Rom..
684 2235 748 2275 Fr.
771 2240 822 2276 10

174 2291 370 2343 Manceps
396 2304 486 2337 xxv,
504 2294 532 2330 6
559 2290 649 2342 (qui
680 2301 704 2327 a
734 2288 884 2342 populo
902 2287 1051 2340 aliquid

184 2375 187 2378 Δ
229 2344 340 2391 emit,
367 2343 632 2392 conducitve;
658 2342 745 2392 ejus
780 2342 835 2382 rei
866 2341 1051 2393 quoniam

228 2397 384 2436 sublata
416 2410 535 2437 manu
569 2395 759 2436 indicium
792 2395 902 2442 facit,
931 2408 1051 2448 seque

227 2456 424 2491 auctorem
453 2450 667 2502 profitetur,
695 2455 707 2472 ⁴
727 2448 924 2500 manceps'
954 2449 1052 2488 dici-

231 2510 306 2542 tur.
323 2517 362 2541 v.
378 2503 512 2554 Sigon.
531 2504 582 2542 de
601 2502 724 2553 antiq.
737 2501 815 2552 jur.
834 2501 910 2540 civ,
930 2500 1049 2540 Rom.

229 2556 271 2603 ii,
292 2559 334 2596 4.
360 2557 451 2595 vide
470 2555 539 2594 inf.
558 2556 678 2595 Praes.
706 2554 866 2604 Boecl.)

176 2609 371 2648 Mandata
389 2622 448 2648 res
465 2608 538 2661 (de
556 2608 730 2660 negotiu,
757 2607 864 2659 quod
894 2605 981 2657 quis
1010 2606 1052 2645 in

228 2676 270 2702 se
316 2662 597 2714 procurandum
641 2659 832 2712 suscepit)
875 2673 964 2706 xxv,
1001 2663 1077 2700 15.

225 2716 395 2768 (oppon.
405 2728 490 2763 sua,
502 2714 620 2767 ibid.)
648 2712 842 2754 mandatis
857 2712 972 2752 editis
984 2726 1054 2766 per

230 2782 292 2808 me
310 2769 510 2816 conficies,
529 2768 634 2821 quod
654 2768 786 2807 studes
812 2767 865 2814 ix,
884 2769 910 2807 3

178 2823 430 2863 Mandrocles
456 2822 535 2870 xiv,
552 2827 577 2862 6

177 2876 341 2917 Manere
353 2876 580 2928 (expectare
591 2874 763 2927 hostem)
790 2873 832 2922 ii,
844 2877 872 2915 4
899 2885 1052 2913 manere

230 2930 272 2968 in
290 2929 368 2968 fide
397 2930 501 2977 xviii,
519 2933 546 2970 4
572 2929 614 2968 in
638 2929 820 2981 pactione
847 2927 939 2973 xvii,
956 2930 985 2967 2
1011 2927 1053 2966 in

231 2983 418 3023 societate
444 2983 497 3030 ix,
516 2987 542 3023 2
570 2982 612 3021 in
643 2982 772 3021 officio
805 2982 883 3034 (sc.
903 2980 996 3020 fidei
1013 2986 1055 3020 et

191 3071 193 3074 .
233 3035 432 3088 obsequii)
458 3037 567 3083 ix,3.
595 3036 742 3083 xviii,o
768 3035 938 3088 (oppon.
955 3034 1054 3074 defi-

234 3101 321 3128 cere
339 3089 389 3128 ab
406 3089 498 3141 aliq.
524 3088 580 3135 ix,
598 3093 637 3129 3.
676 3089 758 3128 vid.
786 3089 838 3127 de
866 3087 926 3126 his
944 3092 985 3126 et
1003 3087 1054 3126 si·

231 3140 353 3180 milib.
370 3141 542 3181 formulis
560 3141 697 3182 Pricae.
725 3143 776 3181 ad
793 3140 956 3194 Apulei.
971 3140 1054 3179 Mi-

232 3195 304 3235 les.
331 3198 370 3236 2.
396 3207 488 3247 pag.
510 3197 603 3235 110.
622 3201 664 3233 et
680 3194 854 3234 Gronov.
872 3194 923 3234 ad
942 3193 1057 3233 Statii

228 3247 354 3288 Theb.
380 3246 434 3294 vi,
453 3251 548 3288 630.
574 3246 705 3287 Greci
729 3248 866 3287 dicunt
884 3244 1056 3296 ἐμμένειν

233 3303 322 3343 ταῖς
366 3299 574 3351 διαθήκαις,
620 3312 719 3352 quos
753 3299 883 3339 latini
915 3299 1057 3338 imitati

236 3355 429 3395 videntur.
483 3353 587 3393 Nam
615 3353 755 3393 eodem
779 3353 899 3392 modo
917 3351 1055 3393 Cicero

238 3419 308 3457 pro
326 3409 444 3448 domo
462 3420 556 3447 sua:
586 3412 597 3431 ‘
618 3407 659 3445 in
688 3406 767 3446 fide
794 3404 978 3452 manere,'
1004 3405 1055 3444 ad

234 3459 356 3501 Attic.
385 3461 451 3508 vii,
472 3465 519 3503 1⁶
551 3468 561 3485 ⁸
581 3461 622 3500 in
636 3458 861 3502 conditione
874 3458 1058 3500 manere)

1850 239 1990 292 xciii

1161 371 1292 411 Caesar
1309 371 1358 411 Β.
1377 371 1430 411 G.
1451 375 1487 414 1.
1514 376 1528 396 ‘
1548 372 1589 411 in
1617 384 1681 419 eo,
1705 372 1816 424 quod
1843 383 1986 413 conve-

1161 425 1235 472 nit,
1277 425 1458 464 maner-ed
1493 425 1626 465 Livius
1668 438 1780 472 xxm,
1811 429 1864 466 12
1909 432 1921 450 ‘
1945 428 1986 466 in

1162 478 1351 518 societate
1387 478 1568 518 Romana
1613 478 1793 518 manere.’
1848 479 1988 520 1³0&ae

1163 531 1349 570 omittunt
1378 531 1704 584 praepositionem.
1748 531 1812 571 Sic
1847 531 1988 586 virgil.

1121 614 1125 618 .
1162 583 1325 623 AEneid.
1361 588 1389 624 2
1415 590 1428 607 ·
1449 592 1490 624 tu
1525 586 1642 623 modo
1678 583 1877 636 promissis
1903 599 1988 625 ma-

1162 636 1284 676 neas.’
1310 636 1466 690 Vorst.)
1518 643 1651 677 manet
1683 637 1853 677 amicitia
1887 639 1989 679 inter

1167 701 1234 728 eos
1254 689 1405 742 (durat,
1433 690 1608 743 constat)
1635 690 1715 736 xxi,
1733 694 1758 730 3
1786 691 1877 732 Sic:
1907 705 1988 733 me-

1162 742 1284 781 moria
1319 743 1447 782 laudis
1482 750 1613 784 manet
1645 744 1729 791 xiii,
1762 747 1789 784 2
1833 738 1989 786 manere

1162 794 1310 849 (ratum
1327 795 1435 848 esse)
1462 796 1530 844 vii,
1552 801 1604 838 10

1108 844 1172 886 Μ.
1186 849 1379 896 Manlius,
1398 849 1462 889 Fr.
1481 853 1504 890 1

1110 901 1321 942 Mantinea
1339 903 1451 956 (urbs
1470 902 1638 956 Arcad.)
1665 915 1730 951 xv,
1747 907 1776 944 9

1110 953 1314 995 Manubiae
1342 969 1381 1005 v,
1402 960 1429 997 2
1456 956 1663 1009 (praedam,
1683 958 1764 996 sive
1783 958 1990 1010 pecuniam

1161 1021 1210 1047 ex
1237 1010 1369 1060 praeda
1398 1010 1595 1050 redactam
1623 1010 1789 1063 intelligi
1818 1013 1992 1054 ostendit

1162 1061 1267 1102 Gell.
1294 1061 1379 1110 xiii,
1394 1066 1461 1103 23.
1489 1063 1652 1115 Boecl.)

1109 1112 1285 1155 Manus:
1315 1129 1386 1154 sua
1417 1129 1534 1156 manu
1565 1116 1733 1169 scripsit,
1760 1130 1812 1158 ne
1838 1119 1991 1160 timeret

1162 1181 1251 1216 xxv,
1273 1172 1325 1209 10
1366 1169 1535 1221 aliquem
1570 1170 1620 1209 ad
1657 1183 1814 1210 manum
1847 1173 1990 1213 habere

1165 1221 1403 1274 (ministerio
1417 1222 1581 1275 alicujus
1597 1222 1674 1276 uti)
1689 1225 1826 1272 xviii,l
1850 1225 1992 1278 (Locc-

1164 1275 1286 1315 indic.
1323 1275 1510 1329 philolog.
1542 1277 1705 1328 exponit
1742 1283 1754 1301 ‘
1775 1290 1991 1320 amanuen-

1164 1328 1273 1375 sem‚’
1301 1342 1371 1368 seu
1398 1335 1410 1352 ¹
1430 1329 1652 1377 librarium,'
1681 1330 1794 1382 cujus
1819 1331 1992 1372 ministe-

1163 1381 1220 1420 rio
1251 1381 1289 1420 in
1321 1382 1525 1422 scribendo
1542 1382 1698 1422 utimur.
1718 1384 1786 1434 qui
1803 1384 1992 1426 Suetonio

1162 1433 1204 1472 in
1223 1433 1328 1486 Aug.
1362 1437 1414 1476 67
1444 1441 1456 1458 ‘
1477 1448 1501 1474 a
1529 1435 1659 1474 manu'
1678 1436 1855 1489 dicitur).
1897 1445 1942 1478 ut
1959 1439 1993 1479 si

1164 1487 1320 1526 fortuna
1356 1487 1398 1526 in
1433 1502 1504 1527 sua
1538 1502 1654 1528 manu
1684 1495 1787 1530 esset
1821 1490 1885 1544 (in
1920 1505 1992 1532 sua

1164 1540 1380 1594 potestate)
1408 1542 1490 1590 xiii,
1509 1545 1534 1582 3
1563 1542 1648 1594 (Sic
1681 1543 1724 1582 in
1755 1544 1988 1596 quibusdam

1164 1594 1265 1636 Mss.
1296 1607 1343 1634 ac
1373 1595 1466 1634 edd.
1495 1596 1565 1635 sed
1595 1609 1668 1635 nos
1697 1597 1890 1637 edidimus
1916 1603 1929 1621 ‘
1948 1599 1991 1638 in

1124 1684 1127 1688 .
1165 1660 1236 1685 sua
1267 1647 1407 1701 navi').
1438 1661 1575 1687 manus
1593 1650 1686 1689 dare
1721 1650 1795 1703 (de
1813 1664 1991 1691 succum-

1165 1700 1367 1754 bentibus)
1395 1701 1488 1748 xxii,
1508 1705 1530 1741 1
1560 1701 1655 1755 (Est
1685 1715 1721 1741 a.
1751 1704 1950 1744 translatio
1967 1718 1993 1745 a

1124 1789 1128 1795 ,
1166 1753 1410 1804 gladiatorib.
1425 1753 1582 1806 ducta).
1617 1755 1765 1795 Manus
1783 1756 1875 1809 (pro
1892 1757 1933 1796 vi
1949 1764 1992 1797 et

1164 1806 1327 1860 armis):
1376 1819 1512 1847 manus
1548 1807 1684 1848 afferre
1719 1809 1836 1849 alicui
1875 1824 1939 1858 xx,
1965 1816 1989 1853 1

1164 1872 1282 1898 manu
1313 1873 1403 1900 eum
1433 1862 1603 1913 superari
1628 1875 1745 1913 posse
1761 1863 1992 1903 diffidebant

1160 1911 1234 1965 gvii,
1249 1917 1299 1954 10
1328 1913 1470 1967 (paulo
1481 1920 1594 1954 ante:
1621 1915 1722 1955 ferro
1732 1929 1822 1955 eum
1833 1917 1995 1969 aggredi

1166 1979 1246 2005 non
1282 1968 1493 2015 audebant,
1529 1967 1648 2020 ibid.)
1690 1982 1827 2010 manus
1858 1971 1991 2022 aliquo

1166 2020 1360 2072 porrigere
1395 2020 1470 2074 (de
1504 2022 1803 2069 extorsionibus,
1847 2024 1990 2075 quibus

1167 2074 1398 2113 exhaustum
1426 2073 1645 2114 immodicis
1679 2076 1869 2116 sumtibus
1898 2089 1992 2117 aera-

1165 2126 1262 2165 rium
1277 2126 1467 2180 repletur)
1494 2130 1567 2174 x,⁷
1596 2127 1656 2180 (v.
1674 2127 1994 2184 inf-Porrigere).

1169 2192 1325 2218 manum
1361 2193 1560 2220 conserere
1594 2181 1701 2243 <acie
1732 2184 1993 2238 contendere)

1166 2232 1245 2280 xiV,
1264 2236 1305 2273 8.
1330 2233 1438 2280 xxiii,
1455 2237 1482 2274 4
1521 2234 1642 2273 alib1:
1671 2235 1722 2274 ad
1752 2249 1909 2276 manum
1926 2250 1994 2278 ac·

1166 2286 1305 2326 cedere
1331 2286 1439 2333 xviii,
1469 2291 1495 2327 5
1540 2300 1659 2326 manu
1693 2288 1803 2328 fortis
1839 2290 1919 2337 xiv,
1952 2295 1993 2331 1.

1166 2352 1230 2386 xv,
1249 2344 1289 2380 3.
1315 2339 1396 2387 xxi,
1417 2343 1439 2379 1
1468 2340 1616 2379 Manus
1643 2340 1717 2394 (de
1745 2343 1916 2383 exercitu
1951 2350 1993 2386 et

1166 2391 1342 2446 copiis):
1382 2405 1518 2432 manus
1536 2392 1692 2434 delecta
1730 2394 1760 2442 i,
1781 2399 1820 2435 1.
1864 2396 1944 2444 xvi,
1963 2402 1990 2437 4

1166 2447 1309 2537 5:252:
1331 2458 1473 2539 1¹¹J⁸¹¹i²⁸
1487 2447 1820 2539 ssassussssssi‘ffaffffi
1850 2458 1993 2554 ἓξὲξ

1167 2551 1383 2603 cupiditate
1402 2552 1604 2603 pugnandi
1631 2553 1660 2599 i,
1679 2558 1704 2593 6
1733 2566 1890 2593 manum
1908 2556 1993 2595 col·

1169 2605 1287 2656 ligere
1314 2604 1422 2652 vii,⁷
1449 2617 1671 2656 comparare
1697 2619 1738 2653 x,
1755 2609 1783 2646 4
1810 2607 1994 2647 addimi-

1169 2658 1338 2696 candum
1356 2657 1578 2710 expeditam
1596 2659 1740 2699 babere
1766 2659 1832 2698 xiv
1837 2689 1850 2708 ,
1865 2664 1893 2702 6
1931 2661 1994 2715 (ν.

1167 2710 1408 2765 Expeditus)

1114 2764 1326 2804 Marathon
1355 2764 1539 2818 (campus
1569 2766 1682 2807 clade
1715 2767 1919 2808 Persarum
1951 2773 1994 2808 et

1167 2818 1364 2858 Miltiadis
1382 2824 1528 2871 tropum
1545 2819 1730 2874 insignis)
1757 2820 1787 2868 i,
1804 2824 1833 2862 4

1115 2871 1367 2910 Marathonia
1383 2884 1518 2925 pugna
1544 2871 1574 2920 i,
1591 2877 1632 2914 6.
1660 2873 1703 2921 ii,
1723 2877 1750 2914 2
1998 2911 2001 2913 .

1114 2924 1425 2989 Marathoniam·
1458 2932 1648 2979 tropaeum
1694 2926 1864 2980 (pugna,
1921 2941 1991 2968 seu

1114 2977 1603 3072 Μῖιῖξῖἶῗεεῗῗέἷέιὶιὲ.
1639 3033 1732 3074 cos.
1776 3032 1885 3079 xxiii,
1925 3037 1990 3074 ιε.

1168 3086 1273 3133 xxiv,
1294 3089 1316 3126 1
1360 3085 1568 3148 quinquies
1585 3085 1677 3127 Cos.
1695 3098 1761 3138 ap.
1778 3085 1995 3126 Venusiam

1168 3140 1276 3178 cadit
1300 3139 1408 3186 xxiii,
1441 3144 1466 3180 6
1541 3139 1712 3179 uomodo
1746 3143 1870 3178 morte
1905 3137 1992 3191 ejus

1168 3191 1304 3232 audita
1334 3151 1539 3232 Hannibali
1563 3205 1605 3232 se
1634 3191 1807 3245 gesserit,
1835 3196 1877 3231 et
1892 3204 1992 3245 qno-

1168 3246 1286 3284 modo
1305 3257 1444 3297 corpus
1472 3244 1558 3296 ejus
1585 3244 1771 3293 tractarit,
1789 3243 1853 3285 Fr.
1869 3247 1898 3287 9
1939 3258 1992 3287 an

1170 3297 1432 3337 Hannibalem
1450 3297 1597 3345 vicerit,
1615 3298 1712 3338 ibid.

1115 3350 1362 3398 Mardonius,
1397 3350 1484 3402 quis
1522 3350 1575 3398 iv,
1609 3354 1631 3392 1
1678 3364 1704 3391 a
1737 3363 1821 3404 quo
1851 3350 2002 3399 victus,-

1169 3403 1267 3443 ibid.
1296 3404 1422 3458 (adde
1448 3403 1507 3451 iii,
1523 3403 1573 3457 8)

1117 3457 1230 3499 Mare
1242 3456 1521 3511 Pamphylium
1537 3457 1644 3508 xxiii,
1657 3461 1683 3502 8
1710 3459 1865 3502 rubrum
1883 3457 1988 3506 xxiii,
