2306 3900
628 305 794 344 xxn.
860 302 1312 354 HAM1L0AREM,
1354 301 1490 342 cAP.
1523 288 1579 342 3.

249 424 542 477 Valentissima]
601 422 849 475 Legendum
884 419 1064 460 fortasse

186 494 269 539 est,
287 488 588 541 opulentissima.
634 487 941 526 Verumtamen
961 484 1066 524 nihil

186 558 321 593 muto.
374 549 721 591 ‘Valentissima'
755 554 897 588 autem
934 548 1066 587 inter-

184 621 350 667 pretor,
368 614 636 660 validissima,
657 625 730 653 seu
757 611 1065 664 potentissima.

189 677 371 719 Lambin-

243 741 441 781 Restituit
463 738 627 791 patriae]
668 737 767 779 Uno
811 737 959 789 praelio
992 748 1069 775 sex

187 803 370 845 hostium
401 804 585 844 millibus
621 801 877 851 interfectis,
904 799 1069 840 duobus

187 866 344 920 captis,
374 868 468 907 aliis
501 867 543 906 in
562 866 708 919 fugam
727 866 888 906 versis:
931 865 1068 905 altero

187 930 337 972 decem
357 930 540 971 millibus
558 930 698 981 caesis,
717 934 900 982 quatuor
913 928 1071 980 captis,

190 994 340 1034 decem
372 993 558 1046 fugatis:
600 994 729 1034 tertio
760 991 954 1032 omnibns
976 990 1070 1031 fere

190 1057 324 1108 copiis
343 1056 398 1096 ad
426 1057 760 1097 internecionem
794 1055 913 1096 caesis
931 1066 981 1094 ac
1000 1054 1073 1094 de·

188 1120 305 1171 letis,
323 1120 498 1173 reliquis
517 1120 571 1161 ad
603 1119 863 1160 deditionem
881 1118 1073 1171 compul-

191 1182 261 1224 sis.
289 1183 415 1223 Idem
1043 1194 1046 1198 ’

249 1245 417 1286 Tantam
452 1244 597 1297 otiam]
651 1245 830 1285 Tantam
869 1243 1074 1297 quietem,

189 1319 343 1358 pacem
363 1313 409 1348 et
428 1308 799 1362 tranquillitatem.
855 1307 927 1348 Sic
946 1318 1074 1359 supra

188 1369 235 1410 in
251 1370 542 1410 Timoleonte:
587 1371 599 1392 ‘
622 1375 789 1411 tantum
820 1369 952 1410 otium
991 1370 1074 1410 toti

187 1431 341 1472 insnlae
378 1431 656 1474 conciliavit.’
706 1431 859 1471 Cicero
888 1429 1018 1471 offic.
1038 1442 1072 1471 1.

189 1493 203 1517 ‘
224 1494 380 1547 Neque
406 1494 451 1534 in
484 1506 577 1546 rep.
606 1493 842 1547 periculum
875 1492 959 1534 fuit
978 1505 1075 1546 gra-

174 1555 285 1598 'vius
299 1568 483 1610 unquam
500 1570 583 1598 nec
614 1557 755 1608 majus
786 1555 947 1597 otium!
1002 1555 1075 1597 Ita

188 1620 314 1672 legit,
337 1632 440 1671 non,
466 1625 516 1661 ut
547 1621 690 1674 vulgo,
715 1620 862 1672 odium,
881 1619 1076 1661 doctissi-

190 1695 285 1726 mus
303 1685 524 1726 Victorius
543 1684 715 1724 Variar.
749 1695 832 1724 vu.
863 1686 930 1725 13.
962 1688 1076 1725 etex

194 1741 382 1799 antiquis
401 1747 522 1788 libris
541 1747 719 1788 Carolus
735 1746 939 1798 Longius.

249 1813 362 1854 CAP-
392 1816 430 1853 3.
472 1812 623 1861 Infesta
658 1811 866 1862 Romanis]
919 1811 1076 1863 Polyb.

192 1874 268 1915 lib.
283 1885 356 1915 111-
374 1874 537 1925 Ἔμενεν
554 1874 706 1922 briviis
718 1873 852 1926 ὀργῆς,
866 1875 910 1914 in
921 1874 1078 1915 iracun-

191 1939 261 1979 dia
294 1939 566 1991 perseverabat
602 1939 825 1991 Hamilcar,
867 1938 1078 1993 nimirum,

195 2002 399 2042 adversus
438 2003 667 2043 Romanos.
732 2001 872 2043 Quam
908 2001 1078 2042 iracun-

195 2064 310 2104 diam
343 2063 493 2105 eodem
528 2064 604 2105 lib.
640 2061 866 2114 δυσμένειαν
892 2061 1080 2114 Ἀμίλκου

199 2131 342 2168 vocat.
370 2126 508 2168 Lamb.

249 2190 300 2230 In
319 2189 559 2242 Hispaniam
576 2188 820 2241 attineretur]
848 2189 966 2241 Lege
978 2189 1007 2231 J
1011 2201 1078 2230 us·

199 2252 278 2293 tin.
297 2264 423 2294 xmv.
441 2252 628 2305 Appian.
647 2252 692 2292 in
711 2251 899 2305 Iberica,
917 2256 964 2292 et
981 2251 1076 2293 heic

200 2314 446 2366 Polybium.

250 2377 383 2430 quue
417 2389 548 2418 secum
577 2377 695 2418 duxit
718 2377 874 2431 filium]
927 2377 1077 2417 Trans·

194 2444 346 2481 vectus
372 2438 532 2480 fretum
557 2439 822 2480 Gaditanum
855 2443 904 2480 et
919 2439 1079 2480 colum·

197 2514 272 2543 nas
291 2502 510 2543 Herculis.
535 2502 692 2555 Polyb.
748 2501 902 2554 Addit,
928 2502 1078 2542 inillis

195 2565 301 2607 locis
329 2565 471 2618 ipsum
501 2577 632 2606 annos
662 2564 755 2606 fere
785 2577 937 2606 novem
967 2576 1080 2605 com-

196 2630 424 2679 moratum,
440 2628 618 2668 multum
646 2628 870 2680 Hispaniae
900 2630 1080 2681 populos

198 2688 329 2740 bello,
360 2690 506 2740 plures
538 2690 837 2742 persuadendo
856 2690 1079 2743 Carthagi-

199 2752 417 2794 niensibus
438 2753 683 2805 subjecisse.

254 2816 440 2868 Turpius]
482 2816 788 2870 Libidinosius,
821 2818 1078 2861 obscoenius.

196 2880 270 2922 Sic
307 2880 399 2921 Liv.
435 2879 548 2921 Ann.
587 2892 683 2922 xxi.
738 2881 937 2923 ‘Medius
969 2883 1079 2924 Has-

200 2941 354 2982 drubal
386 2942 502 2983 inter
535 2949 703 2996 patrem
734 2949 780 2986 et
811 2944 942 2986 filium
980 2952 1080 2988 octo

199 3003 336 3045 ferme
354 3015 487 3046 annos
502 3006 728 3059 imperium
741 3007 951 3050 obtinuit:
971 3007 1079 3051 flore

203 3067 362 3118 aetatis,
395 3068 459 3109 uti
492 3067 655 3121 ferunt,
672 3071 811 3123 primo
842 3071 1080 3113 Hamilcari

201 3129 478 3171 conciliatus:
522 3143 655 3184 gener
674 3133 773 3174 inde
792 3133 849 3175 ob
869 3135 998 3175 altam
1017 3135 1080 3175 in-

201 3191 345 3232 dolem
377 3193 504 3233 animi
537 3195 723 3236 ascitus:
763 3201 811 3237 et
829 3196 929 3249 quia
947 3209 1082 3250 gener

200 3259 313 3304 erat,
333 3253 534 3295 factionis
552 3256 778 3299 Barchinoe
797 3259 964 3312 opibus,
983 3273 1079 3314 quoe

204 3316 319 3369 apud
346 3317 503 3359 milites
542 3319 797 3374 plebemque
826 3323 923 3374 plns
954 3335 1081 3376 quam

202 3378 383 3421 modicae
415 3386 552 3430 erant,
581 3381 696 3422 hand
724 3395 827 3424 sane
859 3385 1082 3427 voluntate

203 3442 460 3494 principum,
474 3444 517 3484 in
530 3444 712 3496 imperio
727 3445 922 3498 positus!
941 3447 1079 3488 Lamb.

265 3503 320 3542 Ut
337 3516 363 3543 a
375 3505 561 3556 prefecto
578 3507 747 3559 morum]
789 3509 924 3550 Erant
951 3508 1082 3562 igitur

256 3618 260 3622 ‚
314 3572 457 3625 Delpk.
472 3579 512 3615 et
530 3574 624 3616 ναν.
647 3575 754 3616 Clas.

1069 3574 1172 3629 Nep.

1902 287 2009 339 641

1130 419 1326 471 praefecti
1358 431 1433 460 sen
1465 418 1661 472 magistri
1696 429 1862 459 morum
1895 418 2012 470 apud

1131 482 1520 534 Carthaginienses,
1535 487 1584 523 nt
1597 487 1643 523 et
1652 481 1770 534 apud
1785 482 2014 534 Romanos,

1129 547 1200 598 qui
1220 545 1479 585 dicebantur
1505 549 1551 585 et
1584 557 1799 585 censores.
1856 544 2013 585 Cicero

1129 611 1170 649 in
1192 611 1473 650 Cluentiana:
1504 611 1516 632 ‘
1534 610 1596 649 Tu
1614 622 1658 649 es
1676 608 1910 660 praefectus
1929 621 2016 650 mo-

1130 674 1271 713 ribus?
1291 673 1430 713 Lamb.
1457 674 1471 696 ‘
1487 673 1601 712 Sane
1615 684 1805 712 censurae
1819 673 2016 723 initium,’

1132 735 1243 776 Livii
1281 734 1414 775 verba
1441 739 1558 784 sunt,
1582 734 1595 756 ‘
1616 732 1700 774 fnit
1724 734 1788 773 rei
1825 746 1851 773 a
1881 746 2014 786 parva

1132 800 1298 852 origine
1317 803 1440 850 ortas,
1453 809 1547 850 qnae
1563 797 1722 837 deinde
1737 802 1857 838 tanto
1876 798 2014 839 iucre-

1131 869 1278 902 mento
1297 865 1426 902 aucta
1445 865 1526 912 est,
1551 864 1600 900 ut
1631 872 1796 900 morum
1826 861 2015 914 discipli-

1131 936 1285 977 naeque
1318 923 1521 963 Romanae
1551 934 1684 974 penes
1702 934 1796 963 eam
1825 924 2017 976 regimen

1133 986 1275 1028 esset!
1331 985 1441 1026 Inde
1472 985 1684 1026 Censores
1715 986 1862 1026 Romae
1882 987 2018 1038 magi-

1132 1055 1295 1091 stratus
1333 1048 1672 1102 quinquennalis,
1710 1059 1844 1101 penes
1890 1061 2018 1102 quem

1133 1116 1340 1157 autoritas
1360 1114 1560 1166 maxima,
1591 1127 1885 1168 summumque
1909 1116 2019 1157 arbi-

1135 1179 1267 1220 trium
1296 1171 1670 1219 animadvertendi
1703 1178 1749 1219 in
1785 1191 1924 1221 mores
1957 1180 2020 1222 ci-

1135 1242 1264 1283 vium.
1312 1243 1369 1282 Et
1388 1246 1481 1282 erat
1500 1241 1580 1281 sub
1591 1246 1700 1282 nutu
1719 1242 1887 1283 illorum
1903 1243 2019 1284 aesti-

1134 1305 1266 1344 matio
1293 1303 1547 1345 facultatum
1574 1305 1779 1358 cujusque
1807 1305 1928 1359 civis,
1947 1306 2019 1347 >ad

1134 1379 1310 1408 censum
1329 1367 1384 1408 de
1403 1368 1454 1408 iis
1473 1367 1759 1420 pendendum.
1789 1369 1934 1410 Livius
1951 1381 2019 1412 xv.

1134 1430 1367 1482 Caeternm,
1381 1431 1468 1471 alia
1479 1443 1640 1471 morum
1651 1429 1924 1483 praefectura,
1935 1434 2021 1474 alia

1134 1505 1317 1535 censura
1334 1492 1432 1534 fnit.
1473 1493 1618 1534 Caesar
1633 1494 1798 1535 Censor
1816 1507 1903 1536 non
1921 1495 2022 1549 fuit,

1135 1556 1210 1596 sed
1228 1568 1395 1597 morum
1425 1555 1675 1609 praefectus,
1699 1563 1749 1598 ut
1766 1571 1790 1598 a
1809 1558 2019 1601 Cicerone

1134 1619 1403 1660 nominatur:
1422 1620 1503 1661 hoc
1520 1625 1602 1669 est,
1617 1633 1708 1660 rem
1731 1621 1899 1673 habuit,
1917 1623 2022 1664 titu-

1136 1684 1222 1723 lum
1241 1695 1320 1736 per
1337 1683 1522 1737 speciem
1542 1683 1764 1725 modestiae
1784 1687 2019 1728 recusavit.

1137 1746 1245 1787 Pars
1265 1747 1496 1799 potestatis
1520 1747 1612 1800 ejus
1642 1746 1741 1800 fnit,
1759 1760 1925 1792 morum
1944 1761 2020 1790 cu-

1138 1821 1212 1860 ra;
1239 1821 1368 1863 quam
1386 1809 1624 1862 usurpavit,
1638 1810 1753 1851 unde
1772 1816 1819 1852 et
1834 1811 2023 1854 Praefec·

1138 1875 1208 1912 tus
1226 1884 1393 1913 morum
1411 1872 1572 1926 dictus,
1593 1885 1681 1914 non
1715 1875 1895 1917 Censor.
1941 1877 2019 1916 Ca·

1136 1936 1340 1978 sanbonus.

1195 1997 1309 2043 Quod
1321 1997 1493 2038 moribus
1508 2010 1640 2039 eorum
1657 1999 1842 2039 interdici
1858 2011 1934 2040 non
1951 2013 2020 2053 po·

1138 2065 1243 2102 terat
1260 2072 1392 2101 socero
1408 2061 1548 2114 gener]
1576 2061 1665 2103 Alii
1681 2075 1840 2114 genero,
1859 2069 2020 2104 utrum-

1139 2135 1224 2177 que
1243 2136 1406 2165 verum.
1462 2125 1748 2166 Verecundiae
1781 2133 1926 2166 autem
1943 2125 2021 2167 hos

1139 2185 1254 2226 inter
1288 2187 1560 2228 serviendum
1598 2193 1744 2229 monet
1785 2188 1938 2230 Cicero
1974 2188 2021 2229 in

1140 2247 1268 2290 Offic.
1286 2249 1363 2291 lib.
1377 2261 1410 2291 1.
1453 2251 1467 2274 ‘
1490 2251 1589 2291 Non
1622 2251 1825 2293 lavantur
1842 2263 1940 2293 cnm
1957 2264 2022 2293 so-

1139 2314 1250 2352 ceris
1269 2312 1443 2365 generi!
1469 2313 1668 2356 Schattus.

1193 2375 1422 2417 Hamilcare
1438 2377 1580 2430 occiso]
1622 2378 1676 2419 In
1702 2378 1852 2431 praelio
1871 2379 2023 2423 adver·

1138 2450 1210 2478 sus
1227 2438 1458 2481 Vectones.
1502 2439 1659 2493 Polyb.
1714 2441 1879 2483 Incidit
1907 2456 2022 2485 mors

1140 2502 1234 2553 ejtts
1251 2501 1293 2542 in
1309 2514 1468 2543 annum
1486 2505 1611 2543 3742.
1638 2503 1793 2544 Mundi
1813 2505 1996 2548 conditi.

1193 2567 1270 2607 Ille
1291 2567 1483 2607 exercitui
1509 2566 1694 2619 praffait]
1737 2568 1790 2608 In
1819 2569 1943 2622 hujus
1963 2572 2022 2612 lo-

1139 2640 1235 2669 cum
1251 2640 1386 2681 gener
1403 2629 1539 2681 ipsius
1559 2629 1805 2670 Hasdrubal
1822 2632 2024 2675 mittitur.

1138 2693 1167 2734 J
1172 2692 1301 2732 nstin.
1347 2691 1427 2740 Τὴν
1444 2691 1487 2732 δὲ
1504 2692 1747 2745 στρατηγίαν
1765 2693 1802 2733 οἱ
1819 2694 2023 2747 Καρχηδό-

1140 2769 1210 2794 νιοι
1226 2753 1444 2807 παρέδοσαν
1470 2754 1686 2809 Ἀσδρούβᾳ
1701 2757 1759 2807 τῷ
1784 2756 1930 2798 ἐκείνου
1952 2773 2022 2807 κη-

1139 2820 1260 2872 δεστῇ
1293 2816 1360 2859 καὶ
1392 2817 1628 2872 τριηράρχῳ.
1670 2820 1825 2873 Polyb.
1881 2820 2020 2875 quue

1139 2887 1386 2934 propterea,
1413 2882 1528 2935 quod
1561 2881 1640 2922 filii
1675 2883 1893 2925 immaturi
1927 2891 2022 2927 tum

1139 2950 1264 2985 erant
1283 2945 1478 2997 imperio.
1535 2944 1733 2987 Quatuor
1753 2951 1897 2988 autem
1926 2948 2024 2988 reli-

1139 3006 1234 3060 quit
1250 3006 1361 3048 filios
1379 3006 1661 3059 superstites:
1707 3020 1812 3060 quos
1843 3009 2023 3050 totidem

1139 3071 1306 3112 catulos
1323 3070 1514 3129 leoninos
1539 3070 1584 3110 in
1604 3070 1836 3122 perniciem
1867 3071 2023 3112 Roma·

1140 3137 1290 3174 norum
1307 3132 1362 3174 ab
1391 3145 1452 3183 se,
1471 3132 1619 3174 dicere
1641 3132 1790 3173 solitus
1815 3137 1897 3185 est,
1917 3133 2022 3175 edu·

1140 3196 1229 3236 cari
1247 3208 1258 3236 ι
1304 3194 1584 3236 Hasdrubalis
1620 3194 1835 3245 ingenium
1871 3196 2020 3239 Livius

1141 3259 1286 3312 prodit
1301 3258 1426 3306 initio
1443 3258 1520 3299 lib.
1539 3269 1639 3300 xxx.
1672 3259 1806 3300 Ernst.

1198 3323 1347 3373 Resque
1364 3333 1528 3373 magnas
1538 3320 1683 3372 gessit]
1711 3322 1809 3365 Quo
1823 3326 2021 3377 tempore

1140 3384 1377 3436 prudenter
1393 3390 1441 3424 et
1456 3383 1623 3424 utiliter
1649 3383 1875 3437 imperinm
1897 3398 2022 3429 snum

1142 3446 1468 3488 administrabat
1481 3460 1493 3497 ;
1512 3458 1626 3499 cum,
1637 3446 1898 3502 Cartbagine
1909 3461 2020 3490 nova

1139 3508 1330 3563 condita,
1342 3521 1500 3562 magns
1512 3509 1935 3563 Carthaginiensibus
1946 3512 2020 3553 ad·

1825 3578 1908 3619 28
