2326 3944
758 304 837 342 rv.
900 302 1295 356 ΡΑυεΑΝιΑΜ,
1335 305 1469 346 cAr.
1505 294 1557 345 5.

241 417 384 464 βάντες
415 419 522 470 εἵσω,
552 417 875 470 ἆπφκοδύμησαν,
909 422 1123 471 προσκαθε-

238 479 396 532 ζόμενοί
424 497 471 523 τε
495 481 819 534 ἐξεπολιόρκησαν
842 482 958 532 λιμᾷἱ.
1012 482 1126 523 Vide

239 542 501 598 Lycurgum,
537 546 729 587 oratione
765 547 809 586 in
854 547 1124 586 Leocratem.

236 607 420 650 Lambin.
477 609 734 650 Plutarchus
750 621 835 650 non
855 609 908 650 ab
925 609 1123 662 Ephoris,

236 670 312 711 sed
343 684 368 711 a
400 673 534 712 Patre
553 673 648 725 ejus
666 673 748 713 hoc
776 670 937 713 factum
957 672 1122 712 scribit.

236 733 533 776 obstruxerunt
552 736 781 788 Polyaenus
801 736 946 776 reddit
978 735 1123 786 ἐναπῳ-

232 795 465 847 κοδόμησαν.
509 799 649 839 Cicer.
686 799 798 839 dixit
835 801 848 822 ‘
877 798 1121 840 obstruere

234 861 428 915 aditum!
462 861 664 903 Gebhard.

289 923 518 976 reatumque
546 929 639 965 sunt
656 925 851 977 demoliti]
885 923 962 965 Τὸν
979 923 1122 979 ὄροφον

230 984 410 1037 boenas.
443 988 594 1039 Nepos
607 988 903 1029 Timoleonte:
931 982 1120 1030 ‘caetera

231 1051 471 1104 tyrannidis
520 1052 844 1104 propugnacula
889 1052 1117 1094 demolitus

230 1113 330 1154 est!
396 1114 572 1155 Curtius
609 1114 685 1154 lib.
719 1126 822 1154 vu1.
859 1118 928 1156 64.
967 1115 980 1137 ‘
1000 1116 1116 1168 Ergo

229 1175 303 1215 alii
338 1180 464 1216 extra
497 1176 647 1218 urbem
682 1181 802 1217 tecta
828 1176 1116 1218 demolieban-

229 1237 331 1278 tur.’
385 1238 592 1280 Occurrit
609 1238 725 1291 apud
741 1239 996 1279 Ciceronem
1012 1241 1025 1262 ⁶
1042 1240 1114 1280 de-

227 1300 369 1341 moliri
406 1300 648 1352 parietem,'
672 1302 685 1334 f
707 1300 907 1342 demoliri
943 1308 1114 1355 partem

227 1362 368 1402 muri.'
402 1363 599 1404 Gebhard.

280 1425 368 1470 Quo
389 1425 557 1474 facilius
572 1426 643 1466 sub
661 1426 745 1478 dio]
786 1427 1044 1480 Schioppius
1062 1442 1113 1471 ac

222 1488 430 1531 Schottus
457 1501 482 1530 e
508 1490 628 1530 libris
649 1491 836 1543 scriptis,
851 1493 1017 1533 celerius
1039 1494 1113 1534 sub

216 1553 301 1593 aio.
355 1552 478 1593 Idem
498 1552 672 1594 Gifanio
695 1553 854 1606 placet.
894 1555 1023 1596 Celer
1038 1569 1110 1598 au-

221 1621 309 1657 tem
328 1628 439 1658 mors
458 1617 692 1670 opponitur
712 1619 857 1670 lentae,
884 1623 930 1659 et
949 1631 974 1660 a
1001 1620 1109 1661 Cur-

220 1680 283 1721 tio
303 1686 480 1722 vocatur
497 1681 511 1703 ‘
529 1680 729 1731 strenua,'
749 1681 822 1721 lib.
840 1692 904 1722 rx.
924 1685 992 1722 44.
1049 1683 1109 1724 Et

180 1739 183 1741 ’
217 1743 428 1790 {strenue
448 1743 579 1784 mori’
609 1743 765 1794 eidem,
793 1744 907 1798 quod
941 1746 1106 1798 Nepoti

218 1807 231 1829 ‘
254 1803 424 1847 facilius
456 1805 667 1857 interire,'
703 1806 777 1847 lib.
798 1818 869 1847 ιιι.
891 1810 956 1848 17.
999 1808 1104 1849 Geb-

217 1867 333 1908 hard.
391 1869 477 1914 Quo
499 1868 667 1918 facilius
701 1869 771 1909 sub
807 1870 873 1910 dio
900 1870 1103 1922 interiret]

217 1930 413 1972 Probant
432 1937 700 1972 correctores
719 1931 770 1972 τὸ
786 1933 876 1973 diva
894 1945 1103 1986 reponen-

215 1992 335 2049 dum,
368 2000 419 2034 ut
450 1994 494 2033 in
528 1995 731 2035 Eumenis
762 1995 869 2047 vita,
906 2002 952 2036 et
990 1998 1102 2049 apud

215 2056 449 2098 Horatium
469 2057 554 2098 Od.
574 2069 628 2098 11.
647 2061 687 2099 3.
740 2058 827 2099 Sed
848 2059 938 2099 sine
959 2071 1102 2112 operae

213 2119 372 2172 pretio.
428 2121 544 2161 Nam
573 2121 686 2160 divus
718 2132 797 2174 pro
828 2121 909 2172 dio,
938 2126 983 2163 et
1013 2122 1103 2163 dius

210 2193 291 2234 pro
309 2183 417 2235 divo,
435 2181 638 2236 frequens
659 2184 700 2224 in
715 2183 972 2225 membranis
993 2187 1102 2227 anti·

211 2244 320 2301 quis.
347 2246 502 2287 Varro.
557 2247 659 2288 Hoc
676 2252 888 2288 mutatum
905 2261 1022 2301 saepe
1043 2250 1099 2290 ab

210 2307 275 2349 his
293 2308 367 2361 qui
386 2308 659 2362 ignorabant,
673 2310 745 2350 sub
762 2310 852 2351 divo
871 2316 917 2351 et
933 2311 1003 2351 sub
1034 2312 1101 2352 dia

210 2377 333 2412 recte
352 2372 498 2415 scribi.
527 2373 789 2415 Keaclienius.

206 2471 208 2473 .
259 2434 425 2475 Dicitur
443 2447 486 2476 eo
505 2439 675 2488 tempore
693 2441 860 2477 matrem
880 2437 1097 2479 Pausanioe

205 2495 374 2550 vixisse]
403 2499 528 2540 More
548 2499 798 2540 Graecorum
822 2501 994 2541 locutus
1016 2507 1096 2543 est.

204 2559 278 2603 Sic
313 2562 425 2603 enim
469 2562 739 2615 Thucydides
785 2563 937 2604 eodem
985 2565 1096 2616 loco,

204 2623 368 2676 λέγεται
382 2624 424 2665 δὲ
438 2624 557 2666 αὐτὸν
579 2624 784 2676 μέλλοντα
796 2625 1095 2678 ξυλληφθὴσεσ-

206 2692 285 2741 θαι,
305 2701 431 2742 quem
449 2702 580 2742 supra
598 2691 867 2743 protulimus.
914 2692 973 2732 Et
991 2692 1094 2732 Dio·

205 2751 336 2792 dorus
367 2752 533 2792 Siculus
562 2753 671 2793 hanc
704 2753 840 2805 ipsam
871 2765 962 2794 rem
995 2765 1092 2795 nar-

205 2826 331 2856 rans:
373 2811 539 2864 λέγεται
565 2814 640 2862 τὴν
664 2813 814 2867 μητέρα
841 2816 914 2856 τοῦ
937 2821 1094 2858 Παυσα-

203 2877 301 2928 νίου,
320 2875 626 2926 καταντήσασαν
645 2876 698 2919 εἷς
712 2877 760 2917 τὸ
772 2877 886 2931 ἱερὸν,
903 2878 1008 2920 ἄλλο
1020 2879 1093 2931 μὲν

201 2941 322 2993 μηδὲν
337 2941 440 2993 μήτε
459 2942 594 2996 εἰπεῖν,
605 2941 707 2994 μήτε
732 2943 873 2995 πρᾶξαί
886 2958 942 2995 τι,
981 2945 1093 2986 πλίν-

202 3009 272 3046 θον
283 3005 326 3047 δὲ
337 3004 603 3053 βαστάσασαν
619 3006 814 3047 ἀναθεῖναι
831 3007 935 3048 κατὰ
949 3008 1024 3057 τὴν
1037 3008 1092 3052 εἷς

201 3067 252 3108 τὸ
267 3067 368 3122 ἱερὸν
381 3069 544 3110 εἴσοδον.
584 3069 722 3111 Lamb.
758 3070 935 3112 Boecler.
991 3072 1090 3115 Hoc

200 3131 476 3184 Plutarchus,
502 3136 552 3172 ut
583 3133 773 3184 proecepi
804 3133 964 3188 dicere,
998 3133 1089 3177 fac-

201 3204 292 3240 tum
311 3198 437 3239 Patri
457 3198 551 3251 eJus
571 3198 794 3250 adscribit,
823 3212 948 3253 quem
972 3201 1087 3255 Age·

197 3263 349 3303 silaum
368 3266 606 3313 nuncupat,
634 3272 731 3301 cum
764 3261 822 3302 sit
840 3261 1086 3305 Cleombro-

196 3329 285 3376 tus,
316 3323 502 3365 testibus
540 3321 780 3373 Herodoto,
817 3323 1085 3380 Thucydide,

195 3393 240 3428 et
258 3391 436 3428 auctore
460 3385 722 3427 scholiorum
754 3384 798 3424 in
831 3384 1082 3441 Aristopha-

1962 291 2071 344 469

1187 418 1470 472 Thucydidis,
1503 419 1702 470 Diodori,
1738 418 1946 472 Polyaeni,
1966 419 2072 459 alio·

1187 492 1368 535 rumque
1382 482 1654 523 senteutiam.
1708 481 1925 522 Caeterum
1942 481 2071 522 matri

1186 542 1412 584 Pausaniae
1449 556 1604 584 nomen
1642 544 1739 597 fuit,
1781 544 1816 584 si
1862 545 2070 597 Polyaeno

1184 604 1259 645 lib.
1278 616 1380 645 vm.
1399 606 1628 658 credimus,
1645 607 1816 647 Theano
1832 620 1843 657 ;
1871 607 1936 646 sin
1955 606 2072 647 Auc-

1186 668 1269 707 tori
1289 668 1558 709 Scholiorum
1579 670 1622 709 in
1637 669 1854 722 Aristoph.
1874 670 2070 722 Equites,

1183 729 1418 771 Ἀλκαλθέα.
1474 731 1588 772 Μετὰ
1616 730 1754 784 Ξέρξου
1780 731 1921 783 φυγὴν
1944 737 2068 773 Λακε·

1184 791 1367 843 δαιμόνιοι
1378 793 1586 846 προδοσίας
1603 793 1772 847 κρίνουσι
1785 793 1849 835 καὶ
1861 793 2071 844 φονεύουσι

1184 855 1407 896 Παυσανίαν
1423 855 1495 897 τὸν
1516 857 1616 897 ἴδιον
1644 856 1817 903 βασιλέα
1840 857 2067 910 Κλεομβρό-

1180 934 1253 960 του
1268 919 1333 960 καὶ
1360 918 1603 961 Ἀλκαλθέας
1620 920 1713 961 υἱόν.
1746 921 1946 961 Gebhard.
2000 921 2066 962 Si·

1179 985 1292 1025 milis
1326 983 1590 1034 Ἒλληνισμὸς
1618 984 1735 1037 apud
1765 983 1961 1024 Tacitum
1994 995 2065 1026 oc-

1181 1049 1334 1100 currit,
1349 1048 1465 1090 Hist.
1483 1048 1556 1092 lib.
1576 1060 1608 1088 1.
1627 1051 1696 1088 60.
1728 1048 1852 1088 Idem.

1231 1112 1411 1163 Eamque
1430 1111 1520 1160 jam
1555 1123 1697 1161 magno
1724 1109 1839 1160 natu]
1884 1108 1940 1149 Id
1978 1113 2064 1159 est,

1179 1186 1305 1215 anum
1325 1175 1445 1216 annis
1462 1173 1693 1216 defectam.
1738 1173 1793 1214 In
1811 1173 2063 1214 Timotheo:

1175 1241 1188 1262 ‘
1207 1239 1295 1280 Hic
1327 1252 1423 1280 cum
1451 1243 1566 1280 esset
1597 1250 1752 1290 magno
1770 1243 1891 1287 natu,
1910 1242 1956 1278 et
1974 1249 2064 1277 ma-

1176 1304 1383 1355 gistratus
1431 1315 1582 1356 gerere
1621 1301 1851 1343 desiisset.’
1894 1301 2062 1343 Savum.

1176 1366 1317 1407 Recte
1347 1371 1496 1406 contra
1531 1365 1680 1407 Lamb.
1715 1370 1760 1406 et
1787 1366 1954 1406 Schott.
1988 1364 2063 1418 qui

1174 1442 1359 1481 magnum
1388 1434 1485 1470 natu
1509 1428 1760 1481 praeferunt.
1814 1428 1886 1468 Sic
1908 1428 2060 1480 Nepos

1173 1493 1384 1534 Datame:
1414 1491 1515 1534 ‘Ab
1536 1493 1617 1533 hoc
1647 1497 1794 1532 tamen
1826 1490 1918 1530 viro
1947 1490 2061 1530 Scis-

1172 1570 1264 1598 mas
1280 1557 1466 1599 maximo
1485 1561 1591 1597 natu
1609 1554 1722 1595 filius
1739 1553 1955 1594 descivit!
1990 1553 2059 1593 Li·

1172 1622 1266 1662 vius
1284 1621 1358 1663 lib.
1376 1632 1421 1662 x.
1441 1624 1508 1662 38.
1565 1619 1686 1671 Idem
1707 1618 1781 1658 lib.
1801 1629 1872 1658 111.
1901 1617 1913 1640 ‘
1933 1617 2059 1669 Mag-

1170 1696 1226 1724 no
1245 1689 1351 1724 natu
1371 1682 1543 1736 quidam
1572 1693 1669 1722 cum
1699 1681 1889 1721 omnium
1920 1679 2057 1730 majo-

1169 1758 1263 1786 rum
1295 1757 1468 1787 suorum
1500 1743 1734 1796 insignibus
1766 1755 1813 1783 se
1840 1742 1884 1782 in
1913 1740 2056 1783 forum

1167 1797 1381 1861 'projecitl
1444 1808 1561 1850 Ibid.
1602 1807 1714 1848 ‘Cui
1746 1817 1900 1857 magno
1937 1810 2058 1857 natu,

1165 1883 1251 1912 non
1271 1870 1577 1912 sufferentibus
1586 1871 1678 1923 jam
1696 1869 1860 1910 viribus
1886 1868 1939 1908 ad
1960 1880 2057 1908 con-

1166 1935 1323 1975 sularia
1341 1935 1537 1975 obeunda
1556 1934 1744 1984 comitia,
1759 1933 1873 1972 intra
1891 1943 2051 1984 paucos

1166 1998 1258 2039 dies
1277 1997 1488 2039 moritur.’
1521 1997 1718 2037 Gebhard.

1217 2061 1409 2114 Lapidem
1434 2062 1486 2100 ad
1504 2059 1709 2099 introitum
1728 2058 1825 2098 oedis
1852 2058 2053 2111 attulisse]

1165 2124 1396 2176 Polyaenus
1432 2122 1624 2173 Strateg.
1657 2131 1761 2160 v111.
1801 2121 1933 2160 Θεανὼ
1976 2120 2051 2173 πρὸ

1161 2186 1241 2224 τῶν
1254 2183 1391 2225 ἄλλων
1409 2181 1636 2236 ἀφικομένη,
1658 2180 1822 2222 πλίνθον
1843 2181 1936 2235 πρὸς
1962 2184 2051 2223 ταῖς

1162 2245 1292 2300 θύραις
1341 2246 1594 2301 ἀπηρείσατο.
1667 2246 1869 2288 Meminit
1915 2249 2048 2288 etiam

1163 2311 1344 2353 Ovidius
1362 2312 1406 2352 in
1423 2312 1538 2353 Ibin.

1214 2376 1409 2426 Magnam
1445 2376 1534 2416 belli
1560 2375 1735 2426 gloriam
1770 2375 1880 2427 turpi
1923 2379 2048 2416 morte

1158 2439 1388 2491 maculavit]
1433 2439 1591 2478 Parem
1622 2439 1663 2478 in
1691 2437 1864 2478 modum
1898 2438 2045 2480 Tacit.

1157 2501 1275 2543 Hist.
1322 2513 1386 2542 lv.
1423 2505 1490 2543 60.
1537 2500 1591 2541 de
1639 2499 2048 2553 Agrippinensibus,

1157 2564 1405 2617 ‘egregiam
1437 2565 1605 2604 laudem
1638 2563 1723 2603 fine
1756 2564 1870 2615 turpi
1903 2553 2044 2604 macu-

1154 2628 1299 2680 lasse,'
1318 2628 1430 2681 quod
1447 2629 1606 2669 securis
1621 2628 1877 2679 hominibus,
1896 2639 2041 2668 rerum

1145 2692 1272 2733 ,vices
1291 2703 1377 2731 non
1395 2691 1659 2741 timentibus,
1671 2690 1785 2730 haud
1802 2689 1957 2742 injuria
1976 2701 2043 2730 ac-

1153 2755 1299 2796 cidere
1319 2759 1480 2807 potest.
1514 2754 1672 2793 Loccen.

1211 2816 1427 2867 Confestim
1443 2816 1616 2855 animam
1632 2815 1795 2869 efflavit]
1828 2815 2039 2869 Thucydi-

1154 2879 1258 2920 des:
1288 2877 1364 2918 Καὶ
1390 2877 1565 2929 ἐξαχθεὶς
1592 2875 1759 2918 ἀπέθανε
1788 2880 2038 2930 παραχρῆμα.

1154 2942 1240 2983 Sed
1257 2941 1510 2995 Xenophon.
1528 2941 1600 2981 lib.
1615 2952 1686 2982 ιιι.
1700 2941 1753 2981 de
1770 2941 1897 2981 rebus
1915 2940 2037 2983 Grae-

1154 3005 1252 3055 ciae,
1288 3004 1546 3045 Pausaniam
1590 3003 1740 3044 scribit
1786 3003 2035 3044 damnatum

1150 3068 1339 3120 Tegeam
1381 3064 1639 3119 profugisse,
1676 3065 1839 3118 ibique,
1886 3066 2059 3109 morbo-

1151 3129 1412 3177 cmfectum,
1431 3134 1643 3170 mortuum
1664 3140 1771 3168 esse.
1805 3128 2036 3169 Lambinus.

1206 3195 1305 3233 Cum
1333 3194 1462 3233 eodem
1495 3192 1668 3232 nonnulli
1695 3190 1887 3242 dicerent]
1930 3191 2038 3234 Qui.
2080 3183 2097 3200 ³

1149 3255 1246 3296 dam
1264 3255 1364 3297 libri
1378 3254 1557 3306 habent,
1570 3255 1698 3294 eodem
1717 3253 1807 3294 loci.
1835 3254 2032 3297 Lambin.

1148 3319 1279 3360 Hunc
1317 3319 1458 3359 locum
1492 3321 1616 3357 extra
1649 3316 1797 3358 urbem
1828 3316 2032 3370 Spartam

1147 3383 1338 3423 Lacones
1382 3378 1544 3421 καιιίδαν
1583 3379 1813 3422 vocabant.
1860 3381 2031 3433 Longol.

195 3450 260 3490 nis
277 3450 473 3503 Equites.
527 3448 569 3491 A
584 3453 723 3489 matre
742 3460 845 3490 vero
868 3457 1082 3495 memorat
1142 3442 1421 3496 Thucydides
1439 3456 1451 3484 ι
1481 3441 1558 3484 Καὶ
1576 3440 1696 3487 αὐτὸν
1712 3441 1940 3493 ἐμέλλησαν
1955 3442 2029 3493 μὲν

193 3513 457 3556 inhumatum
493 3523 589 3555 esse
625 3512 888 3569 proJectum,
925 3520 1081 3559 contra

1143 3507 1183 3551 es
1195 3504 1467 3566 melionabat,
1481 3503 1598 3559 οὗπερ
1610 3505 1702 3551 τοὺς
1716 3506 1951 3560 κακούργους
1964 3507 2028 3557 ἐμ-
