2306 3900
286 224 487 278 lxxviii
1108 238 1172 278 1N
1183 238 1220 276 D
1230 235 1311 277 Ex

286 361 444 414 Impelli
473 362 702 403 auctoritate
733 362 899 425 alicujus
918 362 1108 415 (moveri)
1136 364 1163 410 i,

290 443 294 446 -
341 421 366 456 5
423 418 473 455 ad
511 417 722 469 perniciem
756 415 922 476 alicujus
954 393 1164 468 (concitari

334 469 436 533 διο.)
465 471 543 518 xiv,
564 476 588 511 5
636 484 687 511 ne
706 469 822 522 hujus
841 471 1002 523 quidem
1019 470 1164 511 indicio

292 551 298 553 μ
334 519 501 576 1mpulsi
520 530 625 571 sunt,
644 530 689 562 ut
714 525 770 571 iv,
788 527 814 564 4

286 577 520 628 Impendere
550 578 786 631 (imminere,
806 579 858 618 de
885 591 975 617 mox
1005 576 1165 630 futuris)

340 630 447 676 xviii,
468 635 519 672 10

288 683 510 735 Imperare:
540 697 628 736 quae
661 665 798 739 civitas
829 685 966 726 ceteris
985 685 1165 738 gentibus

337 737 526 789 imperare
559 739 763 778 consuevit
795 738 850 786 ix,
888 743 913 779 3
978 739 1166 791 imperare

338 791 548 832 crudeliter
564 792 672 844 (scil.
690 793 731 831 in
750 792 963 845 magistrat.
983 792 1165 845 gerend.)

338 844 392 891 iv,
411 849 436 885 3
471 854 659 898 quantum
680 846 845 908 quisque
865 846 989 894 daret,
1009 859 1079 898 pro
1092 859 1164 886 cu-

332 897 479 950 jusque
512 899 762 940 facultatibus
797 899 1014 952 imperabat
1047 914 1112 947 xv,
1140 904 1164 940 3

290 978 294 981 »
337 951 426 1029 (ubi
439 953 565 992 lenius
584 966 702 1005 quam
717 966 786 1006 pro
799 948 1084 993 consuetudine
1097 966 1166 998 yo-

338 1005 425 1044 cis‘
440 1007 642 1058 imperare,
646 1006 918 1059 'significat‘
933 1021 1012 1047 non
1029 1008 1168 1046 nolen-

338 1059 440 1098 tibus
472 1060 747 1111 pi·aescribe1·.e’
768 1060 929 1123 Boecl.)
966 1060 1168 1101 maritimis

338 1114 559 1153 civitatibus
578 1127 696 1154 naves
716 1115 853 1166 longas
870 1113 1087 1167 imperabat
1113 1116 1165 1162 ix,

336 1170 363 1207 4
391 1167 515 1207 victor
526 1168 684 1220 privatis
696 1168 882 1221 pecunias
899 1182 970 1221 per
983 1169 1168 1221 epistolas

338 1219 568 1283 imperabat,
598 1236 687 1269 xxV,
706 1226 732 1262 7
781 1221 854 1285 (de
882 1222 1077 1262 mandatis
1097 1235 1168 1266 eas

336 1288 397 1314 res
420 1275 511 1327 jure
529 1276 735 1328 potestatis
754 1275 1012 1328 exigentibus.
1031 1277 1168 1316 Boecl.

335 1328 456 1368 Adde
483 1328 721 1370 Freinshem.
755 1336 796 1369 et
830 1329 1168 1370 Loccen.1ndd.

337 1381 472 1435 Curt.)
518 1382 586 1421 illo
616 1383 831 1435 imperante
845 1384 1059 1437 (summam
1076 1384 1169 1424 belli

344 1436 664 1488 administrante)
692 1437 769 1484 xiv,
788 1443 812 1477 5

282 1489 479 1542 Imperata
506 1490 638 1551 ‘facere
671 1490 721 1544 (i.
755 1504 792 1530 e.
828 1503 918 1543 quae
948 1491 1028 1530 dux
1063 1504 1169 1531 man·

337 1543 427 1613 dat)
455 1542 563 1591 xviii,
582 1547 608 1583 9
635 1544 847 1606 (Tacitus‘
862 1544 1068 1596 imperium
1097 1546 1169 1584 du-

334 1597 402 1637 cis’
422 1604 548 1636 vocat.
594 1597 659 1637 Sic
677 1597 853 1638 enimH.
871 1599 900 1645 i,
920 1601 986 1644 84,
1007 1603 1079 1640 3‘
1101 1612 1171 1651 pa-

335 1651 457 1691 rendo
495 1650 626 1703 potius
663 1664 780 1712 quam
816 1652 980 1704 imperia
1026 1653 1171 1692 ducum

336 1704 570 1744 sciscitando
588 1717 647 1743 res
676 1703 860 1744 militares
888 1705 1172 1768 continentur’)

279 1757 494 1810 Imperator
518 1758 633 1811 (dux,
664 1757 909 1812 στρατηγὸς)
954 1759 983 1806 i,
1017 1764 1054 1800 1.
1087 1773 1126 1806 v,
1145 1764 1171 1800 2

335 1812 427 1853 Sic:
456 1813 664 1864 imperator
684 1826 850 1865 magnus
880 1812 986 1861 xxiV,
1005 1818 1030 1854 3
1069 1827 1173 1857 sum-

334 1879 421 1906 mus
461 1866 528 1913 vii,
550 1871 572 1907 1
619 1866 829 1936 imperator
853 1867 1043 1909 exercitus
1062 1868 1174 1907 duxit
1237 1906 1241 1909 ,

333 1919 444 1974 (cum
476 1918 698 1972 ἑρμηνεύσει
728 1920 809 1961 sive
840 1921 970 1973 copia,
999 1920 1076 1960 fuit
1093 1922 1173 1962 dux

333 1974 548 2037 exercitus)
589 1974 698 2022 xviii,
719 1978 769 2015 13
810 1987 898 2014 cum
936 1975 1173 2028 proscriptos

332 2028 501 2080 praemiis
536 2029 812 2081 imperatorum
840 2029 978 2080 vulgus
1010 2029 1174 2082 conqui-

331 2089 431 2122 reret
465 2096 555 2129 xxv,
574 2087 624 2123 11
659 2082 759 2143 (ubi
787 2095 856 2135 per
885 2083 1174 2136 ‘imperatores’

331 2134 498 2198 intellig.
529 2135 733 2184 Octavius,
761 2136 950 2200 Lepidus,
972 2144 1020 2180 et
1043 2136 1172 2177 Anto-

334 2189 438 2237 nius,
457 2190 550 2243 quia
567 2204 615 2230 eo
635 2197 810 2243 tempore
827 2191 870 2229 in
896 2191 1009 2230 armis
1028 2190 1173 2244 erant).

335 2243 450 2296 cujus
479 2244 703 2296 exemplum
745 2244 892 2284 utinam
911 2245 1173 2307 ’imperatores

334 2298 457 2336 nostri
477 2298 588 2349 sequi
605 2298 820 2337 voluissent
845 2298 938 2344 xvii,
953 2302 978 2339 4
1007 2298 1173 2350 impera·
1175 2311 1178 2314 ’

336 2350 771 2390 torumAtheniensium
783 2351 943 2390 extremi
962 2351 1044 2397 xiii,
1056 2356 1082 2391 4
1101 2353 1174 2390 im-

336 2410 532 2455 perator-es
565 2402 768 2444 Romanos
797 2404 1009 2457 explicavit
1033 2380 1172 2457 Nepos

335 2457 443 2504 xxiii,
459 2461 510 2497 13
539 2457 607 2496 illa
622 2458 754 2497 omnia
773 2471 994 2498 communia
1008 2471 1172 2511 impera

334 2511 480 2550 toribus
499 2524 588 2550 cum
605 2510 792 2553 militibus
811 2518 852 2550 et
869 2512 1025 2551 fortuna
1050 2513 1133 2559 viii,
1148 2516 1170 2552 1

281 2565 536 2617 Imperatoria
553 2564 677 2604 forma
704 2565 764 2615 (v.
796 2564 956 2618 Forma)
986 2564 1040 2613 xi,
1059 2570 1084 2607 3
1105 2565 1174 2659 ἳτὸ

334 2617 545 2665 βασιλικὸν
573 2619 647 2659 τοῦ
682 2617 892 2672 προσώπου
926 2626 1042 2660 vocat
1077 2620 1112 2660 P

335 2671 519 2713 tarchus
510 2686 552 2712 ιιι
570 2672 708 2712 Arato.
763 2673 827 2712 Sic
850 2672 1030 2713 Justinus
1057 2674 1111 2721 vi,
1131 2680 1172 2722 5,

334 2733 375 2767 5.
403 2727 443 2766 in
458 2726 656 2779 Iphicrate
672 2726 758 2766 ait‘
773 2727 1046 2780 Imperatorias
1060 2730 1174 2769 artes'

333 2781 467 2821 fuisse.
494 2778 650 2832 Vorst.)

283 2834 498 2887 1mperium
525 2833 702 2887 (ἂρχή);
735 2834 938 2886 imperium
956 2834 1082 2888 majus
1115 2842 1174 2875 est

335 2895 474 2928 nactus
491 2889 562 2941 (de
593 2887 754 2939 prolatis
772 2887 937 2941 finibus>
981 2890 1011 2936 i,
1029 2894 1056 2930 6
1101 2891 1172 2930 im-

282 2964 285 2966 ·
335 2942 430 2995 perii
446 2942 650 2994 singularis
666 2942 924 3004 perpetuique
943 2944 1109 2994 cupidus
1124 2945 1174 3007 (i.

334 3010 370 3036 e.
389 2996 647 3048 monarchiae)
675 2997 752 3042 xxi,
772 2999 798 3036 2
826 2995 978 3048 imperii
992 2996 1174 3037 maritimi

333 3062 484 3090 summa
515 3062 539 3088 a
567 3048 875 3089 Lacedaemoniis
907 3051 1092 3090 translata
1121 3053 1172 3091 ad

333 3103 598 3143 Athenienses
637 3101 696 3150 iii,
722 3107 748 3143 2
801 3103 866 3143 hic
903 3103 1017 3142 simul
1054 3111 1173 3158 atque

331 3157 484 3209 imperii
503 3157 653 3218 potitus
671 3163 746 3204 est,
765 3154 956 3209 persuasit
976 3157 1052 3198 &c.
1078 3159 1172 3207 xvii,

331 3213 358 3250 2
413 3209 621 3262 imperium
655 3210 940 3273 quinquaginta
983 3224 1172 3253 annorum

329 3276 370 3308 x,
390 3267 413 3302 5
453 3264 604 3303 nullum
638 3265 865 3317 imperium
875 3270 1002 3305 tutum
1021 3272 1080 3305 est
1097 3267 1173 3306 nisi

332 3317 605 3356 benevolentia
624 3318 833 3366 munitum,
862 3319 958 3358 ibid.
1009 3319 1171 3373 imperio

330 3367 432 3421 regis
468 3382 548 3408 non
568 3373 728 3420 parebat
753 3372 1057 3425 (detrectabat
1045 3387 1169 3436 impe·

332 3422 446 3482 rium,
467 3428 511 3460 ut
529 3422 661 3462 Livius
695 3424 838 3464 alicubi
859 3426 1049 3479 loquitur)
1090 3427 1169 3475 xiv,

330 3478 356 3517 4
406 3474 447 3516 ἰιι
477 3488 557 3530 qua
582 3477 674 3517 urbe
706 3479 945 3520 domicilium
971 3481 1073 3521 orbis
1093 3488 1167 3521 ιο]-

1244 395 1249 398 .
1283 375 1407 402 rarum
1436 369 1539 403 esset
1571 362 1723 415 imperii
1764 376 1856 410 ιιιν,
1874 366 1898 403 3
1946 363 2035 405 sub
2049 362 2120 402 im·

1284 417 1393 469 perio
1412 417 1744 458 Lacedaemonior.
1763 423 1907 456 cuncta
1923 416 2000 456 fuit
2011 412 2122 461 Grze-

1276 470 1344 510 ·cia
1373 471 1470 519 ix‚4
1499 471 1685 523 (annotat
1702 471 1808 510 adh.
1824 471 1849 509 1.
1866 469 2122 510 Keuchenius

1278 524 1412 564 sumi‘
1429 524 1647 577 imperium’
1685 537 1755 576 pro
1794 521 2122 576 θαλαττοκρατίᾳ.

1282 591 1416 624 verum
1441 579 1575 619 nescio
1605 592 1656 618 an
1686 579 1800 618 bene.
1843 578 1986 617 Obstat
2015 577 2122 616 enim

1245 666 1248 669 .
1283 631 1692 672 'Lacedaemoniorum
1725 632 1875 683 imperii
1911 629 2122 693 majestasl

1283 699 1400 738 quam
1437 686 1538 725 infra
1566 686 1740 738 appellat
1775 685 1921 725 Noster
1965 682 2046 732 xvi,
2081 687 2122 724 2.

1243 752 1254 784 g
1283 753 1319 779 v.
1353 739 1580 793 Majestas).
1624 753 1753 792 neque
1771 739 1973 802 pristinum
2001 738 2124 790 impe·

1282 793 1380 838 rium
1415 800 1692 853 recuperarunt
1740 795 1817 845 (sc.
1865 792 1908 831 in
1954 797 2122 832 ceteram

1245 875 1247 877 -
1285 845 1499 898 Graeciam)
1527 844 1621 892 xvii,
1637 850 1662 886 7
1692 859 1779 892 cum
1797 845 1962 897 primum
1976 846 2125 898 potuit,

1283 899 1487 952 imperium
1506 900 1693 960 deposuit
1721 913 1785 945 xx,
1805 903 1830 939 3
1879 901 1986 950 quod
2005 899 2125 940 ceteri

1284 966 1396 1014 reges
1417 950 1579 1005 imperio
1599 958 1825 1005 potuerunt,
1858 952 1922 992 hic
1953 952 2123 995 benevo-

1285 1006 1407 1046 lentia
1432 1007 1572 1054 tenuit,
1606 1007 1704 1046 ibid.
1769 1005 1969 1046 nonnullae
1987 1005 2125 1047 insulae

1285 1061 1444 1113 propter
1461 1059 1739 1100 acerbitatem
1729 1060 1883 1112 imperii
1901 1060 2126 1113 defecerant

1240 1148 1243 1150 .
1285 1128 1325 1161 v,
1344 1119 1370 1155 2
1411 1115 1554 1168 quibus
1581 1114 1742 1166 singulis
1770 1115 1941 1166 ipsarum
1974 1108 2123 1154 urbium

1286 1176 1477 1230 perpetua
1511 1169 1673 1208 dederat
1701 1168 1864 1220 imperia
1889 1169 1961 1221 (de
1990 1174 2124 1221 tyran-

1285 1221 1381 1262 nide
1398 1222 1640 1286 principibus
1670 1235 1694 1260 a
1718 1221 1842 1260 Dario
1860 1220 2067 1275 concessa)
2096 1222 2124 1268 i,

1243 1311 1248 1315 .
1287 1279 1312 1323 3
1349 1277 1417 1329 qui
1435 1289 1603 1317 summas
1621 1274 1772 1328 imperii
1799 1276 1988 1315 tenebant
2013 1276 2125 1338 (cum

1287 1336 1478 1383 perpetuo
1496 1329 1659 1383 imperio
1674 1324 1900 1392 praeerant),
1920 1328 2019 1368 ibid.
2057 1330 2124 1382 qui

1287 1390 1369 1422 tum
1390 1397 1548 1423 summae
1579 1383 1731 1436 imperii
1750 1389 1913 1434 praeerat
1956 1382 2001 1430 ii,
2017 1387 2045 1424 4
2091 1383 2124 1422 si

1288 1438 1420 1489 specie
1453 1437 1611 1499 imperii·
1641 1437 1783 1476 bellum
1821 1412 2018 1476 videretdr
2053 1437 2124 1475 ad-

1287 1491 1502 1530 ministrare
1549 1490 1657 1537 xxiii,
1690 1494 1715 1530 7
1771 1503 1901 1542 neque
1931 1491 1973 1530 id
2000 1490 2124 1542 magis

1286 1545 1450 1598 imperio
1479 1557 1597 1596 quam
1619 1543 1773 1605 justitia
1805 1549 2038 1585 consecutus
2066 1552 2126 1584 est

1289 1597 1391 1659 (non
1405 1605 1483 1637 tam
1491 1604 1686 1650 potestate
1691 1610 1791 1648 Juns
1800 1597 1997 1645 dictionis,
2006 1610 2123 1652 quam

1290 1651 1476 1704 aequi'tate
1512 1650 1913 1712 administrationis)
1901 1665 1930 1698 1,
1959 1655 2012 1693 2
2038 1652 2125 1705 (Sic

1236 1739 1237 1742 ,
1288 1705 1424 1752 ferei,
1444 1709 1484 1748 8.
1530 1718 1611 1744 non
1635 1704 1690 1752 vi,
1709 1706 1777 1744 sed
1795 1718 1951 1745 suorum
1985 1705 2125 1746 volun-

1289 1765 1384 1798 tate.
1437 1759 1656 1799 Loccenius
1687 1765 1816 1798 autem
1853 1759 2079 1799 strictamh.
2100 1761 2126 1799 l.

1288 1818 1524 1876 potestatem
1547 1813 1765 1865 imperandi
1791 1818 1859 1852 aut
1886 1813 1964 1852 vim
1980 1814 2125 1854 intelli-

1291 1868 1361 1920 git,
1392 1864 1543 1906 Ravius
1571 1867 1775 1919 imperium
1811 1865 1991 1914 militare,
2016 1866 2124 1908 Geb-

1289 1921 1470 1961 hardus·
1459 1934 1613 1973 impetu
1627 1919 1881 1972 violentiam).
1919 1921 2066 1983 btiebat,
2081 1930 2127 1962 ut

1289 1982 1479 2027 perpetuo
1493 1975 1697 2027 imperium
1712 1970 1931 2015 obtineret
1920 1988 1948 2023 1,
1961 1979 1988 2016 2
2015 1975 2120 2029 (Sicz

1289 2031 1517 2081 perpetuam
1547 2028 1779 2069 Chersonesi
1807 2024 2028 2069 obtinuerat
2050 2030 2124 2069 do-

1289 2082 1542 2123 minationem
1559 2083 1588 2131 i,
1603 2082 1666 2135 8).
1681 2083 1768 2144 qui
1779 2082 1895 2123 amici
1910 2081 2124 2125 Alexandri

1287 2136 1352 2177 M.
1370 2143 1461 2189 post
1478 2137 1626 2176 obitum
1653 2135 1739 2188 ejus
1758 2135 1918 2199 imperia
1935 2145 2126 2190 ceperunt

1287 2191 1367 2238 xxi,
1398 2195 1422 2232 3
1469 2191 1677 2231 multorum
1711 2189 1884 2243 imperiis
1911 2190 2013 2230 bene
2042 2193 2123 2244 geri

1288 2244 1459 2307 respubl.
1489 2258 1569 2284 non
1591 2250 1724 2297 potest
1765 2258 1805 2291 x,
1826 2247 1853 2285 6
1895 2243 1989 2298 (Est
2004 2245 2124 2287 inter-

1288 2299 1455 2350 pretatio
1483 2311 1615 2337 versus
1633 2297 1859 2337 Homerici·
1888 2298 1958 2338 οὐκ
1975 2298 2124 2350 ἀγαθὸν

1289 2350 1578 2411 πολυκοιρανίη.
1598 2349 1652 2391 εἷς
1669 2349 1844 2402 κοίρανος
1863 2349 2001 2405 ἔστω).
2042 2353 2122 2391 Ιιιι-

1288 2403 1441 2457 perium
1476 2403 1791 2467 (magistratus):
1857 2418 1980 2457 penes
2024 2419 2123 2458 quos

1288 2471 1479 2496 summum
1515 2458 1719 2509 imperium
1752 2463 1835 2497 erat
1865 2459 1939 2511 (de
1955 2457 2123 2511 Ephori-s

1288 2510 1642 2574 Lacedaemonios)
1669 2511 1712 2558 ii,
1731 2514 1756 2551 7
1799 2525 1889 2551 οιιιιι
1907 2514 2015 2566 apud
2033 2527 2122 2554 eum

1290 2578 1480 2605 summum
1500 2571 1604 2605 esset
1618 2577 1819 2618 imperium
1864 2565 1976 2618 opuli
2001 2566 2122 2616 xix,2

1289 2619 1542 2673 (Plutarchus
1554 2632 1733 2672 στρατηγ
1739 2617 1842 2659 lma
1790 2633 1842 2659 κα
1866 2617 2042 2672 ἄρχοντα
2056 2635 2125 2661 νο-

1289 2680 1367 2721 cat,
1387 2674 1413 2713 i.
1433 2687 1470 2713 e.
1485 2679 1703 2725 praetorem.
1720 2672 1858 2712 Lamb.
1861 2672 1882 2727 )
1899 2674 2037 2715 decem
2054 2676 2126 2716 de-

1287 2727 1449 2780 legerat,
1468 2727 1610 2781 quibus
1632 2740 1823 2766 summum
1835 2740 2038 2781 imperium
2050 2742 2123 2782 po·

1288 2787 1547 2834 testatemque
1573 2781 1745 2820 omniurn
1762 2794 1885 2821 rerum
1904 2782 2122 2824 committe-

1288 2841 1346 2875 ret
1373 2835 1427 2883 vi,
1445 2840 1466 2877 1
1515 2834 1731 2898 Imperium
1758 2836 1831 2888 (de
1848 2835 2007 2877 militari
2019 2850 2122 2890 prae·

1288 2888 1481 2942 sectura):
1499 2902 1578 2942 quo
1589 2889 1750 2941 imperio
1763 2888 1968 2951 plerasque
1978 2890 2124 2931 insulas

1288 2943 1339 2982 ad
1378 2943 1546 2983 officium
1583 2943 1708 2982 redire
1722 2941 1874 3005 coegit
1917 2943 1946 2990 i,
1965 2947 1990 2986 7
2034 2944 2122 2998 ejus

1287 2997 1443 3048 imperii
1465 2996 1647 3037 memoria
1691 2995 1748 3045 iii,
1780 3000 1807 3037 2
1847 2996 2010 3049 imperio
2038 2999 2122 3060 pari

1289 3063 1378 3090 eum
1396 3057 1516 3113 atque
1532 3049 1621 3090 illos
1640 3063 1725 3089 esse
1737 3048 1857 3102 jussit
1895 3051 1975 3099 xiv,
1992 3055 2018 3093 3
2064 3050 2124 3092 illi

1288 3117 1440 3144 summa
1445 3116 1611 3166 impetu
1628 3103 1768 3143 tradita
1799 3109 1873 3151 est,
1892 3102 1990 3145 ibid.
2039 3106 2124 3159 pari

1287 3157 1456 3198 absens
1444 3158 1608 3210 imperio
1623 3156 1832 3210 praeficitur
1848 3156 1917 3206 vii,
1931 3163 1968 3199 5
1967 3159 2121 3204 horum

1287 3211 1451 3264 imperio
1482 3218 1592 3252 tanta
1609 3211 1861 3251 commutatio
1879 3224 2004 3252 rerum
2017 3212 2123 3253 facta

1268 3272 1361 3317 lest,
1380 3271 1439 3313 ut,
1458 3264 1556 3305 ibid.
1599 3265 1668 3319 qui
1694 3277 1886 3304 summum
1916 3265 2119 3318 imperium

1288 3324 1370 3358 tum
1405 3320 1506 3359 inter
1542 3320 1747 3372 praefectos
1780 3317 1950 3358 habebat
1993 3319 2119 3372 regios

1285 3373 1558 3475 §Biffipgffi
1572 3372 2118 3487 :32;?¹3122322‡11‡22.52232

1285 3493 1433 3534 summo
1452 3479 1545 3520 belh
1556 3479 1678 3533 duce)
1705 3476 1809 3526 xviii,
1830 3481 1854 3519 7
1901 3477 2013 3531 cujus
2043 3475 2115 3521 'sub
