2306 3900
646 245 806 284 xvn.
870 245 1257 294 AGEsmAUM,
1297 245 1433 285 cAP.
1472 232 1523 284 4.

177 368 190 391 ‘
210 367 265 410 Id
281 366 431 409 Scriba
448 378 535 408 uon
553 365 750 418 accepit:
789 363 891 405 libri
910 363 954 404 in
985 375 1054 406 co·

178 430 317 482 mitio,
347 430 446 483 igue
482 441 511 470 a
545 426 793 469 victimariis
829 425 966 478 facto,
1012 427 1054 467 iu

178 499 412 548 conspectu
430 491 577 546 populi
602 489 783 532 cremati
800 489 931 531 sunt!
971 490 1056 532 Ta·

179 556 256 599 cit.
286 567 394 599 xm.
425 559 495 597 58.
537 555 552 578 ‘
584 554 823 596 Ruminalis
850 553 980 595 arbor
1009 553 1054 594 iu

178 618 382 663 comitio!
435 619 586 661 Utitur
611 617 853 670 ·aliquoties
899 617 1054 659 Cicero

176 696 257 737 pro
275 684 444 733 Sextio,
457 682 500 723 in
510 683 710 724 Verrem.
742 682 943 735 Xenoph.
957 681 1055 722 red·

177 748 244 790 dit
268 748 454 801 ἐφορεῒον.
487 745 689 787 Gebhard.
744 745 836 786 Pro
853 757 939 800 quo
958 757 1054 787 cor—

177 817 305 865 rupte
331 811 406 852 alii
436 811 604 863 φορεῖον.
659 810 786 851 Idem
822 808 974 862 tradit,
1000 809 1055 850 ad

173 875 313 931 ipsum
344 874 515 916 missam
543 872 677 916 fuisse
706 874 914 927 scytalen,
928 886 1056 927 quam

175 951 348 992 semper
365 939 411 980 in
437 937 688 981 revocandis
715 938 1055 991 Imperatoribus

175 1002 263 1044 suis
282 1002 544 1044 adhibebant
567 1002 897 1044 Lacedaemonii.
940 1002 1056 1044 Vide

174 1079 270 1120 quoe
289 1078 420 1120 supra
433 1065 488 1107 ad
506 1065 760 1108 Pausaniam
775 1070 1053 1109 notatasunt.

178 1129 379 1171 Kenchen.

234 1193 357 1244 Ctv‘toe
373 1193 591 1246 exemplam
617 1192 772 1234 utinam
798 1192 1055 1246 imperatores

170 1256 315 1308 aedri]
343 1257 453 1298 Haec
481 1258 708 1310 perspicue
738 1257 785 1298 in
806 1257 959 1299 Caium
975 1259 1053 1301 Ju-

171 1319 277 1360 liurn
309 1320 526 1361 Caesarem
555 1320 779 1381 dicuutur,
806 1323 882 1375 qui
916 1317 1053 1364 invito

169 1383 334 1425 Senatu
352 1389 398 1426 et
416 1391 569 1425 contra
594 1385 713 1437 leges
731 1386 970 1427 exercitum
988 1399 1055 1427 re·

171 1447 315 1490 tinuit.
353 1447 481 1488 Unde
498 1453 648 1489 natum
664 1454 734 1489 est
749 1448 907 1490 bellum
925 1450 1054 1491 civile

167 1509 286 1553 inter
312 1523 409 1552 eum
442 1516 488 1552 et
517 1511 788 1564 Pompeium.
825 1513 1053 1555 Lambinus.

168 1574 351 1626 Magius.

230 1638 433 1692 Tantaque
463 1651 556 1680 usus
572 1643 634 1681 est
650 1639 871 1692 celeritate]
903 1640 1052 1682 Imita-

169 1701 232 1742 tio
259 1708 415 1754 aperta
446 1701 570 1743 istius
601 1695 931 1756 Xenophontis.
959 1711 1053 1744 Δια-

171 1764 248 1810 βὰς
264 1763 308 1805 δὲ
332 1764 401 1809 τὸν
432 1764 738 1818 Ἑλλήποντον,
765 1766 967 1820 ἐπορεύετο
991 1767 1053 1811 διὰ

171 1830 249 1868 τῶν
280 1828 403 1870 αὐτῶν
438 1828 565 1881 ἐθνῶν,
607 1829 730 1882 ὅπερ
756 1832 779 1870 ὁ
806 1828 1051 1884 Πέρσησι-φ

166 1891 390 1942 παμπλήθη
405 1891 550 1946 στόλῳ,
576 1893 642 1935 καὶ
657 1892 707 1942 ἢν
722 1895 910 1937 inmun·
925 1847 1051 1937 ὁδὸντφ
1027 1897 1051 1937 ὖ

170 1953 623 2009 βάρβαρος,ἐποιήσα-ιο,
642 1958 788 2007 ταύτην
815 1960 924 2009 μεῖον
951 1958 978 2008 ἢ
1010 1959 1052 2001 ἐν

165 2017 255 2067 μηνὶ
273 2017 486 2068 κατήνυσεν
501 2022 524 2060 ὁ
540 2019 788 2070 Ἀγησίλαος.

219 2083 342 2122 Anna
353 2082 548 2135 vertente]
594 2083 648 2124 Id
667 2090 750 2137 est,
776 2086 878 2126 anni
893 2085 1049 2138 spatio.

164 2145 306 2187 Annus
330 2158 435 2188 vero
469 2151 624 2188 vertens
657 2151 860 2201 magnum
889 2158 1049 2191 annum

166 2209 365 2251 Ciceroni
397 2209 630 2263 significat,
667 2211 722 2252 de
751 2225 837 2266 quo
863 2226 943 2254 nos
961 2226 1049 2256 nou

166 2284 311 2325 pauca
339 2272 411 2314 lib.
430 2284 504 2315 ιιι.
526 2277 592 2316 16.
627 2275 683 2315 de
714 2276 872 2317 Mundi
889 2278 1050 2318 exusti-

162 2348 246 2377 one
263 2341 311 2378 et
327 2336 401 2379 die
417 2337 595 2380 Judicii.
623 2339 742 2390 Mug-
793 2338 1046 2382 Juvenalis:

157 2398 178 2429 ‘-
194 2400 255 2440 Et
285 2411 384 2441 cum
414 2412 461 2441 se
497 2401 678 2442 verterit
713 2401 878 2444 annus.'
930 2402 1048 2444 Anno

162 2467 341 2506 omme
357 2463 595 2516 confecerat]
621 2464 696 2507 Sic
711 2471 879 2507 rectum
898 2464 984 2508 fuit
1001 2468 1046 2508 in

163 2527 424 2569 membranis
443 2534 490 2569 et
507 2529 722 2583 plerisque
742 2529 898 2572 editis..
941 2532 1047 2573 Per-

152 2603 315 2644 ‚peram
333 2593 471 2644 igitur
493 2598 541 2634 et
564 2593 819 2635 inconcinne
837 2595 1047 2647 posterio-

164 2666 234 2695 res
262 2655 457 2709 διορθωταὶ
486 2667 569 2697 uon
589 2656 680 2697 sine
701 2657 848 2710 specie
873 2657 1047 2699 ὀπωδευ·

162 2717 249 2759 σίας
298 2723 520 2771 receptam
574 2719 785 2765 hactenus
837 2721 1047 2773 optimam

162 2782 438 2835 scripturam,
469 2795 572 2824 anno
596 2787 771 2825 umente
797 2785 1046 2825 mutandam

162 2852 341 2888 censent
358 2848 403 2889 in
419 2860 521 2888 anno
537 2849 702 2890 inverso.
756 2850 820 2891 Ut
845 2850 904 2892 sit
919 2862 1046 2891 οιιιιιιι

159 2910 339 2952 {numus
353 2911 469 2965 quod
487 2915 657 2964 vertens,
685 2913 757 2954 vel
785 2925 913 2954 mnus
940 2919 1047 2955 tem·

160 2985 258 3026 pus,
288 2979 341 3015 ut
369 2974 563 3027 loquitur
579 2981 733 3016 auctor
762 2976 809 3016 in
837 2976 1046 3019 Themist.

162 3037 350 3089 spatium
371 3038 540 3080 scilicet
567 3051 771 3093 aunuum,
786 3052 871 3094 quo
891 3053 1044 3094 perac-

160 3106 252 3142 tum
289 3102 374 3141 iter
410 3109 458 3143 et
490 3101 676 3156 finitum,
728 3103 896 3146 omia
943 3105 1043 3148 ὁδός.

161 3163 292 3206 Quod
310 3164 420 3205 male
438 3163 598 3206 dixeris
617 3166 839 3210 doctorum
859 3169 1044 3222 judicio,

161 3227 235 3280 qui
255 3227 499 3268 accuratius
512 3227 748 3272 distinxere
766 3231 883 3273 inter
897 3246 1044 3276 annum

159 3293 373 3330 vertentem
408 3296 456 3332 et
486 3291 700 3333 iaversmc
769 3294 884 3336 Nam
918 3309 1044 3338 annm

159 3356 315 3394 oen-tm
350 3358 418 3394 est
450 3366 586 3395 annus
614 3367 795 3408 magnus
823 3358 1042 3412 Ciceroni,

165 3415 339 3459 δνιαιηδς
366 3416 650 3475 περιειλάμενος,
671 3431 757 3462 nou
776 3421 950 3476 quidem
967 3421 1041 3476 qui

1888 229 1997 283 603

1117 364 1253 415 vertit,
1280 364 1356 405 sed
1375 364 1448 417 qui
1465 363 1669 411 vertitur,-
1693 365 1922 411 παθητικῶς,
1946 369 1997 405 ιιι

1116 428 1128 448 ¹
1148 439 1283 468 annus
1316 426 1519 470 volvens'
1564 427 1772 469 dicebant
1810 427 1996 469 Romani

1118 490 1264 532 Graec.
1296 492 1512 545 exemplo.
1585 491 1771 533 [aversus
1799 503 1902 533 vero
1929 496 1998 533 est

1117 566 1255 595 annus
1288 554 1507 607 brumalis,
1541 567 1670 609 quem
1704 560 1865 597 vocant
1896 569 2000 608 περι-

1115 615 1298 671 τροπέων.
1359 619 1470 661 Nam
1485 619 1627 672 τροπαὶ
1657 633 1683 661 a
1711 620 1882 662 Graecis
1910 632 1997 662 uer-

1115 695 1222 724 surae
1239 689 1289 725 et
1302 685 1540 726 reversiones
1572 686 1675 726 solis
1707 690 1935 737 vocantur,
1970 698 1999 727 a

1117 746 1282 788 Latinis
1318 747 1455 789 brunia
1488 752 1537 789 et
1571 749 1796 789 solstitium.
1870 748 2000 792 Quod

1117 810 1227 851 male
1270 811 1373 852 huic
1420 817 1675 865 argumento
1729 812 1998 855 attribuetis.

1118 874 1382 917 Keuchent'us.
1911 923 1916 927 ,

1174 937 1396 991 cteta-ique
1412 950 1547 980 eorum
1561 937 1678 991 socii]
1724 937 1895 991 Argivi,
1916 939 1996 980 Co·

1115 1000 1281 1054 rinthii‚
1305 1002 1517 1054 AEnianae,
1531 1002 1807 1052 Euboeenses,
1824 1007 1873 1044 et
1889 1002 1999 1044 utri-

1115 1076 1200 1118 que
1218 1065 1358 1107 Locri.
1375 1066 1576 1120 Xenoph.
1592 1066 1794 1108 ‘mim
1812 1078 1880 1108 w.

1166 1127 1287 1182 Apud
1325 1130 1559 1182 Coroneum]
1617 1130 1800 1172 Boeotiae
1833 1114 1999 1173 urbem.

1114 1190 1421 1234 Emendandus
1435 1193 1733 1246 Plutarchus,
1722 1206 1767 1234 ιιι
1779 1206 1863 1247 quo
1880 1206 2000 1235 men

1116 1253 1222 1294 dose
1245 1255 1420 1309 legitur,
1448 1255 1522 1308 πρὸ
1549 1255 1623 1304 τὴν
1644 1255 1886 1309 Κοιράνειον,
1918 1268 1998 1310 pro

1116 1314 1340 1369 Κορώνειαν.
1412 1317 1441 1361 J
1446 1318 1611 1360 ustinus
1647 1318 1896 1371 Agesilaum
1929 1332 2000 1361 su·

1115 1379 1364 1432 pervenisse
1382 1393 1535 1433 puguae
1555 1381 1709 1433 tradit,
1739 1394 1826 1423 non
1845 1381 1899 1422 ab
1915 1382 1996 1423 ini-

1115 1443 1178 1484 tio
1196 1442 1444 1484 interfuisse
1460 1457 1474 1494 ς
1503 1444 1617 1498 quod
1635 1449 1788 1486 contra
1809 1445 1997 1486 omnium

1113 1507 1352 1548 historiam.
1367 1507 1531 1549 Incidit
1545 1508 1591 1548 in
1603 1508 1854 1562 Olympiad.
1868 1520 1996 1550 xcvr.

1115 1581 1216 1611 anu.
1235 1574 1278 1612 2.
1308 1571 1509 1612 Kenaehen.

1120 1663 1122 1665 -
1167 1633 1220 1674 In
1236 1634 1425 1687 templum
1444 1634 1656 1688 Miner-vm]
1699 1635 1996 1688 Cognomento

1117 1697 1272 1751 Ῑιοιιίιε,
1289 1704 1340 1740 ιιι
1358 1699 1488 1740 docet
1501 1699 1739 1740 Pausanias
1755 1700 1998 1741 Laconicis.

1113 1763 1187 1804 Sic
1211 1763 1327 1804 enim
1355 1765 1428 1805 ille
1445 1764 1524 1805 hac
1543 1765 1600 1806 de
1619 1777 1667 1806 re
1687 1766 1868 1819 loquens
1885 1780 1897 1808 ε
1923 1766 1996 1808 Ὦς

1111 1823 1156 1867 δὲ
1187 1825 1398 1880 &pria-orto
1424 1828 1464 1869 οἱ
1480 1827 1660 1880 Βοιωτοὶ,
1684 1828 1997 1882 καταφεύγωσιν

1111 1889 1240 1945 ἅνδρες
1257 1892 1297 1943 ἐξ
1314 1892 1437 1933 αὐτῶν
1462 1893 1504 1934 ἐς
1533 1892 1630 1946 ἱερὸν
1645 1893 1820 1947 Ἀθηνᾶς,
1834 1893 1995 1943 ἐπίκλη-

1111 1954 1367 1996 σινἸτ-ωνίας.
1393 1955 1576 1997 Lambin.

1164 2019 1262 2058 Etsi
1278 2018 1430 2070 aliquot
1446 2019 1609 2059 vulnera
1626 2019 1846 2072 acceperat]
1874 2021 1996 2062 Prae-

1110 2081 1271 2122 clarior
1289 2080 1528 2122 moderatio
1547 2088 1617 2122 est
1647 2082 1692 2122 in
1720 2082 1874 2135 victos,
1906 2096 1993 2137 quo

1108 2146 1251 2188 victor
1267 2146 1536 2198 gravioribus
1553 2148 1718 2200 injuriis
1747 2154 1795 2189 et
1821 2149 1992 2192 damnis

1109 2216 1179 2252 est
1196 2209 1396 2252 affectus.
1459 2211 1682 2252 Laudatur
1699 2225 1750 2253 eo
1777 2215 1949 2255 nomine
1967 2228 1993 2256 a

1107 2275 1249 2326 Trogo
1266 2274 1380 2326 apud
1399 2274 1564 2317 Jusarn.
1584 2286 1671 2316 vn.
1697 2279 1738 2316 6.
1759 2277 1995 2331 ⁴Philippus

1107 2337 1120 2359 ‘
1136 2337 1246 2378 Cum
1261 2336 1515 2378 Methonam
1531 2337 1680 2378 urbem
1699 2346 1993 2393 oppugnaret,

1107 2401 1153 2441 in
1173 2406 1524 2454 ‘praetereuntem
1560 2401 1615 2442 de
1659 2403 1792 2443 muris
1829 2405 1995 2457 sagitta

1096 2463 1222 2517 jacta
1239 2464 1441 2505 dextrum
1473 2465 1646 2505 oculum
1679 2467 1794 2519 regis
1810 2465 1990 2510 effoditz

1107 2539 1195 2580 quo
1212 2528 1391 2568 vulnere
1421 2539 1502 2568 nec
1535 2529 1707 2580 segnior
1738 2530 1782 2570 in
1818 2531 1992 2583 bellum,

1106 2603 1190 2632 nec
1201 2592 1450 2633 iracundior
1466 2593 1671 2633 adversus
1689 2594 1832 2635 hostes
1849 2593 1990 2636 factus

1106 2660 1200 2695 est:
1231 2654 1342 2695 adeo
1360 2660 1428 2706 ut,
1457 2655 1700 2708 interjectis
1715 2655 1885 2709 diebus,
1918 2669 1991 2710 pa·

1107 2729 1204 2759 cem
1224 2718 1559 2771 deprecantibus
1579 2718 1777 2770 dederit;
1806 2732 1888 2762 nec
1903 2733 1991 2762 mo·

1106 2780 1282 2823 deratus
1302 2787 1485 2833 tantum,
1519 2794 1666 2822 verum
1701 2782 1834 2823 etiam
1871 2785 1990 2826 mitis

1107 2847 1312 2888 adversus
1333 2848 1473 2888 victos
1490 2845 1654 2888 fuerit?
1709 2846 1881 2902 Alioqui
1899 2849 1988 2891 vic-

1104 2911 1219 2952 toria
1234 2909 1353 2951 mitis
1369 2910 1439 2951 vel
1455 2914 1634 2951 cruenta
1650 2914 1735 2962 est,
1763 2916 1893 2963 prout
1910 2914 1989 2954 mi·

1104 2987 1213 3016 nora
1231 2975 1300 3016 vel
1320 2975 1536 3016 atrociora
1564 2974 1610 3015 iu
1642 2987 1695 3015 ea
1725 2976 1988 3019 elaboranda

1104 3039 1300 3092 pericula
1330 3038 1508 3080 fuerunt
1540 3039 1778 3082 subeunda.
1819 3041 1985 3083 Justin.

1102 3102 1179 3144 lib.
1196 3114 1230 3143 1.
1249 3106 1292 3144 7.
1318 3103 1332 3126 ⁴
1348 3102 1436 3144 Sed
1467 3107 1629 3155 quanto
1661 3103 1820 3143 bellum
1851 3104 1986 3145 miuo-

1103 3165 1162 3206 ris
1190 3166 1389 3219 periculi,
1419 3171 1542 3207 tanto
1559 3171 1605 3205 et
1623 3165 1770 3205 mitior
1802 3167 1988 3209 victoria

1101 3227 1214 3270 fuit!
1243 3229 1396 3270 Florus
1414 3227 1490 3269 lib.
1509 3239 1560 3268 11.
1576 3230 1617 3267 8.
1629 3226 1875 3270 ‘Antiocho
1895 3229 1985 3271 vic.

1102 3300 1150 3336 to
1177 3300 1225 3335 et
1258 3293 1441 3347 supplici
1473 3303 1625 3345 pacem
1651 3297 1782 3347 atque
1811 3299 1984 3347 partem

1102 3358 1225 3411 regni
1244 3358 1337 3399 dari
1350 3356 1529 3410 placuit,
1547 3367 1602 3397 eo
1619 3356 1837 3412 libentius,
1863 3362 1982 3414 quod

1102 3427 1190 3465 tam
1220 3421 1350 3465 facile
1382 3420 1616 3464 cessisset.’
1657 3420 1782 3466 Cart.
1806 3423 1882 3467 lib.
1912 3435 1978 3468 xv.
