2306 3900
346 381 415 416 ter
445 387 501 416 sev
528 375 571 416 in
606 380 818 428 perpetuo
855 377 986 418 exilio
1019 375 1228 427 victuros,

344 440 444 480 dum
465 439 715 491 reipublicae
731 444 951 481 constaret
964 439 1228 482 concordia.’

343 502 554 542 Velleius.
594 503 652 542 Et
687 503 810 544 addit
847 503 1047 545 tandeme
1085 506 1099 527 ‘
1120 505 1228 547 Quae

344 567 486 607 omnia
501 566 687 608 Senatus
706 567 892 608 decretis
909 568 1231 621 com-prehensa,

344 629 624 682 comprobata
642 629 771 681 sunt,'
789 643 842 671 11.

397 692 560 743 AbJecto
599 693 750 747 Bruto]
816 696 1010 736 Fortuna
1049 695 1230 737 adversa

272 779 279 784 -
345 761 577 808 prostrato.
638 757 819 800 Petron.
852 759 939 800 ‘In
971 759 1070 800 loco
1107 771 1230 812 pere-

344 819 467 870 grino
496 819 698 862 destituit
733 821 986 875 abjectum:
1039 823 1229 875 Propius

306 908 311 915 s
343 882 443 923 Val.
475 883 689 925 Maximus
717 884 791 926 lib.
812 895 857 925 v.
891 888 928 926 1.
948 888 991 927 8.
1022 886 1035 908 ‘
1054 886 1167 927 Nam
1194 886 1231 926 si

346 946 568 999 egregium
597 952 680 999 est,
710 947 877 988 hostem
907 947 1112 1000 abjicere,
1144 959 1231 988 non

347 1009 485 1051 minus
504 1015 649 1052 tamen
664 1010 899 1063 laudabile,
913 1010 1100 1053 infelicis
1118 1011 1231 1052 scire

295 1093 297 1096 ·
345 1073 570 1114 misereri!
617 1074 816 1116 Gebhard.
887 1075 961 1116 Sic
1002 1075 1015 1098 ‘
1035 1075 1234 1128 abjectus

346 1136 492 1178 homo'
524 1138 568 1178 in
597 1137 670 1179 lib.
691 1149 753 1179 tv.
783 1138 889 1180 Cod.
913 1139 969 1180 de
988 1144 1101 1180 cust.
1121 1151 1234 1181 reor.

347 1204 395 1241 et
413 1201 529 1253 apud
549 1201 821 1254 Ciceronem,
837 1202 882 1243 in
902 1202 1115 1244 Oratione
1134 1214 1235 1244 con·

347 1268 418 1304 tra
436 1263 624 1306 Rullum.

403 1327 598 1380 Italiaque
616 1328 786 1381 cedenti]
825 1328 982 1371 Sextili
1006 1340 1168 1382 mense,
1186 1333 1236 1370 ut

348 1402 403 1431 ex
435 1391 648 1433 Cicerone
677 1391 969 1434 manifestum.
1014 1392 1234 1433 Velleius:

346 1454 359 1475 ‘
380 1452 576 1495 Profecti
595 1454 702 1496 urbe
728 1461 860 1509 atque
890 1455 1035 1508 Italia,
1064 1455 1236 1496 intento

348 1529 399 1559 ac
418 1517 513 1571 pari
540 1518 681 1559 animo
708 1519 800 1559 sine
819 1519 1079 1560 auctoritate
1097 1518 1242 1571 publi-

349 1597 400 1626 ca
419 1585 662 1637 provincias
677 1585 981 1640 exercitusque
999 1596 1238 1639 occupave-

349 1646 477 1689 rant!
516 1647 672 1688 Keueh.

404 1711 595 1751 Trecenta
614 1710 743 1760 jussit
776 1709 888 1763 dari]
923 1709 1077 1752 Cicero
1095 1711 1236 1764 Epist.

350 1774 406 1815 ad
434 1772 647 1828 Atticum,
685 1773 760 1817 lib.
787 1785 866 1816 xv.
901 1777 970 1816 17.
998 1786 1025 1816 a
1055 1776 1240 1816 Servilia

350 1843 619 1879 numeratam
652 1838 706 1879 ab
736 1837 905 1889 Attico,
941 1840 1079 1881 Bruto
1109 1839 1240 1880 Italia

351 1903 547 1957 cedenti,
590 1903 823 1957 significat,
873 1903 930 1946 de
975 1917 1063 1958 qua
1107 1903 1237 1946 iufra.

351 1965 508 2008 δεήσει.

404 2032 570 2074 Potenti
587 2031 782 2086 Antonio]
814 2031 902 2076 Qui
937 2036 1081 2074 tamen
1111 2032 1240 2073 titulo

352 2094 521 2148 imperii
541 2096 728 2137 cedebat
747 2096 932 2150 Lepido,
948 2109 1045 2138 cum
1077 2107 1242 2138 summa

353 2159 509 2200 virium
530 2172 661 2213 penes
677 2172 775 2201 eum
794 2160 926 2201 foret.
966 2160 1081 2202 Vell.
1096 2160 1215 2202 Plut.

407 2223 545 2275 Neque
573 2224 794 2275 desperatos
821 2221 1002 2275 reliquit]
1043 2222 1117 2263 Sic
1147 2221 1241 2263 fere

355 2286 502 2338 paullo
535 2291 662 2338 post:
691 2286 704 2309 ‘
725 2286 779 2327 Id
809 2298 865 2327 ex
898 2286 1003 2339 ipsis
1037 2285 1168 2326 rebus
1191 2297 1243 2326 ac

356 2348 625 2400 temporibus
635 2349 824 2402 judicari
841 2354 1005 2401 potest,
1023 2348 1137 2402 quod
1157 2360 1244 2389 non

355 2409 605 2452 florentibus
621 2423 667 2452 se
687 2411 946 2460 venditavit,
971 2410 1048 2452 sed
1072 2410 1245 2453 afflictis

357 2486 530 2527 semper
547 2475 788 2516 succurrit!
827 2475 1030 2517 schottus.

375 2570 378 2574 .
412 2539 525 2581 Car.
553 2543 596 2580 9.
635 2539 820 2580 Secutum
843 2543 901 2580 est
932 2539 1072 2580 bellum
1090 2543 1248 2590 gestum

356 2605 462 2656 apud
494 2603 717 2656 Mutinam]
763 2604 1028 2656 Mutinense,
1065 2605 1245 2646 Sueton.

358 2669 472 2709 Flor.
513 2668 636 2709 Inter
661 2669 892 2710 Octavium
922 2674 968 2710 et
997 2667 1247 2710 Antonium.

361 2734 475 2774 Vell.
505 2734 666 2775 Caussa
683 2735 808 2787 hujus
827 2739 1134 2776 testamentum
1154 2737 1248 2777 Cae-

361 2796 468 2836 saris
481 2796 577 2838 fuit.
602 2798 768 2838 Florus.
795 2797 909 2839 Vide
921 2797 1104 2839 Dionem
1122 2809 1246 2841 nm.

361 2860 525 2901 Incidit
556 2861 723 2901 initium
755 2861 847 2914 eJus
878 2861 923 2902 in
955 2873 1112 2902 annum
1140 2862 1248 2904 Urb.

363 2927 551 2968 conditae
567 2931 662 2968 712.
702 2926 756 2968 P.
773 2926 957 2968 Servilio
980 2927 1111 2967 Vatia
1131 2938 1182 2968 ιι.
1202 2932 1248 2968 et

362 2991 412 3030 L.
449 2989 638 3031 Antonio
668 2991 790 3031 Coss.
844 2990 943 3033 Quo
976 2990 1247 3030 consulatum

362 3053 536 3106 accepit
553 3053 792 3106 Augustus,
809 3050 987 3093 εἰκοστὸν
1013 3051 1121 3104 ἄγων
1146 3051 1249 3107 ἔτος,

363 3118 413 3158 ὥς
444 3116 560 3158 αὐτὸς
589 3117 630 3157 ἐν
656 3118 740 3157 τοῖς
769 3114 1058 3166 Ὑπομνήμασιν
1085 3115 1248 3168 εἴρηκεν.

366 3177 486 3233 Leg'e
506 3180 805 3221 Casaubonum
825 3190 879 3220 ιι.
905 3184 1008 3220 nota
1028 3179 1082 3219 ad
1102 3190 1249 3220 monu-

365 3249 554 3284 mentum
582 3242 874 3295 Ancyranum,
902 3246 948 3283 et
975 3242 1172 3282 Vossium
1193 3240 1247 3281 ad

366 3305 663 3348 Paterculum.
717 3305 864 3360 Atque
887 3306 968 3346 hoc
996 3305 1177 3358 primum
1198 3316 1249 3345 ac

367 3367 640 3409 novissimum
675 3369 835 3410 bellum
870 3374 953 3421 est,
991 3368 1106 3421 quod
1138 3369 1250 3409 inter

369 3428 512 3469 civilia
531 3431 661 3481 gessit
680 3432 907 3482 Octavius,
934 3432 1062 3473 tertio
1086 3443 1249 3483 meuse,

369 3487 533 3534 duobus
552 3493 722 3546 praeliis.
764 3496 966 3535 Keucken.

728 258 910 298 NOTAE
950 257 1281 299 VARlORUM
1322 259 1388 299 IN
1432 261 1482 300 G.
1522 261 1786 300 NEPOTls

1345 377 1465 430 Apud
1490 379 1711 432 Mutinam]
1739 379 1956 432 Cor-rupte
1989 378 2034 420 in
2065 381 2173 423 Μει.

1292 439 1411 482 libris
1447 442 1674 484 Medicaeis
1721 442 1883 496 legitur
1926 443 2173 486 Numidiam.

1291 504 1501 548 Erustius.
2170 524 2172 526 ·

1344 568 1393 608 Si
1423 570 1617 611 divinatio
1646 571 1877 623 appellanda
1901 573 1959 611 ese
1987 573 2177 622 perpetua

1290 633 1486 673 naturalia
1517 633 1684 686 bonitas]
1736 633 1913 675 Credidi
1945 633 2176 687 aliquando

1289 694 1360 736 hic
1396 695 1668 738 divinitatem
1718 696 1922 750 describi,
1967 693 2178 737 ἀποθέωσιν

1292 757 1457 811 potius,
1475 771 1601 812 quam
1617 760 1943 802 divinationem.
1976 761 2180 803 Schottua.

1291 819 1417 862 Infra
1433 835 1446 862 z
1503 822 1516 844 ‘
1537 823 1822 865 Prudentiam
1860 825 2177 878 quodammodo

1293 894 1387 924 esse
1418 883 1755 927 divinationem.’
1801 886 2091 928 Proverbium
2118 888 2180 929 ci·

1293 950 1414 988 tante
1434 946 1490 987 ad
1510 947 1732 1000 Hecyram
1763 949 2067 990 Terentianum
2083 951 2180 992 Dos·

1292 1015 1423 1052 nato:
1483 1012 1497 1034 ‘
1517 1010 1655 1053 Aiunt
1690 1012 1885 1054 divinare
1921 1013 2180 1067 sapientem,-

1295 1075 1396 1128 quia
1413 1075 1485 1129 qui
1503 1087 1651 1118 verum
1668 1075 1793 1128 dicit,
1809 1076 1978 1118 divinus
1996 1077 2092 1120 est:
2118 1078 2183 1119 Et

1292 1138 1489 1180 meminit
1511 1139 1740 1181 locutionis
1772 1139 1920 1181 similis
1938 1139 2016 1183 lib.
2032 1151 2077 1183 v.
2095 1140 2183 1182 Mi·

1294 1203 1374 1243 les.
1395 1202 1622 1256 Apuleius.
2058 1206 2067 1209 ’

1310 1296 1313 1299 -
1352 1267 1455 1313 Quae
1469 1268 1587 1308 nullis
1602 1267 1758 1308 casibus
1770 1271 1956 1320 ungatur,
1968 1279 2092 1321 neque
2107 1268 2184 1310 mi·-

1294 1331 1450 1384 nuitur]
1477 1331 1646 1375 Gifanii
1670 1338 1717 1374 et
1742 1333 1922 1375 Joanuia
1950 1333 2185 1374 Savaronia

1296 1395 1394 1436 libri
1428 1395 1590 1437 habent
1621 1398 1770 1449 agitur.
1810 1397 1958 1439 Ernst.
2025 1397 2184 1439 Menn-

1297 1465 1441 1500 tamen
1461 1464 1643 1514 augetur,
1660 1466 1864 1514 respectu
1885 1461 2110 1502 relationis
2127 1460 2184 1501 ad

1295 1524 1344 1566 τὸ
1359 1526 1566 1567 minuitur.
2038 1527 2041 1530 ⁴

1351 1587 1497 1630 Hostis
1511 1589 1711 1635 Antonius
1727 1590 1950 1643 judicatus,
1967 1591 2091 1632 Italia
2108 1603 2186 1632 cea-

1296 1652 1422 1705 serat]
1450 1653 1640 1693 Velleius
1656 1663 1709 1695 ιι.
1727 1655 1741 1677 ‘
1761 1652 1977 1695 Antonius
1995 1654 2112 1707 turpi
2131 1664 2184 1695 ac

1298 1716 1415 1756 nuda
1433 1712 1538 1768 fuga
1556 1721 1734 1757 coactus
1758 1716 1961 1758 deserere
1979 1717 2187 1759 Italiam.'

1299 1778 1454 1820 Florus
1470 1789 1533 1820 rv.
1550 1782 1593 1819 4.
1623 1779 1636 1802 ‘
1657 1778 1840 1821 Obsidio
1867 1780 2052 1821 Mutina!
2080 1779 2189 1821 libe-

1299 1846 1370 1881 rat
1387 1841 1588 1893 Brutum,
1606 1841 1841 1883 Antonium
1867 1842 1988 1884 exuit
2004 1841 2189 1884 castris!

1301 1903 1428 1946 Idem
1454 1905 1672 1946 Velleius:
1717 1906 1730 1928 ‘
1751 1906 1942 1958 Lepidus
1972 1905 2131 1947 deinde
2160 1917 2188 1947 a

1299 1968 1464 2010 Senatu
1491 1969 1627 2011 hostis
1647 1969 1872 2022 Judicatus
1900 1973 1985 2020 est,
2013 1975 2064 2009 ut
2085 1974 2188 2010 ante

1300 2030 1444 2073 fuerat
1462 2031 1706 2074 Antonius?
1735 2033 1899 2073 Caussa
1911 2031 2067 2085 judicii
2077 2038 2190 2084 erat,

1303 2095 1418 2148 quod
1451 2095 1835 2137 senatusconsulto
1870 2096 2192 2147 intercesserat,

1302 2172 1444 2214 neque
1462 2161 1816 2202 intercessionem
1835 2159 2061 2200 remittere
2075 2158 2191 2199 vole-

1305 2224 1396 2266 bat.
1427 2224 1580 2266 Cicero
1610 2224 1803 2277 Philipp.
1832 2234 1885 2264 ιι.
1918 2222 2072 2264 Adboc
2090 2221 2189 2263 foro
2268 2212 2275 2217 ”

1306 2294 1351 2329 et
1387 2287 1510 2328 curia
1559 2286 1799 2339 prohibitus
1833 2285 1931 2326 fuit.
1998 2284 2190 2338 Appian.

1305 2350 1415 2390 Mox
1447 2361 1474 2390 a
1506 2349 1694 2390 Lentulo
1738 2348 1961 2400 impulsus,
1998 2351 2049 2387 ut
2085 2351 2189 2388 ante

1306 2413 1439 2453 latam
1459 2424 1484 2452 a
1508 2412 1674 2452 Senatu
1692 2410 1969 2462 sententiam,
1989 2408 2192 2463 perfuge-

1306 2480 1392 2516 ret.
1411 2474 1514 2516 Dio.
1540 2474 1653 2515 Vide
1670 2474 1965 2514 Plutarchum.
1991 2473 2192 2514 Kenchen.

1364 2539 1461 2588 Eius
1477 2536 1647 2589 inimici]
1673 2537 1701 2580 J
1707 2537 1906 2577 uventins
1933 2535 2196 2588 Laterensis,

1309 2604 1375 2645 M.
1405 2603 1586 2655 Tullius,
1614 2601 1841 2652 Canutius,
1869 2600 1953 2642 alii.
2008 2601 2067 2642 Et
2086 2606 2192 2642 tunc

1309 2666 1451 2708 omnia
1469 2667 1597 2719 plena
1634 2670 1758 2706 erant
1790 2663 1983 2717 σκήψεων,
2004 2662 2070 2705 kal
2101 2678 2194 2716 προ·

1309 2729 1480 2783 φύσεων,
1508 2729 1574 2772 καὶ
1603 2731 1887 2779 amorrei-⁷1⁴.
1942 2727 2011 2768 De
2037 2726 2192 2780 quibus

1311 2795 1426 2848 apud
1447 2795 1699 2836 Ciceronem
1716 2794 1903 2834 Plancus
1922 2793 1965 2834 in
1984 2791 2194 2846 Epistolla

1310 2859 1363 2899 ad
1383 2859 1430 2900 S.
1446 2859 1500 2899 P.
1519 2858 1574 2900 Q.
1594 2859 1646 2898 R.
1692 2856 1897 2897 Keuchen.

1363 2922 1418 2963 Se
1437 2921 1602 2972 dabant]
1644 2921 1716 2960 Ita
1744 2920 1900 2960 Cicero
1928 2928 2100 2971 quoque
2131 2916 2195 2957 lo·

1311 2987 1474 3040 quitur,
1511 2997 1592 3039 pro
1623 2984 1820 3025 cedebant.
1876 2981 1991 3023 Vide
2025 2981 2194 3041 Schott.

1312 3050 1544 3092 Observat.
1563 3059 1634 3089 111.
1651 3051 1695 3089 2.

1363 3112 1687 3164 Insequebantur]
1714 3109 1785 3151 Ita
1815 3107 1969 3161 legunt
1986 3106 2192 3158 Faernus,

1311 3175 1468 3216 Bosius
1488 3179 1534 3215 et
1552 3174 1749 3215 Ursinus.
1791 3172 1881 3213 Pro
1900 3170 2045 3225 quoin
2061 3169 2193 3211 editis

1310 3239 1524 3280 nonnullis
1557 3238 1677 3278 libris
1710 3237 1822 3278 male
1857 3236 2030 3288 legitur,
2059 3238 2192 3286 aeque-

1310 3303 1468 3343 bantur.
1512 3302 1657 3343 Ernst.

1371 3367 1542 3407 Uxorem
1571 3363 1772 3414 Fulviam]
1800 3361 2032 3402 Foeminam
2059 3360 2194 3414 impe-

1313 3431 1482 3480 riosam,
1519 3429 1658 3482 qualis
1693 3427 1765 3469 illa
1793 3418 2012 3476 Tarquinii
2049 3423 2194 3465 Tana·

1304 3494 1416 3547 quil,
1457 3491 1654 3544 Pompeii
1685 3488 1816 3533 Julia.
1844 3486 2046 3528 Keachen.
2091 3487 2194 3528 Vel-
