2306 3900
713 225 824 264 vn.
888 224 1303 276 Ancimsnam,
1342 222 1478 263 cn.
1517 208 1605 264 11.

249 345 425 397 niiebat,
436 347 667 386 crematum
684 354 788 382 esse.
815 341 974 383 Justin.
993 341 1120 381 Oros.

245 411 371 460 Sunt,
400 409 472 461 qui
493 408 536 447 in
556 407 731 446 Melissa
750 403 1020 454 occubuisse,
1043 403 1123 443 ibi-

244 484 327 525 que
341 471 554 522 sepultum
568 468 846 520 scripserunt.
886 465 1121 506 Athenaeus

244 545 349 578 1111.
402 532 489 574 Sed
503 532 688 572 omnium
701 529 885 571 maxime
901 528 1123 580 discrepat

243 596 504 639 Aristoteles
523 594 598 636 lib.
618 605 682 634 vr.
702 597 770 635 29.
789 592 844 635 de
862 597 1017 632 natura
1034 591 1122 630 ani-

243 660 432 711 malium,
479 658 550 698 ubi
601 657 738 697 dicit:
783 655 971 695 ‘Monte
1007 653 1120 693 Asiae

243 724 410 776 Elapho
445 720 615 762 nomine
663 718 779 770 apud
823 716 1120 768 Arginussam,

243 800 327 842 qno
363 788 459 827 loco
493 783 742 825 Alcibiades
786 787 969 823 mortem
1001 780 1123 832 obiit,

243 862 380 892 cerva:
400 859 543 888 omnes
563 847 693 888 scissa
712 857 815 887 aure
843 843 974 885 sunt!
1012 843 1121 884 Kea-

243 914 356 955 chen.

239 1013 242 1015 .
299 976 501 1028 caputque
515 972 594 1024 <ius
619 974 671 1014 ad
688 970 988 1013 Pharnabazum
1018 971 1122 1010 retu-

244 1037 394 1088 lerunt]
434 1037 487 1076 In
523 1035 712 1076 caedibus
742 1034 948 1086 injunctis
977 1032 1124 1084 capita

242 1099 548 1142 referebantur
562 1097 662 1138 fidei
680 1097 846 1150 peracti
860 1096 1037 1136 sceleris
1052 1106 1122 1135 ac-

243 1161 462 1215 quirendae
478 1161 532 1200 ad
545 1159 830 1200 mandatores.
869 1156 982 1197 Vide
999 1157 1122 1198 Curt.

243 1235 329 1266 vu.
348 1228 414 1264 14.
433 1235 537 1264 vin.
559 1226 624 1264 18.
678 1220 874 1261 Tacitum
888 1217 1003 1259 Ann.
1023 1229 1122 1259 x1v.

239 1291 310 1330 57.
382 1286 585 1327 Hostium
623 1296 727 1324 vero
771 1284 840 1322 vel
890 1281 1121 1322 invisorum

241 1349 438 1401 Principi
490 1347 794 1390 referebantur
832 1345 887 1384 ad
935 1344 1121 1396 gratiam

239 1412 519 1466 praemiumve
553 1408 912 1462 consequendum.
982 1407 1122 1447 Tacit.

236 1474 364 1519 „Hist.
379 1473 456 1514 lib.
476 1485 528 1513 ιι.
549 1477 614 1513 16.
671 1471 844 1512 Curtius
862 1470 936 1511 lib.
953 1481 1027 1510 ιιι.
1046 1469 1122 1510 fin.

244 1535 319 1577 lib.
340 1547 442 1576 vm.
462 1538 529 1575 61.
587 1533 814 1574 Interdum
833 1545 920 1574 una
941 1545 1037 1573 curn
1055 1545 1123 1573 ca-

239 1591 338 1652 pite
356 1598 512 1639 dextra
539 1598 676 1638 relata
702 1596 760 1637 ad
789 1608 955 1648 regem,
983 1608 1008 1635 a
1038 1608 1122 1648 quo

241 1660 484 1701 mercedem
503 1660 615 1700 lator
628 1659 870 1710 spectabat.
925 1658 1123 1710 Polyaen.

243 1722 320 1764 lib.
340 1734 443 1763 vlu.
501 1720 577 1762 Τὸν
620 1720 662 1761 δὲ
709 1719 890 1773 Κράσσον
927 1718 1124 1773 Ἐξαίθρης

245 1785 379 1826 ἆνεῒλε
393 1787 620 1837 Παρθυαῖος,
629 1782 693 1824 καὶ
706 1783 778 1832 τὴν
792 1783 916 1835 δεξιὰν
926 1782 1125 1835 ἀποκόψας

247 1847 402 1898 ἐκόμισε
431 1847 525 1900 πρὸς
553 1847 682 1899 μέγαν
711 1845 886 1894 βασιλέα
912 1849 990 1887 τῶν
1020 1852 1122 1899 Παρ-

242 1911 397 1961 ‚audam
452 1911 701 1953 Notandum
720 1922 886 1965 quoque
907 1911 1044 1951 recisa
1061 1911 1123 1951 in·

245 1977 429 2016 visorum
449 1975 685 2016 hostinmve
711 1975 856 2027 capita
873 1974 1124 2027 potentibus

246 2038 494 2079 mulieribus
515 2039 675 2089 oblata,
705 2043 754 2078 ut
773 2039 851 2078 hac
869 2036 1031 2078 crudeli
1051 2037 1124 2077 lae-

247 2102 347 2144 titia
365 2102 646 2154 impotentem
679 2101 863 2141 animum
882 2100 1122 2140 titillarent.

248 2165 316 2206 De
336 2165 479 2218 capite
497 2166 524 2207 J
530 2164 676 2211 oannis
693 2159 905 2216 Baptistae
935 2168 1039 2203 nota
1058 2174 1125 2202 res

246 2235 331 2281 >est.
385 2229 528 2270 Tacit.
549 2228 663 2281 Ann.
696 2239 792 2269 xm.
810 2229 877 2283 64.
903 2227 916 2248 ‘
937 2225 1126 2266 Additur

249 2291 440 2333 atrocior
468 2291 646 2344 saevitia,
677 2289 791 2344 quod
821 2296 954 2342 caput
980 2300 1125 2341 ampu-

247 2359 400 2406 tatum,
429 2346 656 2407 latumque'
682 2354 724 2393 in
757 2353 906 2394 urbem
933 2353 1128 2404 Poppaea

243 2417 389 2465 vidit!
443 2417 515 2474 Sic
546 2417 718 2458 crudele
736 2421 783 2457 et
813 2420 938 2456 atrox
956 2420 1126 2468 specta-

249 2486 341 2522 tum
386 2480 441 2522 ab
478 2482 628 2522 aemula
660 2480 859 2522 Octavioe
902 2479 1126 2531 demptum

245 2549 396 2600 caput.
452 2544 568 2587 Quid
605 2544 658 2585 de
702 2543 855 2584 Fulvia
900 2541 1125 2582 dicendum

250 2612 334 2659 est,
364 2619 460 2660 quae
481 2606 680 2648 Ciceroni
699 2611 912 2647 exsertam
939 2605 1126 2656 linguam

250 2670 424 2711 aciculis
457 2669 735 2722 compunxit?
792 2669 907 2711 Quid
941 2661 994 2708 de
1029 2667 1127 2708 Alc-

246 2744 375 2784 mena
392 2734 514 2775 Jovis
534 2734 705 2785 pellice,
718 2745 810 2786 quae
826 2737 956 2784 caput
969 2733 1128 2783 Eurys·

251 2797 341 2838 thei
363 2797 415 2837 ad
436 2808 482 2837 se
515 2796 567 2836 ab
599 2796 729 2848 Hyllo
747 2800 906 2846 nepote
940 2793 1127 2834 delatum

251 2872 346 2901 cum
379 2861 582 2910 nesciret,
613 2871 697 2912 qna
728 2857 988 2898 contumelia
1017 2861 1128 2896 trac-

247 2927 383 2978 taret,
414 2921 559 2975 κερκίσι
583 2920 675 2967 τοὺς
703 2917 924 2972 ὀφθαλμοὺς
952 2915 1130 2971 ἐξώρυξεν

250 2985 386 3036 αὐτοῦ,
416 2993 463 3027 ut
494 2986 624 3026 habet
644 2984 857 3024 Zenobius
875 2984 1055 3023 Centur.
1074 2993 1127 3023 11.

252 3051 319 3088 61.
377 3048 572 3100 Polyaen.
608 3048 684 3088 lib.
704 3059 786 3087 vn.
825 3046 1130 3098 Tissaphernes

253 3108 458 3159 ἀποτεμὼν
475 3110 716 3150 Tithrausti
744 3109 819 3157 τὴν
849 3109 1026 3160 κεφαλὴν
1044 3107 1130 3148 &ve-

253 3171 389 3224 κόμιζε
417 3174 588 3219 βασιλεῖ.
615 3171 803 3219 βασιλεὺς
835 3170 878 3212 δὲ
908 3170 1053 3223 ἔπεμψε
1079 3173 1131 3223 τῇ

251 3234 367 3287 μητρὶ
386 3233 635 3286 Παρυσάτιδι.
681 3235 922 3276 Hostilibus
938 3247 1038 3276 vero
1054 3235 1131 3275 du·

255 3298 377 3339 cibus
397 3298 493 3337 ideo
513 3296 805 3349 praeciduntur
821 3298 982 3350 capita,
995 3310 1132 3351 eaque

255 3361 446 3401 adversae
464 3360 596 3412 partis
611 3358 867 3401 stationibus
883 3359 1134 3412 ingeruntur

255 3423 314 3471 ,ad
348 3422 664 3476 infringendum
699 3423 898 3463 animum.
963 3422 1076 3464 Vide
1092 3427 1133 3463 2.

256 3484 460 3529 Machab.
477 3498 551 3529 xv.
585 3491 652 3529 35.
682 3486 737 3528 de
764 3498 968 3541 suspenso
987 3485 1133 3540 capite

1953 212 2063 267 509

1187 340 1434 392 Nicanoris,
1465 340 1632 382 Livium
1669 349 1801 382 xxvr.
1832 338 1888 381 de
1920 341 2063 393 capite

1185 402 1603 454 Asdrubalis,Amm.
1620 402 1919 445 Marcellinum
1931 413 2064 444 xxvr.

1185 471 1253 507 29.
1284 466 1339 507 de
1373 467 1516 519 capite
1547 466 1766 520 Procopii.
1802 466 1970 511 Victor.
2008 465 2064 506 de

1185 529 1277 570 Vir.
1313 528 1454 569 Illust.
1474 540 1572 582 cap.
1590 532 1659 571 48.
1689 530 1884 572 Frontin.
1912 529 1988 571 lib.
2009 540 2063 571 11.

1187 594 1252 632 11.
1296 591 1512 632 Justinnm
1558 601 1688 635 unt.
1736 598 1778 635 6.
1826 593 1880 633 de
1919 591 2064 644 capite

1185 653 1429 694 Ptolemaei.
1501 653 1599 695 Hoc
1635 654 1800 708 antiqui
1852 654 2065 696 vocabant

1185 713 1496 767 ἀκρωτηριάζειν,
1531 727 1629 756 cum
1658 715 1702 755 in
1736 717 1901 768 signnm
1931 717 2065 758 victo-

1185 778 1277 827 riae,
1308 777 1492 818 hostium
1521 777 1668 830 capita
1699 783 1746 819 et
1772 790 1922 820 manus
1955 791 2065 832 praa-

1185 840 1295 881 cisas
1310 838 1541 880 referrent.
1598 839 1781 890 Diodor.
1807 842 1937 890 Sicul.
1954 842 2065 883 libro

1184 914 1291 944 xul.
1336 901 1647 956 Ἢκρωτπρίαζον
1663 899 1706 943 δὲ
1722 901 1790 944 καὶ
1804 902 1897 945 τοὺς
1913 902 2067 956 νεκροὺς

1184 965 1286 1006 κατὰ
1301 963 1351 1006 τὸ
1367 963 1528 1018 πάτριον
1545 963 1645 1019 ἔθος,
1660 965 1724 1007 καὶ
1734 965 1838 1007 τινὲς
1845 965 1918 1017 μὲν
1930 968 2065 1018 χεῖρας

1185 1027 1323 1082 ἀθρόοις
1338 1027 1564 1083 περιέφερον
1593 1032 1676 1072 τοῖς
1703 1030 1871 1083 σώμασι,
1900 1029 2005 1071 τινες
2023 1029 2066 1070 δὲ

1185 1093 1360 1144 κεφαλὰς
1375 1091 1438 1132 ἐπὶ
1454 1094 1534 1133 τῶν
1549 1095 1698 1144 Ὑαισῶν
1714 1092 1782 1134 καὶ
1805 1096 1885 1135 τῶν
1899 1092 2066 1140 σαυνίων

1185 1153 1394 1206 ἐπέχοντες
1411 1153 1561 1208 ἔφερον.
1594 1155 1795 1198 Gebhard.

1237 1218 1298 1259 At
1328 1219 1490 1271 mulier]
1537 1217 1666 1259 Hanc
1700 1219 1958 1260 Plutarchus
1992 1218 2066 1259 Ti-

1184 1281 1405 1321 mandram
1423 1286 1564 1332 vocat,
1594 1286 1640 1321 et
1661 1280 1804 1322 Laidis
1823 1280 2064 1322 Corinthio

1184 1349 1362 1384 matrem
1381 1343 1513 1384 fuisse
1533 1341 1685 1386 refert.
1739 1344 1973 1385 Athenaeus
1993 1355 2066 1384 ve-

1185 1422 1233 1450 ro
1251 1409 1518 1450 Theodotam
1535 1415 1772 1462 nuncupat,
1788 1409 1862 1450 lib.
1876 1420 1979 1450 xm.
1997 1412 2064 1450 12.

1185 1473 1364 1523 Magius.
1419 1472 1505 1514 Qui
1524 1478 1726 1522 testatur,
1745 1471 1931 1512 adfuisse
1949 1471 2066 1512 Alci-

1181 1535 1302 1579 ‚biadi
1338 1535 1444 1576 duas
1483 1535 1792 1585 meretriculas,
1829 1535 2066 1575 Damasan·

1176 1598 1306 1638 dram
1337 1603 1381 1638 et
1402 1598 1556 1638 Laidos
1579 1598 1764 1650 junioris
1788 1603 1986 1647 matrem,
2019 1601 2066 1637 et

1184 1655 1450 1712 Theodoten,
1481 1672 1575 1713 quae
1595 1659 1723 1700 funus
1754 1660 1864 1700 illius
1884 1659 2065 1700 curavit.

1187 1718 1257 1766 De
1276 1724 1452 1776 somnio,
1481 1723 1595 1776 quod
1625 1722 1871 1764 Alcibiades
1901 1723 1955 1763 de
1984 1722 2067 1763 hac

1187 1786 1323 1827 amica
1340 1786 1555 1837 habuerit,
1587 1791 1635 1826 et
1659 1787 1808 1826 mortis
1839 1785 2066 1838 praesagio,

1187 1849 1341 1889 Cicero
1359 1848 1435 1890 lib.
1468 1848 1525 1889 de
1554 1848 1815 1889 divinatione
1834 1860 1886 1890 11.
1904 1855 1951 1889 et
1966 1848 2066 1888 Val.

1186 1904 1403 1952 Maximus
1423 1911 1497 1951 lib.
1516 1923 1547 1951 r.
1565 1916 1603 1952 5.
1631 1912 1796 1962 Longoz.
1814 1912 1931 1962 Mag.

1248 1968 1408 2026 Vivere]
1437 1975 1563 2014 Hanc
1582 1986 1730 2014 vocem
1751 1966 1962 2025 expungit
1992 1973 2067 2014 Ul-

1188 2038 1283 2090 traj.
1302 2043 1348 2078 et
1369 2037 1430 2078 sic
1451 2037 1503 2076 de
1525 2034 1692 2088 ἑταίραις
1710 2037 1891 2076 Romani
1921 2037 2066 2089 loque-

1188 2100 1357 2141 bantur.
1387 2100 1540 2141 Schott.

1241 2162 1430 2204 Muliebri
1443 2175 1512 2203 sua
1528 2163 1647 2214 veste]
1675 2161 1852 2202 Cicero:
1880 2160 1893 2183 ‘
1917 2159 2068 2201 Amica

1188 2238 1343 2279 corpus
1355 2227 1446 2278 ejus
1461 2225 1572 2266 texit
1585 2237 1660 2266 sno
1677 2225 1838 2277 pallio.’
1894 2224 2068 2264 Plutar-

1188 2290 1317 2330 chus:
1361 2289 1436 2329 Καὶ
1454 2290 1536 2329 τοῖς
1555 2289 1674 2336 αὑτῆς
1703 2288 1974 2340 περιβαλοῦσα
2004 2285 2069 2327 καὶ

1187 2350 1482 2405 περικαλύψασα
1512 2350 1771 2404 χιτωνίσκοις,
1803 2351 1847 2392 ἐκ
1877 2353 1955 2390 τῶν
1972 2365 2069 2403 παρ-

1188 2415 1308 2456 όντων
1341 2415 1522 2464 ἐκήδευσε
1540 2417 1723 2468 λαμπρῶς
1753 2413 1818 2456 καὶ
1840 2413 2067 2467 φιλοτίμως.

1188 2475 1306 2520 'Duas
1325 2492 1475 2520 causas
1495 2478 1622 2520 affert
1641 2480 1827 2531 Magius,
1844 2491 1920 2520 cur
1938 2478 2069 2531 pallio

1189 2554 1263 2583 suo
1284 2555 1358 2582 seu
1379 2543 1489 2582 stola
1511 2542 1660 2582 mulier
1677 2541 1945 2582 Alcibiadem
1967 2554 2070 2581 exu-

1188 2605 1366 2644 rendum
1386 2605 1571 2645 texet-itt
1604 2617 1782 2658 quarum
1810 2609 2028 2656 postrema
2044 2616 2070 2644 a

1190 2669 1276 2709 ritu
1296 2667 1554 2720 sepulchrali
1572 2668 1803 2719 desumpta
1822 2673 1907 2718 est,
1942 2676 2068 2718 quem

1189 2732 1233 2772 in
1271 2733 1525 2773 exornandis
1563 2727 1847 2772 cadaveribus
1895 2736 2068 2772 veteres

1189 2795 1488 2836 observabant.
1544 2794 1670 2837 Quod
1697 2795 1765 2834 vel
1796 2805 1850 2833 ex
1877 2793 2069 2834 Homero

1190 2862 1327 2910 patet,
1346 2857 1417 2898 ubi
1436 2858 1684 2909 Penelopen
1704 2856 1885 2906 inducit,
1903 2862 2068 2897 vestem

1189 2918 1419 2960 facientem
1439 2917 1592 2974 Λαέρτῃ
1618 2919 1711 2972 ἥρωϊ
1727 2918 1906 2974 ταφήϊον.

1245 2984 1354 3023 Cir.
1369 2987 1388 3022 1
1398 2987 1432 3023 1.
1450 2982 1688 3031 [astumatum
1699 2996 1723 3022 α
1731 2981 1944 3034 plerisque]
1961 2981 2068 3022 Cum

1191 3046 1246 3086 ab
1263 3046 1371 3095 aliis,
1385 3053 1474 3086 tum
1487 3046 1541 3086 ab
1555 3046 1818 3098 Antiphone,
1831 3046 1901 3097 qui
1916 3045 2070 3084 librum

1192 3110 1366 3162 scripsit
1381 3110 1649 3150 contumelias
1663 3110 1707 3149 in
1719 3107 2006 3158 Alcibiadem,
2021 3112 2071 3148 ut

1192 3171 1426 3212 Athenaeus
1442 3176 1627 3212 testatur
1639 3171 1714 3210 lib.
1729 3178 1814 3210 xu.
1826 3172 1866 3209 4.
1881 3174 1927 3209 et
1942 3168 2072 3221 Lysia

1193 3241 1377 3285 oratore,
1387 3235 1458 3286 qui
1473 3234 1707 3274 orationem
1720 3238 1871 3272 contra
1887 3230 2071 3272 Alcibia-

1194 3298 1292 3337 dem
1306 3296 1562 3348 composuit.
1599 3295 1800 3335 Testatur
1812 3294 1926 3334 idem
1939 3291 2073 3334 Athe-

1194 3372 1310 3399 naeus
1329 3359 1402 3399 lib.
1420 3370 1524 3399 xm.
1543 3361 1584 3398 4.
1614 3358 1732 3408 Mag.
1785 3357 1888 3398 Vid.
1907 3355 2069 3398 Athen.

1194 3422 1272 3462 lib.
1290 3432 1372 3461 ιιι.
1392 3421 1464 3474 qni
1482 3433 1537 3462 ex
1559 3420 1719 3473 Satyro
1741 3419 1954 3472 scriptore
1974 3419 2014 3469 ej
2023 3430 2070 3458 us

1191 3497 1333 3542 mores
1344 3484 1406 3527 ibi
1419 3485 1637 3538 eleganter
1651 3482 1865 3538 depingit.
1908 3482 2070 3534 Volup·
