2306 3900
330 300 404 339 CX

331 421 499 461 Perdere
517 421 684 474 aliquem
713 419 822 469 xviii,
844 425 894 462 10
935 420 1090 476 (vulgo,
1123 435 1211 474 pro·

383 475 505 524 dere).
545 489 667 528 equos
698 475 882 515 militares
920 475 1211 529 (corrumpere)

383 528 490 574 xviii,
511 534 534 568 5
564 529 695 569 omnia
712 529 894 582 (licentia
911 529 996 569 scil.
1014 535 1056 569 et
1069 529 1213 570 ferocia

382 580 564 621 infestum
584 583 765 622 omnibus
782 596 883 630 esse,
898 583 1108 636 omniaque
1124 597 1211 636 per-

381 637 550 688 vertere)
578 635 689 684 xviii,
710 640 737 677 8

327 688 535 728 Perdiccas
550 689 759 744 (Amyntae
775 695 816 729 et
846 689 1066 743 Eurydices
1087 690 1213 744 filius)

383 741 438 788 xi,
460 746 486 782 3

327 794 534 835 Perdiccas
545 796 668 848 (inter
681 797 827 837 amicos
834 795 948 837 Alex.
963 796 1046 848 M.)
1062 795 1171 844 xviii,
1185 800 1212 838 2

326 847 486 888 Perdita
513 850 664 890 luxuria
680 849 894 904 (extrema)
921 864 959 898 x,
979 854 1006 890 6
1060 851 1213 904 (inten-

380 902 486 941 ditur
495 903 726 956 vituperium
739 903 958 958 probrose).
977 904 1129 955 perdita
1141 904 1213 943 im-

381 954 530 1009 piaque
561 957 738 1005 consilia,
774 957 838 998 Fr.
867 963 892 997 5
950 956 1215 1011 (Transfertur

380 1009 468 1049 heic
487 1011 691 1063 epitheton
709 1011 761 1051 ad
775 1024 836 1058 ea,
864 1023 953 1063 quae
975 1017 1066 1050 sunt
1083 1012 1124 1049 in
1142 1012 1213 1050 ho-

381 1063 500 1111 mine,
519 1065 850 1117 quemadmodum
880 1072 924 1104 et
938 1065 1032 1103 alibi
1065 1064 1215 1104 familia

382 1130 420 1155 v.
438 1131 476 1169 g.
496 1123 508 1141 ‘
522 1119 713 1166 demens,'
728 1125 740 1142 ‘
755 1116 926 1171 impius,’
948 1124 959 1141 ‘
975 1118 1212 1165 sceleratus‚'

379 1171 520 1210 eodem
539 1172 734 1212 transferri
752 1173 894 1212 solent.
924 1171 1088 1224 Proprie
1107 1173 1213 1212 enirn

382 1225 433 1316 qlse
452 1224 548 1276 ipsis
566 1226 789 1266 hominibus
803 1226 859 1267 ita
870 1226 1002 1266 omnia
1015 1226 1214 1266 dicuntur.

425 1285 516 1317 orst.

328 1279 548 1372 Perducer)e
566 1332 736 1385 aliquem
752 1333 885 1385 aliquo
901 1331 1213 1386 xviii,‚‘3s(paulo

383 1391 475 1425 ante
493 1401 502 1424 z
525 1388 757 1438 persuadere
773 1387 890 1428 alicui
907 1393 963 1434 ut,
983 1386 1103 1439 ibid.)
1121 1386 1186 1426 Sic
1204 1401 1213 1424 ι

384 1451 432 1477 eo
469 1440 680 1491 perductus
715 1447 789 1487 est,
821 1446 865 1479 ut
894 1440 1027 1478 mallet
1066 1440 1158 1487 xxii,
1188 1443 1214 1480 4

383 1493 595 1544 perducere
613 1506 692 1532 rem
711 1507 775 1540 eo,
794 1500 839 1532 ut
865 1507 905 1541 x,
924 1497 949 1534 ὅ
977 1493 1042 1533 Sic
1059 1507 1068 1532 =
1088 1507 1138 1532 eo
1156 1506 1215 1533 res

384 1551 633 1599 utrorumque
651 1547 847 1599 perduxit,
863 1553 907 1585 ut
933 1560 999 1594 xv,
1017 1550 1044 1586 8
1071 1547 1215 1599 perdu-

384 1611 471 1638 cere
495 1599 665 1652 aliquem
695 1601 745 1640 ad
764 1601 1005 1639 voluntatem
1023 1613 1131 1639 suam
1158 1606 1216 1638 ta·

368 1652 499 1691 lentis
518 1654 694 1706 quinque
721 1666 786 1700 xv,
806 1656 831 1695 4
877 1653 1047 1704 aliquem
1076 1645 1130 1692 ad‘
1144 1653 1216 1692 ali-

384 1719 502 1758 quam
529 1707 762 1760 dignitatem
789 1706 1045 1760 (provehere)
1090 1706 1170 1753 xix,
1191 1711 1213 1746 l

384 1760 555 1812 aliquem
585 1774 726 1814 magna
754 1759 967 1799 ambitione
1003 1760 1217 1812 Syracusas

384 1827 425 1861 x,
440 1818 466 1854 2
495 1815 656 1865 perduci
671 1816 721 1854 ad
741 1813 966 1853 societatem
988 1812 1151 1865 periculi
1178 1828 1217 1861 x,

384 1873 408 1907 5
467 1869 629 1919 perduci
655 1869 698 1908 in
727 1868 905 1920 praelium
937 1868 1029 1911 dolo
1057 1867 1166 1915 xxiii,
1191 1874 1215 1908 5

383 1920 470 1974 (Sic
488 1921 605 1974 vulgo
623 1937 636 1972 ;
665 1935 738 1962 nos
753 1922 949 1961 edidimus
977 1926 989 1944 ‘
1008 1922 1172 1974 produci
1185 1922 1219 1974 ²)

333 1974 603 2026 Peregrinatio
621 1976 740 2029 (alias
759 1973 1012 2028 demigratio)
1041 1989 1129 2022 xxv,
1148 1979 1174 2015 2

333 2027 577 2082 Perexiguus
605 2031 714 2078 xviii,
734 2033 761 2070 9

334 2082 509 2123 Perferre
528 2084 735 2136 epistolam
761 2083 814 2131 iv,
833 2086 860 2123 4
900 2082 1090 2135 perfertur
1118 2081 1222 2121 fama

388 2137 440 2176 de
455 2136 541 2189 ejus
561 2139 735 2178 adventu
763 2137 806 2183 ii,
825 2141 852 2179 2
882 2137 1072 2188 perfertur
1091 2136 1142 2174 de
1161 2136 1221 2174 his

389 2192 441 2229 ad
460 2191 547 2230 illos
576 2192 628 2239 vi,
647 2195 674 2233 4
725 2191 892 2244 perferre
912 2191 1083 2229 laborem
1101 2189 1220 2243 (tole-

389 2243 492 2297 rare)
520 2244 589 2292 vii,
612 2249 634 2286 1
665 2257 821 2298 poenam
850 2244 905 2291 iii,
928 2247 944 2284 1

336 2298 527 2337 Perficere
550 2305 692 2338 conata
718 2312 757 2345 x,
778 2303 804 2341 8
850 2296 1027 2349 perfecit,
1044 2301 1088 2334 ut
1113 2296 1222 2334 auxi-

387 2350 441 2390 lio
461 2351 654 2391 sociorum
672 2350 963 2390 Lacedaemonii
983 2349 1223 2400 privarentur

387 2402 562 2458 (effecit)
590 2418 654 2451 xv,
672 2409 700 2445 6
727 2404 778 2442 ad
797 2415 846 2442 ea
863 2401 1114 2455 perficienda,
1132 2414 1221 2454 quae

390 2456 601 2509 pollicetur
628 2458 684 2504 iv,
703 2461 729 2498 2

333 2511 556 2559 Perfectriir¹
568 2511 694 2550 beatae
713 2509 804 2548 vitae
826 2507 1092 2561 philosophia,
1111 2507 1173 2547 Fr.
1192 2512 1216 2546 5

336 2564 508 2605 Perfidia
538 2563 736 2618 Lysandri
781 2563 837 2616 vi,
872 2567 902 2604 2
957 2567 1221 2602 veteranorum

392 2618 501 2667 xviii,
522 2622 574 2659 10

339 2671 509 2725 Perfuga
526 2669 766 2726 (transfuga)
795 2669 874 2716 xiv,
891 2674 918 2710 6

339 2726 456 2766 Perfu
461 2727 518 2779 git
534 2727 673 2766 eodem
693 2722 947 2779 (Corinthum
965 2723 1071 2776 scil.)
1096 2721 1221 2762 Hera-

391 2780 515 2820 clides
543 2794 580 2828 x,
601 2785 625 2822 5
673 2777 772 2833 (nisi
788 2777 888 2817 forte
920 2783 931 2801 ‘
948 2775 1133 2830 prot'ugit’
1165 2775 1220 2815 le-

421 2836 514 2873 end.
1029 2834 1032 2837 “

339 2833 575 2929 Ρεξῑυιιοέυε
622 2885 754 2927 multis
788 2885 983 2938 variisque
1025 2883 1221 2924 laboribus

392 2941 487 2982 xxiii
522 2945 573 2982 13

344 2971 608 3048 Pergamenus
626 3007 691 3034 rex
712 2994 906 3033 Eumenes
934 2991 1041 3040 xxiii,
1062 2995 1114 3033 1⁰

338 3047 591 3102 Pergamenoe
605 3060 724 3087 naves
754 3047 864 3094 xxiii,
885 3050 934 3087 11

338 3101 511 3143 Pericles
537 3101 607 3150 vii,
625 3106 652 3143 2
680 3101 876 3155 (Vitricus
893 3096 1135 3151 Alcibiadis)

340 3155 566 3198 Periculum
594 3155 760 3211 (singul.
797 3153 962 3208 signifio.
1000 3151 1051 3193 de
1087 3151 1221 3192 libello

395 3223 464 3250 seu
485 3211 628 3265 scripto
643 3207 814 3264 judicis)
842 3222 907 3256 κν,
926 3211 952 3248 8

343 3262 565 3304 Periculum
596 3272 670 3313 est,
703 3277 755 3305 ne
783 3264 913 3310 detur,
941 3266 1222 3326 premerentur,

397 3317 545 3357 faciant
569 3316 637 3365 vii,
656 3323 695 3361 8.
729 3317 832 3366 ii,‚8.
861 3317 968 3364 xviii,
987 3319 1014 3357 S
1060 3314 1224 3369 periculi

400 3370 498 3411 nihil
532 3373 581 3411 ab
617 3373 685 3412 illo
722 3378 782 3412 est
826 3386 865 3419 x,
901 3377 927 3414 8
1007 3369 1221 3422 periculum

400 3424 539 3477 capitis
581 3426 688 3469 adire
742 3426 823 3474 xiii,
851 3429 878 3467 4
932 3426 974 3465 in
1009 3424 1221 3476 periculum

399 3479 559 3532 aliquod
596 3479 765 3519 incidere
820 3494 908 3527 xxv,
947 3483 998 3520 10
1071 3477 1221 3531 pericu-

404 3532 442 3573 lo
461 3531 623 3585 ancipiti
641 3533 762 3585 premi
790 3532 832 3580 ii,
853 3538 877 3573 8
928 3532 1100 3585 periculo
1120 3543 1222 3583 mag-

1148 296 1352 338 INDEX

1327 437 1379 464 no
1399 437 1484 464 esse
1503 423 1792 478 (ἑλλειπτικῶς.
1819 435 1859 465 ν.
1877 420 1996 476 Esse)
2024 421 2101 469 xiv,
2119 428 2158 463 5.

1329 477 1435 526 xxiii,
1455 481 1483 519 9
1531 477 1670 531 (plene
1686 476 1719 530 z)
1745 488 1888 529 magno
1916 477 1956 516 in
1985 476 2157 528 periculo

1323 544 1413 573 esse
1440 545 1530 579 xxV,
1555 536 1604 572 10
1633 544 1784 570 summo
1803 532 1851 571 in⁴
1862 530 2038 582 periculo
2058 542 2158 576 esse,

1326 585 1424 624 ibid.
1483 585 1526 624 in
1563 585 1744 625 omnibus
1776 583 1942 636 alicujus
1978 583 2160 636 periculis

1327 638 1446 679 alicui
1472 638 1703 692 singularem
1731 638 1849 677 fidem
1868 637 2040 690 praebere
2068 650 2160 684 xxV,

1324 695 1351 732 4
1380 692 1553 745 pericula
1565 692 1637 747 (de
1656 691 1852 731 laboribus
1871 690 1979 737 belli,
1998 703 2159 743 pugnae,

1326 746 1378 786 de
1414 746 1578 800 praeliis)
1610 745 1688 792 xvi,
1707 749 1732 786 4
1788 743 1964 798 pericula
1993 745 2067 797 (de
2096 743 2162 791 iis,

1327 812 1417 851 quae
1452 800 1540 851 quis
1576 799 1617 838 in
1649 797 1834 851 judiciis)
1871 797 1977 839 subit
2018 797 2098 844 xix,
2135 800 2161 836 2

1328 852 1490 905 (Cicero
1508 854 1560 892 de
1574 850 1721 891 Archia
1738 850 1910 903 ‘judicia
1921 857 1964 891 et
1978 849 2163 901 pericula’

1329 905 1563 958 conjungit:
1610 903 1808 957 ejusmodi
1849 917 2030 957 persona,
2072 917 2162 956 quae

1330 966 1489 1012 propter
1525 959 1648 998 otium
1692 971 1740 998 ac
1785 959 1959 998 studium
2003 957 2162 997 minime

1330 1019 1495 1053 tractata
1513 1012 1593 1066 est)

1275 1067 1500 1107 Perillustre
1521 1068 1595 1106 hoc
1614 1065 1690 1105 suit
1709 1063 1942 1118 (clarissime
1960 1063 2163 1118 apparuit)

1331 1134 1423 1168 xxv,
1445 1125 1496 1161 12

1277 1175 1490 1215 Perinthus
1507 1172 1620 1226 (urbs
1637 1172 1813 1212 Thraciae
1839 1171 1880 1211 in
1899 1185 1968 1210 ora
1985 1171 2163 1223 Propon-

1330 1229 1440 1275 tidis,
1459 1227 1673 1266 Samiorum
1695 1223 1880 1277 colonia),
1902 1224 1969 1272 vii,
1997 1229 2022 1267 7
2078 1225 2164 1278 (Sic

1335 1282 1566 1334 Longolius,
1581 1279 1808 1325 Lambinus,
1827 1277 1986 1326 Savaro,
2005 1277 2164 1331 aliique.

1336 1335 1424 1375 Nos
1448 1348 1538 1374 cum
1571 1333 1723 1373 Ortelio
1760 1331 2004 1384 reposuimus
2037 1333 2165 1372 ‘Pae-

1276 1396 1408 1481 Peiisig
1425 1387 1559 1481 1)n0rbo
1589 1440 1669 1487 xxi,
1685 1443 1710 1481 8

1277 1496 1431 1538 Peritus
1461 1493 1552 1534 belli
1580 1508 1645 1541 xv,
1664 1497 1705 1534 8.
1751 1493 1828 1539 xxi,
1847 1495 1874 1533 2
1919 1493 1974 1532 rei
1992 1492 2168 1532 militaris

1330 1549 1450 1596 xiii,l
1498 1547 1666 1588 civitatis
1684 1547 1880 1599 regendas,
1898 1545 1996 1587 ibid.
2038 1547 2164 1599 regio-

1332 1615 1426 1641 num
1454 1601 1534 1648 xiv,
1554 1604 1580 1640 8
1625 1601 1723 1652 reip.
1745 1597 1988 1653 (πολιτικὸς)
2015 1600 2120 1648 xxiV,
2139 1605 2166 1641 3

1332 1653 1587 1706 peritissimus
1605 1653 1754 1693 navalis
1767 1653 1862 1693 belli
1887 1653 1932 1701 ii,
1950 1657 1977 1694 2

1282 1708 1501 1760 Perjurium
1529 1705 1637 1754 xviii,
1668 1710 1718 1747 13
1767 1705 1877 1747 Deos
1906 1707 2162 1761 hominesque

1335 1762 1483 1801 alienat
1511 1761 1606 1807 xvii,
1622 1764 1649 1801 2

1281 1816 1511 1856 Permittere
1538 1827 1619 1854 rem
1650 1811 1808 1853 arbitrio
1840 1813 2006 1866 alicujus
2035 1814 2164 1870 (com-

1339 1868 1514 1923 mittere)
1542 1868 1633 1915 xxii,
1654 1870 1677 1908 1
1724 1866 1811 1918 (Sic
1840 1867 1951 1920 Sulp.
1969 1868 2101 1910 Sever.
2135 1870 2164 1916 i,

1339 1927 1392 1964 3⁷
1409 1929 1420 1946 ‘
1435 1922 1656 1975 permittere
1671 1920 1789 1959 alicui
1804 1935 1991 1962 summam
2005 1922 2168 1976 rerum’)

1283 1976 1507 2016 Permoveri
1527 1975 1697 2014 tumultu
1726 1974 1755 2021 i,
1773 1977 1801 2015 4

1284 2031 1508 2070 Pernicies:
1539 2030 1590 2068 ad
1609 2028 1818 2082 perniciem
1845 2027 2012 2080 alicujus
2029 2029 2168 2082 impel-

1338 2085 1368 2124 li
1402 2084 1476 2138 (de
1513 2083 1646 2135 aliquo
1671 2082 1942 2122 interficiendo
1973 2082 2167 2136 cogitare)

1338 2139 1416 2186 xiv,
1448 2143 1472 2178 5
1503 2135 1721 2191 (Sulpicius
1748 2136 1910 2176 Severus
1939 2135 2069 2177 dixit:
2099 2143 2111 2161 ‘
2127 2138 2169 2176 in

1338 2191 1549 2245 perniciem
1579 2189 1748 2242 alicujus
1778 2189 1895 2229 ferri.'
1926 2189 1994 2230 lib.
2023 2192 2052 2230 i.
2078 2204 2169 2243 cap.

1338 2251 1406 2288 20.
1433 2251 1476 2287 et
1492 2250 1504 2268 ⁸
1518 2244 1678 2284 exitium
1697 2243 1864 2295 alicujus
1881 2243 2037 2292 moliri,’
2069 2244 2167 2285 ibid.

1336 2297 1986 2404 saiwassztxdflefftffitff
1996 2298 2168 2403 ,ἳὲᾝέ

1337 2403 1505 2456 alicujus
1524 2404 1689 2442 salutem
1720 2403 1855 2453 patriae
1886 2402 1999 2442 sitam
2022 2410 2167 2457 putare

1338 2473 1403 2506 xv,
1421 2462 1450 2500 9
1514 2456 1558 2495 in
1593 2455 1767 2508 pernicie
1800 2455 1967 2508 alicujus
2002 2458 2167 2510 positam

1338 2525 1446 2604 {pem
1463 2509 1606 2603 hiabere
1625 2509 1797 2572 Yictoriae
1809 2509 1935 2602 ιζιέἒ
1952 2513 2003 2552 11
2036 2511 2168 2604 8ῒέἒὲ

1365 2579 1394 2606 1.
1449 2577 1474 2603 a
1587 2574 1748 2603 numeru
1784 2574 1861 2602 civi
1935 2575 1954 2601 s
1993 2577 2070 2605 con

1338 2620 1416 2672 (sc.
1435 2576 1609 2670 aliqulid)
1637 2629 1702 2662 κν,
1721 2619 1744 2655 7
1777 2629 1926 2668 oppon.
1944 2618 1996 2658 ad
2014 2631 2169 2660 muser-

1338 2673 1505 2712 vandam
1523 2669 1731 2723 rempubl„
1750 2669 1848 2709 ibid.

1284 2725 1556 2767 Perniciosusz
1602 2721 1968 2776 perniciosissimum
1997 2724 2081 2766 fore
2112 2724 2169 2764 vi-

1337 2781 1473 2827 debat,
1492 2777 1526 2818 si
1543 2777 1621 2818 &c.
1649 2775 1744 2823 xvii,
1764 2780 1792 2819 6

1285 2835 1523 2874 Pemoctare
1541 2844 1632 2872 cum
1650 2829 1784 2882 aliquo
1813 2828 1881 2877 vii,
1899 2833 1928 2875 2

1283 2889 1469 2928 Perorare
1505 2886 1558 2925 de
1595 2883 1727 2936 aliqua
1757 2896 1799 2924 re
1843 2897 1908 2931 xv,
1943 2886 1984 2925 6.

1339 2940 1430 2995 (ubi
1458 2952 1574 2979 moxx
1621 2949 1778 2977 causam
1796 2935 1962 2990 dicere).
1991 2950 2169 2990 perorare

1337 2993 1606 3034 defensionem
1621 3004 1691 3043 pro
1710 2990 1858 3043 aliquo,
1879 2990 1943 3030 Fr.
1960 2994 1988 3033 4

1283 3050 1496 3100 Perperna,
1516 3046 1579 3085 M.
1613 3044 1852 3087 Censorinus
1887 3044 1993 3094 xxiv,
2024 3048 2047 3086 1
2094 3043 2170 3099 (al.

1339 3098 1575 3154 Perpenna)

1284 3155 1534 3208 Perpellere:
1574 3153 1663 3205 quis
1694 3151 1880 3205 perpulit,
1913 3157 1960 3192 ut
1985 3151 2030 3193 id
2057 3163 2165 3194 eom-

1336 3211 1522 3255 mitteres,
1542 3207 1650 3260 quod
1667 3205 1762 3254 &c.,
1779 3205 1841 3246 Fr.
1860 3209 1885 3246 8

1283 3262 1446 3317 Perpeti
1462 3261 1685 3314 aliquidssiv,
1702 3264 1727 3301 8
1754 3259 1864 3300 Alibi
1882 3273 1892 3300 ε
1911 3259 2166 3312 aequoanimo

1339 3317 1486 3371 aliquid
1524 3316 1623 3356 ferre
1651 3327 1741 3362 ην,
1757 3318 1779 3354 1
1827 3313 1981 3367 perpeti
2005 3311 2168 3366 indigna

1337 3374 1417 3419 xix,
1435 3374 1463 3412 4
1491 3374 1762 3422 paupertatem
1775 3366 1892 3406 facile
1920 3379 1984 3413 ιν.
2004 3370 2030 3407 8

1285 3427 1482 3479 Perpetua
1500 3422 1715 3463 dominatio
1730 3419 1962 3474 (continua)
1981 3420 2010 3468 i,
2023 3423 2050 3461 8
2077 3434 2166 3473 per-

1338 3488 1458 3533 petua
1475 3477 1599 3520 oratio
1617 3472 1844 3529 (continua)
1863 3487 1928 3521 xv,
1942 3479 1966 3514 5
1995 3475 2166 3529 (oppon.

1337 3532 1502 3574 brevitas
1527 3528 1802 3583 respondendi,
1820 3526 1941 3581 ibid.)
1976 3534 2167 3582 perpetua

2030 2883 2110 2932 xix,
2141 2889 2168 2926 4
2243 2918 2247 2922 .
