2306 3900
688 266 844 304 xvn.
908 266 1299 317 AGESILAUM‚
1341 268 1473 306 cAP.
1511 255 1561 307 2.

213 386 314 427 dum
333 399 346 436 ς
381 398 469 427 uon
484 389 627 427 autem
644 384 698 424 ad
717 385 852 425 socios
866 392 911 424 et
929 384 1091 425 confoe-

211 451 386 491 dei-atas
415 449 670 502 provincias.
697 447 820 488 Infra
838 447 998 489 Aunib.
1019 449 1090 489 ubi

212 514 427 557 Antiocho
445 514 615 565 suadet,
638 518 687 554 ut
703 513 877 566 propius
895 513 1091 554 Tiberim

211 589 339 630 quam
373 577 679 629 Thermopylas
697 576 752 617 de
770 589 931 618 summa
949 576 1091 629 Impe-

211 640 264 681 rii
296 640 533 681 dimicaret.
606 639 670 680 Ut
699 645 860 681 caetera
895 645 1062 681 taceam
1079 652 1093 689 ;

126 732 129 738 η
205 703 484 750 ιΒειΙιοείίο,
514 702 559 743 in
588 703 713 755 cujus
740 704 880 744 sinum
909 703 1091 755 irruptio

209 765 328 808 facta
364 771 446 814 est,
479 771 797 819 consumentur,
825 767 1091 808 territorium

209 828 534 880 detondebitur,
568 834 698 882 atque
725 830 789 871 ita
805 831 928 872 miles
945 836 1093 872 noster

209 892 347 946 copiis
380 892 518 933 hostis
547 905 593 933 se
620 893 711 934 alet
730 898 776 933 et
804 893 1091 936 sustentabit?

211 956 340 998 Hanc
357 956 460 996 mihi
486 956 697 996 rationem
729 956 987 1009 approbavit
1003 957 1090 998 Xe·

209 1020 384 1073 nopbon
397 1018 621 1071 Agesilao,
633 1018 699 1059 nal
710 1018 760 1059 τὸ
770 1018 951 1060 τάκείνου
963 1019 1091 1073 (Per—

210 1082 290 1136 ιω)
307 1085 536 1125 δαπανῶντα
560 1084 716 1133 μᾶλλον
740 1082 767 1131 ἦ
791 1086 871 1124 τῶν
891 1082 1093 1132 Ἑλλήνων

209 1145 433 1194 βούλεσθαι.
502 1147 601 1187 Hoc
649 1147 873 1188 consilium
922 1159 1091 1201 quoque

207 1210 291 1253 fuit
321 1209 603 1252 Timoleontis
644 1211 758 1263 apud
792 1211 969 1254 Diodor.
1014 1212 1090 1253 lib.

209 1284 308 1315 ΣΠ.
336 1273 472 1325 Ἔδοξε
486 1274 518 1314 δ’
537 1274 640 1325 αὐτῷ’
651 1274 701 1314 τὸ
717 1274 788 1316 τὸν
799 1275 894 1328 πρὸς
917 1275 1092 1318 Φοίνικας

208 1337 343 1388 &ssva
359 1336 631 1385 συστήσασθαι
646 1338 746 1379 κατὰ
774 1339 851 1387 τὴν
876 1342 957 1380 τῶν
990 1345 1091 1393 Καρ-

206 1400 394 1452 χηδονίων
410 1401 666 1460 ὄπικράτειιιν,
691 1401 794 1442 ὅπως
813 1401 888 1450 τὴν
917 1401 990 1452 μὲν
1014 1405 1093 1443 τῶν

207 1462 424 1515 «νμμόκυν
446 1463 579 1518 κόραν
608 1464 724 1513 awa
759 1464 989 1520 δισφνλόέῃ,
1018 1465 1094 1514 τὴν

206 1527 239 1569 δ’
265 1527 443 1570 §urbe-oin
459 1527 676 1582 βαρβάρους
693 1527 812 1570 οὖσαν
841 1529 1091 1584 καταφθείρῃ.

205 1592 265 1634 Et
279 1593 406 1635 Darii
424 1593 528 1635 ibid.
547 1594 624 1635 lib.
644 1605 759 1636 xvu.
777 1595 849 1648 qui
871 1600 969 1648 post
989 1596 1090 1636 Phi·

203 1654 314 1708 lippi
347 1667 579 1703 excessum,
608 1658 900 1699 contendebat
934 1660 1090 1700 molem

204 1717 309 1758 belli
327 1731 382 1759 ex
417 1719 526 1760 Asia
541 1719 586 1760 in
608 1721 825 1774 Europam
844 1727 976 1775 atque
994 1724 1090 1764 Ma-

207 1780 431 1823 cedoniam
450 1782 663 1824 derivare.
702 1784 864 1826 sustin.
884 1786 958 1828 lib.
984 1797 1089 1828 ιιιιι.

205 1847 246 1885 6.
285 1844 299 1866 ‘
320 1844 581 1886 Quibusdam
613 1846 813 1897 placebat
844 1848 1004 1889 bellum
1043 1849 1088 1890 in

204 1906 505 1962 Macedoniam
555 1907 800 1961 transferri,
846 1910 900 1952 ad
945 1911 1087 1964 ipsum

204 1967 366 2010 fontem
381 1977 427 2010 et
445 1976 577 2023 caput
595 1971 749 2023 regni?
774 1973 884 2013 Vide
903 1973 1087 2015 eundem

202 2033 282 2074 lib.
311 2043 448 2075 xxxx.
466 2039 506 2075 5.
532 2034 674 2076 verbis
694 2030 935 2078 Annibalis.
983 2038 1087 2078 Geb-

255 2160 491 2214 neuun-que
506 2161 803 2215 regifica-ont]
816 2163 959 2205 Tacit.
972 2162 1086 2205 Anu.

203 2233 275 2264 ιιι.
313 2227 377 2266 18.
417 2226 432 2247 ‘
450 2225 634 2267 Quando
663 2226 728 2267 M.
774 2225 971 2277 Antonii,
1014 2227 1088 2280 qui

204 2288 365 2329 bellum
400 2288 553 2340 patrias
578 2287 756 2330 fecisset
773 2300 929 2330 nomen
945 2301 1088 2331 mane-

202 2352 299 2393 ret?
323 2351 486 2395 sustin.
514 2352 590 2394 lib.
609 2364 682 2393 m.
707 2353 721 2376 ‘
739 2353 1088 2406 Peloponnenses

202 2414 483 2466 immiserunt,
519 2415 593 2468 qui
624 2415 783 2457 bellum
812 2415 1088 2458 Atheniensi-

206 2477 285 2519 bus
305 2477 537 2521 facerent!
557 2479 683 2521 Idem.

259 2542 432 2594 Doce-s,
469 2543 596 2583 satius
627 2554 709 2595 esse
743 2543 789 2583 in
820 2543 938 2596 Asia,
973 2558 1103 2600 quaml

200 2605 247 2646 in
265 2606 427 2659 Europa
443 2606 651 2659 amicare]
689 2607 765 2648 Sic
783 2609 1025 2661 Xenophon
1043 2610 1088 2650 in

203 2668 432 2720 Agesilao:
473 2668 704 2711 Κάλλιοπν
731 2669 776 2711 δὲ
808 2669 965 2713 πάντων
994 2671 1089 2726 ὑφί-

202 2744 307 2780 mo,
338 2731 395 2782 μὴ
424 2729 512 2786 περὶ
538 2733 612 2781 τῆς
644 2732 852 2787 Ἑλλάδος,
885 2735 994 2777 ἀλλὰ
1017 2751 1087 2778 το-

202 2794 238 2847 pt
266 2796 340 2844 τῆς
382 2795 518 2837 Ἀσίας
559 2795 631 2837 τὸν
668 2798 808 2849 ᾰγὸνω
844 2798 1086 2843 καθιστάναι.

204 2858 307 2899 Non
343 2859 491 2900 laudat
528 2864 672 2901 tamen
717 2860 931 2904 Isocrates
973 2864 1087 2906 bunc

203 2921 396 2974 Agesilai
426 2928 644 2972 conatum,
671 2924 715 2964 in
746 2924 872 2966 Orat.
901 2925 957 2966 ad
986 2927 1088 2967 Pni-

200 2985 394 3037 lippum3
427 2997 495 3038 eo,
508 2987 621 3039 qnod
650 2999 736 3028 non
763 2989 880 3040 prius
908 2990 1088 3031 Graecos

200 3048 316 3089 inter
333 3061 380 3089 se
400 3050 658 3102 conciliarit,
684 3063 810 3105 quam
843 3054 955 3107 Regi
983 3056 1087 3096 Per·

202 3123 343 3152 sarum
361 3110 520 3152 benum
539 3111 736 3154 inferret.
764 3115 904 3157 Lama.

255 3173 440 3225 Namque
458 3172 576 3222 sarm
606 3175 779 3227 exierat]
830 3177 946 3219 Illud
980 3191 1084 3221 vero

198 3237 314 3278 infra
330 3237 375 3277 in
395 3236 645 3278 Hannibale
658 3252 671 3279 ε
708 3239 722 3262 ‘
739 3240 944 3293 Magnam
969 3243 1083 3284 enim

199 3313 344 3342 secum
381 3301 613 3353 pecuniam
649 3302 870 3354 portabat,
904 3304 959 3344 dc
998 3317 1084 3358 qua

198 3363 364 3405 sciebat
373 3364 513 3405 exisse
527 3362 712 3405 famam)
739 3364 919 3407 Sueten.
931 3366 975 3406 in
995 3368 1035 3407 N
1040 3379 1081 3408 e·

201 3438 325 3468 rone:
356 3427 369 3450 ‘
389 3427 510 3468 Exiit
526 3426 702 3479 opinio,'
723 3430 807 3469 &c.
864 3428 1012 3471 Groeci
1027 3430 1083 3470 si-

200 3487 362 3530 militer
392 3488 543 3530 dicunt
581 3487 703 3540 λόγος
733 3488 908 3545 defun,
942 3497 994 3533 ut
1026 3492 1082 3533 ad

1928 258 2038 309 599

1155 386 1403 427 Suetonium
1416 386 1882 428 notavitcasaubonus.
1901 386 2040 445 Schot-

1154 454 1232 490 tus.

1211 512 1448 563 Comparare
1492 511 1668 565 classem]
1734 512 1806 553 Ita
1849 511 2041 564 loquitur

1155 576 1299 628 paullo
1318 581 1433 628 post,
1451 580 1498 616 et
1516 587 1660 628 supra,
1674 574 1888 617 Miltiade.
1915 575 2039 616 Grae-

1155 638 1195 679 ci
1214 638 1368 679 dicunt
1391 636 1608 690 ἑτοιμάζειν
1636 639 1705 679 vel
1722 636 2040 690 κατασκευάζεσ-

1155 705 1232 743 θαι.
1287 702 1433 744 Caesar
1470 702 1524 743 de
1557 703 1683 744 Bello
1720 703 1834 744 Gall.
1861 714 1941 745 vu.
1973 706 2040 745 12.

1155 765 1168 788 ‘
1187 765 1442 806 Praesidium
1477 765 1649 806 Genabi
1686 766 1835 807 tuendi
1874 777 2041 816 caussa,

1157 829 1271 883 qnod
1312 841 1364 870 eo
1410 829 1650 881 mitterent,
1698 829 2040 883 comparabant.'

1159 893 1285 935 Gebh.
1338 892 1502 934 Incidit
1531 893 1614 935 hoc
1643 892 1801 934 bellum
1825 895 1870 934 in
1889 893 2041 947 Olym-

1155 957 1271 1010 piad.
1292 967 1417 999 xcvr.
1437 970 1538 999 ann.
1555 961 1595 998 1.

1213 1022 1340 1062 Tanta
1356 1021 1556 1062 celeritate
1573 1032 1664 1062 usus
1682 1019 1762 1073 est]
1790 1020 1892 1064 Qua
1907 1020 2042 1061 maxi-

1154 1096 1236 1126 mae
1270 1096 1339 1126 res
1375 1083 1676 1126 conficiuntur.
1738 1084 1948 1137 Vegetius
1985 1084 2040 1125 de

1155 1149 1220 1189 Re
1239 1147 1375 1189 Milit.
1394 1148 1471 1189 lib.
1490 1158 1557 1188 ιν.
1578 1151 1647 1188 31.
1674 1147 1687 1170 ‘
1705 1147 1756 1188 In
1777 1148 1905 1188 rebus
1917 1148 2041 1189 belli·

1156 1213 1216 1253 cis
1250 1212 1450 1253 celeritas
1483 1211 1667 1263 amplius
1698 1211 1808 1251 solet
1838 1211 2041 1263 prodesse

1155 1288 1279 1329 quam
1300 1274 1466 1315 virtus!
1495 1274 1524 1316 J
1530 1273 1750 1314 ustin.lib.
1768 1284 1831 1314 ιιι.
1847 1277 1888 1315 2.
1905 1276 1918 1297 ‘
1935 1273 2040 1316 Qui-

1156 1339 1234 1379 bus
1268 1338 1455 1379 motibus
1485 1346 1759 1387 occursurus,
1785 1341 1907 1380 tanta
1931 1336 2042 1377 cele-

1155 1401 1285 1442 ritate
1320 1401 1533 1440 instructo
1570 1407 1808 1453 paratoque
1846 1400 2040 1441 exercitu

1155 1464 1371 1506 Graeciam
1402 1462 1636 1517 oppressit,
1664 1467 1727 1513 ut,
1751 1474 1876 1516 quem
1893 1463 2041 1503 venire

1155 1540 1241 1569 non
1269 1532 1508 1577 senserant,
1543 1525 1691 1566 videre
1717 1537 1763 1566 se
1797 1526 1865 1566 vix
1890 1525 2042 1566 crede-

1155 1591 1288 1632 rent.’¹
1331 1591 1445 1631 Vide
1477 1590 1638 1630 Caesar.
1675 1589 1790 1630 Bell.
1826 1588 1954 1630 Civil.
1980 1599 2041 1630 vt.

1154 1659 1222 1696 30.
1269 1654 1482 1696 celeritas
1514 1664 1685 1706 quoque
1715 1653 1831 1706 parit
1856 1653 2041 1695 admira-

1153 1718 1314 1760 tionem
1361 1723 1408 1758 et
1454 1722 1678 1757 terrorem.
1735 1716 1917 1757 Diodor.
1962 1717 2039 1758 lib.

1155 1792 1272 1823 xvu.
1311 1780 1367 1821 de
1398 1779 1647 1821 Alexandro
1679 1781 1868 1834 Magno:
1910 1779 1937 1830 ἥ
1962 1780 2040 1834 γὰρ

1153 1845 1303 1897 ὀξύν-ης,
1321 1845 1478 1898 inquit,
1493 1845 1564 1885 wi>
1581 1843 1782 1886 νεανίσκου
1804 1844 1869 1887 καὶ
1887 1845 1949 1886 διὰ
1961 1849 2041 1887 τῶν

1151 1906 1323 1961 πράξεων
1341 1905 1516 1961 ἐνέργεια
1544 1906 1637 1949 τοὺς
1670 1908 2039 1962 ἆλλοτριοφρονοῦν-

1151 1987 1223 2013 ras·
1243 1969 1428 2022 μεγάλως
1451 1967 1680 2021 ἐξέπληττε.
1738 1971 1878 2014 Quem
1897 1973 2039 2014 locum

1154 2035 1325 2075 videtur
1347 2035 1591 2086 respexisse
1615 2034 1789 2087 Trogus
1803 2036 1918 2088 apud
1938 2035 2040 2077 Jus-

1152 2098 1233 2139 tin.
1253 2098 1328 2138 lib.
1347 2108 1411 2139 xx.
1431 2101 1470 2138 3.
1488 2098 1501 2120 ‘
1518 2097 1827 2151 contemptum
1839 2099 1975 2140 hostis
1992 2101 2038 2140 in

1152 2161 1477 2203 admirationem
1515 2165 1753 2213 vertentes,
1790 2163 2039 2215 pueritiam·

1151 2238 1234 2279 que
1248 2223 1505 2274 Alexandri,
1530 2229 1722 2276 spretam
1741 2230 1886 2274 antea,
1906 2237 2039 2279 supra

1150 2289 1356 2329 virtutem
1376 2294 1566 2328 veterum
1581 2286 1736 2330 ducum
1751 2290 2041 2333 extollentes!

1150 2352 1246 2394 Lib.
1264 2363 1317 2394 ιι.
1334 2355 1375 2392 3.
1412 2351 1596 2405 Scythas
1627 2353 1641 2374 ⁶
1659 2364 1756 2394 cum
1784 2358 1907 2394 tanta
1925 2355 2040 2394 ccle-

1151 2418 1280 2458 ritate
1310 2416 1455 2457 venire
1489 2427 1569 2456 rex
1596 2415 1797 2470 (AEgypti
1832 2417 2039 2471 Vexoris)

1151 2479 1448 2530 addidicisset,
1468 2480 1513 2520 in
1525 2478 1673 2532 fugam
1686 2480 1898 2524 vertitur.'
1931 2480 2038 2522 Geb-

1209 2608 1265 2647 Ut
1289 2617 1419 2662 onmes
1445 2606 1662 2659 imparatos
1679 2607 2037 2661 imprudentesque]

1150 2670 1319 2712 Vitiosa
1349 2669 1579 2723 Longolius
1620 2669 1776 2722 edidit,
1817 2675 1863 2710 ut
1907 2684 2037 2712 omnes

1148 2732 1406 2785 imperatores
1434 2732 1650 2784 imparatos
1687 2732 2035 2785 madente-sque.

1151 2795 1384 2850 Coujnngit
1410 2800 1556 2836 autem
1574 2796 1619 2835 in
1638 2795 1842 2847 Datame,
1869 2796 1882 2818 ‘
1899 2796 2036 2849 impa-

1150 2866 1291 2902 ratum
1336 2858 1769 2913 imprudentemque,’
1817 2858 1873 2900 ad
1905 2871 2035 2914 quem

1149 2923 1291 2966 locum
1306 2924 1428 2976 plura
1446 2923 1620 2964 Savaro.
1647 2922 1800 2964 δώσει.

1203 2988 1392 3029 Inducias
1417 2999 1444 3027 a
1470 2987 1624 3028 Lucem
1652 2985 1819 3038 petivit]
1864 2986 2037 3027 Plutar-

1149 3053 1252 3095 chus
1271 3066 1283 3093 ι
1306 3050 1417 3092 Ἐπεὶ
1434 3049 1478 3092 δὲ
1494 3048 1772 3102 Τισσαφέρνης,
1789 3050 1831 3090 ἑν
1843 3049 1948 3103 ἀρχῇ
1961 3048 2034 3100 μὲν

1147 3114 1335 3168 φοβηθεὶς
1346 3115 1418 3156 τὸν
1429 3113 1686 3166 Ἀγησίλαον,
1699 3112 1909 3161 hotham
1917 3126 2035 3153 ‹nor-

1147 3178 1330 3231 sagace.
1378 3179 1568 3218 Fuerunt
1595 3176 1682 3217 illas
1720 3176 1848 3216 trium
1877 3177 2033 3217 mensi·

1148 3254 1235 3293 um,
1268 3247 1318 3282 ut
1348 3240 1524 3282 tradunt
1558 3238 1802 3291 Xenophon
1829 3239 1875 3280 in
1902 3239 2032 3293 Ages.

1147 3304 1223 3345 lib.
1241 3314 1314 3344 m.
1346 3309 1392 3343 et
1420 3303 1652 3354 Polyaenus
1681 3301 1940 3355 Stratsgem.
1978 3314 2032 3345 ιι.

1147 3366 1220 3420 qui
1235 3366 1473 3418 adjungunt
1492 3364 1619 3405 simul
1634 3364 1901 3406 conditiones
1913 3367 2035 3419 jure-

1140 3429 1330 3482 jurando
1340 3429 1457 3470 inter
1471 3434 1700 3482 utrumque
1713 3428 1856 3470 initas.
1876 3430 2030 3471 Κακὴ.

1201 3495 1356 3547 Easque
1399 3493 1628 3546 &npetu-am
1669 3492 1907 3546 mres]
1944 3494 2031 3534 Ex·
