2306 3900
723 245 834 287 vn.
865 248 867 250 ·
893 243 1310 296 aemulamina,
1346 244 1480 285 οΑι».
1515 231 1572 286 4.

230 364 346 408 mous
381 363 775 416 κατασκευάζεσθαι.
807 361 1048 404 Herodian.
1078 372 1111 402 1.

223 428 414 471 :Diodon
448 427 648 468 Gebhard.
920 440 922 444 ·

234 508 243 514 ‘
285 493 365 538 Sed
392 492 511 533 etiam
541 489 737 541 timorem]
774 489 876 530 Non
903 494 972 529 est
1001 500 1111 529 nove

226 554 412 607 dictum,
448 560 496 596 ut
543 558 695 595 censet
749 551 1111 592 Monstroliensis.

220 618 484 671 Propertius
499 631 525 658 z.
554 618 568 640 ‘
587 614 847 655 Vulneribus
867 613 1111 655 didicitmi-

229 681 294 722 les
310 681 469 721 babere
488 677 680 720 metum!
692 701 697 707 ·
709 676 834 718 Gebh.

287 742 427 785 obesse
451 741 665 794 plurimum
693 744 732 780 'et
755 739 955 792 prodesse]
996 738 1113 780 Hinc

224 807 386 849 -Timon
404 807 494 859 ille,
522 819 646 861 quem
665 805 932 858 μισάνθρωπον
962 805 1112 846 Lucia-

222 878 310 913 nus
340 869 549 923 singulari
582 870 726 911 libello
759 868 954 918 inducit;
995 866 1111 909 Alci-

230 932 401 975 biadem
440 932 694 984 adamabat,
711 932 824 986 quod
858 930 1112 984 praesagiret

230 1007 384 1048 magno
426 996 544 1037 illum
581 997 693 1036 malo
742 995 836 1036 fore
883 993 1112 1047 aliquando

231 1058 579 1102 Atheniensibus.
608 1060 885 1101 Plutarchus.
913 1058 1066 1100 Schoet.

283 1121 578 1174 ,aspergebatur
612 1124 729 1164 etiam
758 1122 945 1175 infamia]
991 1122 1111 1163 Curt.

223 1184 308 1226 lib.
326 1195 371 1226 x.
399 1185 473 1226 fin.
528 1187 541 1208 ‘
558 1185 667 1226 Haec
680 1192 894 1238 utcunque
907 1188 1008 1225 sunt
1018 1188 1111 1224 tra·-

222 1246 337 1299 Idita,
365 1258 514 1288 eorum
542 1260 646 1300 quos
681 1259 826 1288 rumor
858 1251 1112 1300 asperserat,

223 1321 327 1350 mox
345 1309 539 1362 potentia
558 1309 791 1351 exstinxit!
829 1308 1003 1362 Apulei.
1035 1309 1110 1350 lib.

221 1382 331 1413 -νιιι,
356 1371 557 1413 ‘Indicio
574 1384 751 1412 -morum
782 1376 924 1419 tamen
952 1370 1109 1423 impro-

224 1434 381 1488 batus,
398 1437 580 1488 repulsae
598 1434 856 1476 contumelia
883 1433 1026 1475 fuerat
1045 1447 1110 1474 as-

222 1497 406 1549 persus?
460 1498 511 1538 In
533 1498 780 1550 Vatinium:
828 1498 842 1521 ‘
863 1498 932 1538 Ne
953 1511 1037 1550 qua
1054 1510 1110 1539 ex

227 1572 392 1602 summa
428 1565 502 1602 tua
549 1561 804 1613 indignitate
841 1560 960 1602 labes
995 1563 1108 1604 illius

226 1622 430 1676 dignitati
447 1625 764 1678 adspergatur.'
795 1625 920 1666 Gebh.

279 1689 397 1734 Quod
415 1688 458 1730 in
476 1691 586 1729 domo
600 1702 669 1729 sua
677 1688 816 1738 facere
843 1688 1031 1742 mysteria
1047 1690 1109 1729 di-

222 1751 398 1805 cebatur]
428 1753 504 1793 Καὶ
517 1753 569 1793 τὰ
586 1751 776 1805 μυστήρια
794 1751 911 1802 ὅμοι’
890 1767 939 1793 ως
953 1754 1110 1801 ποιῆται

225 1814 288 1868 ἐφ’
309 1814 431 1868 ὕβρει.
475 1816 667 1868 Thucyd.
722 1816 991 1868 Explicatius
1024 1817 1108 1857 ista

225 1891 251 1920 a
269 1879 437 1921 Plutar.
457 1879 716 1929 referuntur,
747 1893 878 1934 quare
903 1882 1006 1933 eJus
1014 1893 1106 1922 ver-

225 1942 282 1983 ba
299 1943 566 1984 adscribam:
595 1944 661 1985 Ἐν
673 1943 716 1983 δὲ
732 1942 860 1994 τούτῳ
875 1942 1034 1984 δούλους
1050 1958 1108 1983 τι·

222 2007 290 2048 νὰς
306 2006 372 2047 καὶ
393 2006 594 2058 μετοίκους
621 2007 850 2061 προήγαγεν
877 2009 1108 2060 Ἀνδροκλῆς

223 2071 246 2109 ὅ
265 2069 512 2122 δημαγωγὸς,
531 2070 666 2111 ἄλλων
683 2086 730 2111 τε
748 2069 989 2121 ἀγαλμάτων
1004 2085 1108 2123 περι-

222 2132 359 2185 κοπὰς,
389 2132 455 2173 καὶ
482 2133 700 2186 μυστηρίων
728 2134 817 2189 'rap’
851 2131 953 2174 οἶνον
973 2133 1109 2182 ἀπομι-

222 2195 372 2251 μήσεις,
406 2197 477 2236 τοῦ
516 2196 764 2243 Ἀλκιβιάδου
786 2195 852 2237 καὶ
881 2199 960 2237 τᾶν
985 2196 1110 2248 φίλων

223 2261 547 2312 κατηγοροῦντας.
577 2261 743 2312 Longoz.
799 2261 1028 2313 Mysteria,
1064 2259 1107 2300 id

223 2328 305 2374 est,
341 2323 511 2364 Cereris
543 2336 668 2364 sacra
695 2335 863 2365 arcana.
909 2323 1107 2365 Justinus

220 2385 298 2427 lib.
319 2396 366 2426 ν.
398 2387 587 2428 criminis
616 2386 738 2439 hujus
766 2385 1026 2426 mentionem
1044 2385 1107 2425 fa-

223 2449 360 2501 ciens,
402 2451 415 2473 ‘
438 2451 643 2502 mysteria
681 2449 852 2491 Cereris
889 2448 1105 2490 initiorum

223 2511 346 2553 sac'ra
365 2512 502 2554 dicit?
528 2513 635 2554 Inde
648 2512 805 2554 Strabo
821 2524 922 2554 vm.
949 2514 962 2536 ‘
980 2513 1106 2553 Eleu-

223 2575 326 2614 sinae
346 2575 516 2616 Cereris
536 2576 741 2628 templum
760 2574 1004 2628 mysticum’
1034 2587 1106 2616 vo-

223 2641 312 2689 cat,
330 2643 508 2689 propter
524 2639 694 2679 Cereris
723 2650 940 2679 sacrorum
968 2649 1108 2679 secre-

222 2701 282 2739 ta.
313 2699 425 2750 Mag.
470 2700 572 2740 Duo
587 2711 708 2741 sacra
726 2699 896 2740 diversa
914 2699 1108 2740 Cerealia

224 2760 499 2808 celebrarunt
517 2761 657 2804 Attici
671 2762 860 2802 diversis
878 2762 1106 2811 mensibus,

223 2821 299 2867 sed
320 2822 822 2875 conjunctis,.‘mewlvm
840 2835 890 2864 ac
909 2823 1109 2875 Θεσμοφό-

221 2901 298 2939 ρια.
354 2887 575 2928 Eleusinia
610 2887 927 2928 Baedromione
961 2898 1107 2928 mense

224 2948 500 3001 agitabantur
516 2962 528 2998 ;
557 2948 912 3000 Thesmophoria,
929 2959 1108 3002 sequen·

222 3015 268 3052 te
295 3012 612 3065 Pyanepsione.
669 3012 777 3052 Inde
809 3016 1006 3055 auctores
1022 3012 1107 3053 Ve-

223 3079 336 3118 teres
356 3075 445 3115 baec
481 3075 565 3115 duo
597 3075 803 3127 mysteria
834 3075 988 3126 passim
1007 3086 1108 3117 cou-

222 3134 424 3177 fundnnt.
451 3137 678 3177 Salmasius.
726 3139 783 3190 Τῇ
802 3135 922 3178 εἰκάδι
947 3140 1108 3190 Βοηδρο-

222 3200 359 3248 μῶνος
379 3199 452 3251 qui
465 3199 739 3251 accipiebant
754 3201 958 3253 mysteria
969 3202 1105 3253 (quod

221 3263 398 3310 μυεῖσθαι
430 3262 605 3312 dicitur,
635 3262 888 3303 Tertullian.
921 3263 1029 3303 dicit
1045 3264 1107 3304 in-

222 3323 406 3377 stituere)
438 3326 703 3366 vocabantur
748 3322 917 3365 Μύστα.
972 3327 1107 3368 Quin-

222 3387 406 3439 quennio
426 3392 568 3429 autem
601 3389 790 3440 ineunte,
818 3389 970 3430 eadem
987 3388 1107 3430 elad&

225 3451 519 3505 Βοηδρομιῶνος,
556 3451 812 3496 dicebantur
841 3450 1008 3496 ἐπόπται
1042 3454 1108 3496 καὶ

1943 226 2052 281 493

1170 360 1315 414 ἔφοροι.
1369 361 1472 403 Alia
1495 355 1830 414 ειιιιίῑηριεηρικὰ
1845 356 2052 411 μυστήρια.

1171 426 1283 468 Haec
1301 428 1303 430 ’
1321 431 1464 468 autem
1506 423 1668 476 μεγάλα
1699 423 1972 474 dicebantur,
2005 427 2055 463 ut

1171 488 1248 528 illa
1280 487 1408 541 μικρά.
1461 488 1575 530 Haec
1604 487 1949 543 quinquennalia,
1977 485 2054 527 illa

1172 553 1414 593 triennalia.
1470 552 1528 592 Et
1544 553 1637 593 haec
1660 562 1832 603 semper
1862 549 2053 591 celebra-

1172 615 1332 656 bantur
1362 619 1508 665 nocte,
1537 626 1634 667 quae
1663 611 2055 667 sequebantur-rior

1093 692 1099 698 ·
1173 675 1306 718 εἰκάδα
1327 678 1625 729 Βοηδρομιῶνος,
1640 678 1786 718 statim
1813 682 1915 729 ¹post
1930 688 2055 717 occa-

1173 752 1263 780 sum
1297 740 1423 792 Solis,
1451 739 1698 793 plenilunio.
1725 738 1830 780 Scal.
1885 741 1957 780 De
1986 738 2073 779 his·

1174 803 1450 845 Casaubonus
1469 803 1660 844 Exercit.
1691 811 1786 843 xva
1805 806 1874 843 43.
1915 802 2053 844 Petit.

1173 868 1339 909 Comm.
1356 867 1412 908 ad
1429 868 1536 920 Leg.
1554 865 1651 907 Att.
1674 865 1752 906 lib.
1774 876 1805 906 ι.
1838 864 1935 906 Jac.
1963 864 2052 905 Go-

1172 928 1356 971 thefred.
1390 930 1582 971 Exercit.
1604 932 1645 970 2.
1663 928 1719 970 de
1746 928 1961 987 Ecclesia,
1988 930 2052 969 in-

1174 993 1319 1046 primis
1369 993 1584 1034 Meursius
1633 991 1775 1045 pecul.
1812 990 1890 1032 lib.
1925 1000 2052 1044 quem

1172 1056 1388 1097 Eleusinia
1403 1055 1634 1109 inscripsit.
1653 1092 1657 1093 ⁷

1176 1148 1181 1151 <
1229 1121 1342 1166 Quod
1359 1120 1471 1170 nefas
1493 1125 1582 1161 erat
1602 1132 1708 1162 more
1735 1117 2051 1170 Atheniensium]

1174 1182 1310 1223 Immo
1337 1183 1551 1236 capitale:
1589 1183 1645 1223 de
1670 1195 1755 1236 quo
1773 1183 1871 1223 vide
1888 1186 2055 1233 praeter

1171 1246 1402 1299 scriptores
1436 1247 1563 1288 modo
1597 1245 1793 1287 laudatos
1834 1246 2051 1298 Bernegg.

1174 1310 1229 1349 ad
1247 1310 1406 1352 Justin.
1423 1321 1467 1352 v.
1485 1316 1524 1352 6.
1553 1310 1608 1351 ab
1636 1311 1720 1351 hoc
1748 1309 1927 1350 crimine
1951 1321 2053 1362 pur·

1172 1378 1250 1424 gat
1265 1384 1362 1423 eum
1380 1373 1592 1414 Isocrates
1611 1374 1739 1415 Orat.
1754 1374 1808 1413 de
1825 1372 1958 1424 Bigis.

1227 1436 1338 1477 CAP.
1355 1441 1396 1478 4.
1423 1436 1693 1477 Hace-rimiae
1709 1437 1753 1476 in
1769 1436 2052 1479 contentionem

1170 1497 1219 1538 ab
1237 1498 1410 1539 inimicis
1422 1498 1735 1551 compellebatur]
1763 1498 1867 1550 Alii,
1885 1497 1955 1538 hoc
1973 1499 2051 1538 cri·

1170 1561 1275 1602 mine
1287 1562 1330 1602 in
1355 1562 1533 1603 concione
1549 1563 1599 1603 ab
1615 1562 1786 1603 inimicis
1801 1561 2051 1613 compellaba-

1170 1629 1250 1666 tur.
1323 1626 1461 1668 Quam
1511 1626 1823 1667 correctionem
1874 1625 2051 1677 ingenio

1171 1689 1340 1730 Claudii
1377 1690 1563 1731 Puteabi
1610 1689 1821 1730 debitam¹
1846 1687 2054 1740 produxit

1170 1752 1419 1804 Lambinus,
1454 1752 1741 1806 probavitque
1768 1752 1822 1792 P.
1862 1751 2052 1794 Danieli.

1171 1815 1323 1868 Neque
1359 1815 1451 1868 ipse
1484 1815 1920 1868 inficior,=compellare
1956 1827 2053 1856 esse

1168 1879 1414 1930 κατηγορεῖν,
1432 1883 1479 1920 et
1496 1880 1676 1920 crimine
1702 1880 1884 1932 aliquem
1903 1880 2052 1931 appel-

1168 1941 1272 1982 lare.
1326 1940 1448 1982 Infra
1465 1943 1756 1982 Timoleonte:
1785 1942 1926 1983 ‘Quin
1951 1953 2050 1981 eum

1167 2001 1440 2044 fratricidam
1499 2004 1760 2057 impiumque
1826 2004 2049 2046 detestans

1169 2065 1475 2118 compellaret!
1522 2066 1664 2107 Cicer.
1683 2068 1726 2106 in
1745 2067 1922 2119 Epistz‘
1944 2066 2051 2108 Qui-

1169 2130 1346 2171 buscum
1382 2143 1531 2182 parum
1568 2131 1840 2183 procederet,
1881 2135 1929 2171 ut
1961 2131 2051 2171 ulla

1166 2192 1264 2245 lege
1283 2194 1386 2233 mihi
1404 2200 1586 2246 poneret
1604 2199 1910 2244 accusatorem,
1939 2205 2052 2235 com-

1169 2257 1323 2307 pellari
1352 2268 1404 2297 ea
1434 2258 1530 2310 lege
1558 2270 1627 2298 me
1656 2256 1908 2298 voluerunt!
1934 2286 1940 2291 .
1963 2256 2050 2298 Sed

1168 2329 1246 2359 cur
1262 2323 1456 2359 veterem
1475 2320 1732 2372 scripturam
1766 2325 1811 2360 et
1832 2319 2050 2360 Latinissi-

1167 2396 1278 2424 mam
1299 2383 1611 2436 postferamus?
1630 2416 1634 2420 .
1656 2384 1845 2436 Reposui
1875 2384 2049 2437 itaque;

1168 2447 1261 2488 Hoc
1276 2449 1441 2488 crimine
1457 2449 1499 2488 in
1523 2448 1805 2489 contentionem
1820 2447 1870 2488 ab
1882 2447 2052 2490 inimicis

1167 2512 1479 2564 compellabatur.
1534 2511 1706 2552 Invitus
1737 2516 1784 2551 et
1822 2510 1943 2563 quasi
1974 2510 2050 2550 ob-

1170 2580 1284 2615 torto
1314 2575 1423 2616 collo
1470 2574 1526 2615 ab
1563 2573 1817 2615 adversariis
1849 2573 2050 2613 Thessalo

1169 2637 1357 2678 Cimonis
1373 2637 1463 2678 filio
1482 2644 1528 2678 et
1541 2637 1774 2689 Androcle,
1798 2636 2052 2677 trahebatur

1169 2699 1222 2739 ad
1242 2700 1468 2740 dicendam
1484 2711 1686 2740 caussam.
1718 2698 1916 2739 Gebhard.
1972 2697 2049 2738 Gi-

1169 2761 1253 2804 fan.
1282 2763 1376 2803 cod.
1420 2768 1466 2802 et
1502 2762 1680 2814 Longol.
1732 2761 1775 2800 in
1807 2760 2052 2800 contentione

1169 2826 1482 2877 compellabatur.
1538 2825 1591 2864 Id
1623 2829 1705 2875 est,
1734 2822 1923 2864 forensi
1910 2834 1955 2893 ιιι
1972 2822 2049 2864 lite

1170 2889 1481 2941 appellabatur.
1509 2888 1663 2929 Schott.

1171 2977 1186 2989 .-
1230 2952 1301 3003 Ut,
1318 2952 1355 2991 si
1371 2953 1461 3003 qaid
1478 2953 1527 2991 de
1542 2962 1586 2991 se
1599 2949 1687 3002 agi]
1725 2951 1843 3003 Lege
1859 2949 2049 3003 Thucyd.

1170 3014 1394 3055 Plutarch.
1436 3014 1712 3067 Xenophont.
1736 3019 1801 3055 et
1811 3014 2049 3055 Isocratem

1169 3075 1256 3128 περὶ
1269 3076 1448 3129 ζεύγους.

1224 3141 1394 3180 Invidia
1420 3140 1600 3191 crimine]
1640 3139 1918 3190 Ultrajectin.
1945 3139 2049 3180 inni-

1169 3203 1238 3244 dia
1254 3204 1446 3244 criminis.
1472 3203 1638 3243 Sclnott.
1694 3202 1792 3241 Non
1810 3201 1922 3242 dixit
1947 3201 2048 3242 invi-

1169 3267 1277 3305 dioso
1311 3267 1488 3316 crimine,
1543 3265 1620 3304 sed
1653 3266 1813 3304 invidia
1857 3263 2047 3304 mnino.-

1170 3330 1292 3380 quasi
1328 3329 1579 3370 Alcibiades
1626 3329 1782 3368 nullam
1825 3328 1965 3375 aliam·
1991 3327 2050 3368 ob

1169 3392 1340 3443 culpam
1353 3393 1396 3432 in
1414 3392 1692 3432 contentione
1701 3391 2050 3443 compellaretur,

1170 3459 1246 3498 ,aut
1257 3454 1308 3495 in
1313 3454 1524 3507 judicium
1540 3460 1786 3507 vocaretur,
1792 3453 2049 3509 quemquami
