2306 3900
363 265 473 320 644

366 397 570 450 virtutem]
615 396 741 438 Bella
776 396 1029 438 antithesis:
1082 396 1127 436 in
1164 408 1248 450 qua

364 461 523 501 multos
568 459 656 510 nni,
703 458 1064 501 obtrectationem
1099 459 1248 500 virtuti

364 522 559 575 opponit.
590 523 713 562 Idem.
771 523 843 563 Sic
871 523 982 576 apud
1015 522 1246 575 Apuleium

363 585 546 638 aliquem
566 585 851 626 insimulatum
867 586 1130 639 quorundam
1150 591 1247 626 astu

364 647 551 699 projecit
582 652 796 689 extorrem
845 649 1022 690 saeviens
1067 648 1245 689 invidia.

366 710 515 752 Qualis
550 711 633 750 iste
666 711 710 750 in
741 711 892 752 Tacito
927 711 1245 763 conspiratione

363 773 629 814 inimieorum
662 780 707 814 et
741 774 903 815 invidia
929 773 1025 815 falsi
1058 773 1246 814 criminis

363 849 606 890 oppressuS.
664 839 772 878 Vide
800 839 1034 880 Lucianum
1061 841 1133 880 De
1161 851 1245 879 non

362 905 525 943 temere
543 899 775 941 credendo.

424 963 541 1004 Velut
563 963 778 1004 hereditate
806 964 985 1005 relictum
1016 965 1147 1006 odium
1174 978 1246 1017 pa·

361 1027 534 1078 ternum]
570 1026 674 1078 Ipse
697 1027 911 1068 Hannibal
941 1029 1054 1081 apud
1075 1028 1244 1069 Livium

364 1099 509 1128 xxxv.
538 1088 550 1110 ‘
573 1088 660 1130 Odi
693 1090 924 1142 Romanos,
949 1091 1132 1144 odioque
1153 1104 1245 1132 sum

365 1150 582 1190 Romanis.
638 1150 692 1190 Id
710 1163 776 1191 me
796 1164 943 1193 verum
960 1154 1100 1194 dicere
1122 1159 1247 1206 pater

363 1213 587 1253 Hamilcar
615 1218 662 1253 et
692 1214 763 1254 DI
796 1220 933 1256 testes
961 1216 1090 1259 sunt.’
1143 1217 1245 1257 Tale

362 1278 543 1329 AEgisthi
562 1278 770 1329 patruelis
794 1279 836 1318 in
865 1279 1244 1332 Agamemnonem.

362 1341 556 1381 Velleius
574 1341 648 1381 lib.
664 1352 696 1381 1.
729 1344 784 1383 Et
806 1343 984 1384 Paconii
1005 1343 1247 1397 Agrippini,

364 1404 535 1456 paterni
553 1405 597 1444 in
617 1405 832 1458 principes
850 1407 935 1447 odii
953 1407 1135 1448 heredis.
1167 1409 1245 1447 Ta-

367 1467 440 1507 cit.
462 1478 556 1507 xw.
599 1467 723 1508 Gebh.

418 1531 544 1572 Prius
555 1531 725 1570 animam
743 1531 981 1585 deposuerit]
1015 1532 1085 1573 Sic
1103 1545 1248 1586 supra,

363 1594 409 1633 in
445 1593 632 1633 Pausan.
668 1606 762 1646 cap.
798 1599 839 1634 5.
887 1596 1020 1636 vitam
1056 1608 1244 1648 ponere:

363 1655 377 1678 ‘
397 1655 542 1709 Atque
572 1656 724 1696 eodem
747 1657 1072 1712 loco-sepultum,
1090 1659 1166 1700 ubi
1189 1659 1247 1699 vi-

365 1721 455 1757 tam
475 1718 706 1770 posuerat!
747 1719 921 1761 Suvaro.

421 1780 551 1826 Quum
574 1781 710 1832 patria
731 1783 863 1833 pulsus
893 1786 1009 1834 esset,
1042 1787 1082 1823 et
1103 1784 1247 1824 aliena·

363 1853 452 1882 rum
486 1855 600 1896 opum
635 1843 850 1896 indigeret]
901 1846 972 1886 Sic
1003 1858 1135 1898 supra
1173 1848 1246 1887 De

364 1905 584 1958 Regibus:
623 1906 635 1928 ‘
658 1907 797 1949 Quem
839 1908 909 1948 ille
950 1921 976 1949 a
1017 1916 1140 1961 patre
1174 1923 1245 1950 ex-

362 1968 535 2019 pulsum
554 1966 833 2020 Alexandria,
853 1969 1086 2010 alienarum
1117 1983 1244 2023 opum

362 2030 631 2082 indigentem
678 2031 934 2085 receperat.'
997 2033 1135 2075 Lomb.
1171 2033 1246 2074 Sa·

366 2105 476 2134 varo.

420 2157 531 2197 CAP.
550 2161 590 2197 2.
624 2158 873 2212 Philippum]
914 2158 1124 2202 Demetrii
1154 2163 1248 2202 Ma-

364 2219 573 2261 cedonum
593 2221 725 2272 Regis
738 2221 887 2274 filium,
904 2223 1054 2264 Persei
1067 2231 1246 2276 patrem.

365 2282 439 2323 De
457 2295 540 2336 quo
554 2284 698 2324 Livius
714 2285 892 2336 epitom.
907 2296 1039 2326 xxix.
1055 2291 1101 2326 et
1115 2297 1246 2327 xxxr.

363 2345 563 2387 justinus
582 2346 655 2386 lib.
677 2357 808 2388 xxix.
836 2352 882 2388 et
916 2349 1172 2389 Plutarchus
1203 2350 1244 2388 in

365 2407 522 2449 Paullo
541 2409 723 2461 AEmilio,
753 2416 798 2449 et
830 2410 962 2461 Fasti,-
983 2411 1061 2451 sub
1089 2422 1245 2450 annum

367 2470 421 2511 ab
448 2471 502 2511 U.
522 2471 571 2512 C.
593 2482 705 2513 DLH.
734 2471 883 2513 Schott.
937 2473 1086 2514 Tradit
1112 2474 1246 2515 Justi-

365 2546 464 2584 nus,
501 2534 613 2574 hunc
661 2547 686 2575 a
729 2536 957 2576 Demetrio
1002 2537 1246 2589 Illyriorum

365 2597 488 2648 Rege
526 2597 581 2636 ad
618 2596 773 2638 bellum
827 2599 1029 2639 Romanis
1062 2598 1246 2641 inferen-

365 2660 468 2701 dum
496 2659 631 2701 fuisse
661 2661 915 2714 impulsum:
964 2670 1011 2703 et
1037 2676 1133 2704 cum
1163 2665 1249 2705 Ro-

366 2735 516 2764 manos
538 2736 564 2764 a
592 2723 738 2764 Poenis
757 2724 914 2765 iterato
946 2726 1092 2777 praelio
1109 2727 1247 2767 victos

365 2785 603 2837 didicisset,
623 2791 771 2838 aperte
800 2799 846 2827 se
864 2787 1029 2828 hostem
1047 2788 1247 2829 Romanis

366 2849 627 2901 professum3
663 2862 896 2903 navesque,
915 2852 1065 2905 quibus
1087 2853 1128 2893 in
1157 2853 1246 2894 Ita-

364 2913 465 2952 liam
498 2913 735 2954 exercitum
769 2915 1004 2968 trajiceret,
1034 2916 1246 2962 fabricare

367 2975 579 3027 coepisse;
610 2988 660 3016 ac
680 2977 868 3029 legatum
889 2978 942 3018 ad
962 2979 1245 3021 Hannibalem

361 3038 598 3092 jungendae
616 3039 837 3080 societatis
854 3042 995 3093 gratia
1023 3054 1118 3083 cum
1137 3043 1247 3095 epis-

367 3101 466 3140 tolis
502 3100 681 3142 misisse.
722 3102 837 3152 Mag.
905 3103 1080 3144 Romani
1114 3105 1247 3157 legati

368 3174 466 3203 cum
484 3163 526 3203 in
544 3168 696 3204 senatu
720 3164 1031 3218 exposuissent,
1059 3178 1250 3219 comper-

368 3230 461 3266 tum
480 3226 684 3268 Patribus
714 3228 914 3268 Romanis
943 3240 1036 3270 esse
1067 3235 1114 3271 et
1146 3231 1246 3272 Phi-

368 3286 532 3337 lippum
576 3301 738 3342 regem,
774 3295 875 3331 ante
919 3291 973 3332 ab
1006 3293 1247 3335 Hannibale

368 3351 554 3390 maxime
584 3364 824 3403 accensum,
852 3354 1011 3395 bellum
1030 3357 1083 3398 P.
1107 3357 1158 3397 R.
1184 3355 1246 3397 fe-

370 3412 511 3452 cisse:
541 3418 587 3452 et
605 3425 716 3454 nunc
732 3416 880 3456 literas
901 3419 1158 3471 nunciosque
1190 3419 1245 3460 ab

370 3485 423 3515 eo
456 3474 508 3515 ad
542 3475 797 3517 Antiochum
832 3491 974 3529 regem
997 3480 1242 3533 profectos:

748 279 928 319 N-O'TAE
965 278 1299 319 VARIORUM
1342 280 1405 318 IN
1449 281 1501 318 C.
1540 279 1803 319 NEPOTIS

1307 396 1422 437 haud
1467 396 1726 450 quieturum,
1764 398 1993 448 antequam
2028 392 2187 436 bellum

1310 465 1403 501 toto
1421 466 1631 501 terrarum
1652 460 1755 501 orbe
1774 459 2011 500 concisset=
2041 471 2122 500 nec
2144 459 2187 500 ei

1309 522 1482 575 impune
1519 523 1679 574 debere
1723 534 1833 573 esse,
1868 523 1904 561 si
1940 519 2189 562 satisfacere

1310 585 1683 639 Carthaginienses
1712 587 1764 626 P.
1783 587 1836 626 R.
1864 585 2054 625 vellent:
2082 583 2188 623 nihil

1309 660 1454 688 eorum
1483 661 1558 689 sua
1577 650 1801 690 voluntate
1821 653 1865 687 et
1890 647 2062 699 publico
2087 659 2188 687 con-

1309 711 1404 752 silio
1449 711 1608 752 factum
1662 723 1771 762 esse,
1815 709 2189 760 Carthaginienses

1308 775 1646 827 responderunt:
1678 773 1882 826 quicquid
1901 784 2068 826 aequum
2089 784 2190 813 cen·

1309 837 1490 877 suissent
1524 837 1720 887 Romani,
1751 835 1942 876 facturos
1966 847 2073 876 esse.
2118 836 2189 876 Li-

1308 899 1403 939 vius
1423 898 1537 939 Ann.
1558 909 1730 939 xxxin.

1365 961 1548 1002 Omnium
1564 959 1854 1012 potentissimus
1872 959 1978 1012 Rex]
1994 959 2189 1014 Quippe,

1309 1024 1382 1078 qui
1415 1023 1562 1065 Asiam
1595 1029 1641 1065 et
1677 1024 1847 1076 Syriam
1883 1023 2023 1063 tenuit
2055 1035 2188 1078 annos

1308 1094 1476 1141 septem
1494 1093 1541 1129 et
1557 1088 1759 1140 triginta3
1788 1086 1981 1127 Mediam
2006 1087 2192 1145 quoque,

1308 1151 1518 1203 Persiam,
1536 1151 1814 1204 Hyrcaniam,
1833 1148 2124 1200 Bactrianam,
2144 1155 2192 1191 et

1309 1226 1470 1265 omnes,
1508 1220 1690 1266 excepta
1729 1213 1924 1264 Parthia,
1955 1211 2191 1264 superioris

1309 1277 1423 1318 Asiae
1441 1278 1680 1330 provincias
1699 1277 1814 1317 victo
1829 1274 1987 1316 Achaeo
2004 1274 2190 1326 recepit.

1308 1341 1464 1392 Polyb.
1493 1353 1579 1381 vn.
1608 1351 1710 1381 vm.
1735 1350 1783 1381 x.
1813 1350 1878 1380 11.
1917 1338 2076 1380 Justin.
2096 1348 2190 1378 xm.

1308 1401 1501 1455 Appian.
1532 1403 1576 1443 in
1607 1403 1771 1455 Syriae.
1804 1402 2001 1444 Judaeam
2020 1412 2189 1454 qnoque

1307 1465 1511 1518 AEgyptio
1531 1466 1619 1517 regi
1638 1466 1810 1517 eripuit.
1838 1465 2014 1516 Joseph.
2031 1474 2115 1504 xn.
2131 1467 2172 1503 8.

1361 1528 1597 1580 Antiochus]
1640 1529 1793 1569 Frater
1825 1526 2034 1567 Callinici.
2103 1526 2191 1568 Qui

1309 1592 1446 1644 primo
1464 1590 1565 1645 ἱέραξ
1583 1591 1738 1642 dictus,
1756 1591 1811 1631 ob
1837 1602 2037 1642 rapacem
2065 1595 2191 1630 natu-

1309 1666 1412 1696 ram.
1465 1655 1578 1695 Vide
1611 1655 1865 1695 Strabonem
1902 1665 1997 1694 xvr.
2056 1654 2192 1696 Justi-

1309 1728 1410 1756 num
1442 1711 1593 1757 xxvlr.
1639 1717 1800 1756 Postea
1833 1716 1888 1756 ob
1916 1716 2117 1756 victorias
2144 1723 2191 1756 et

1308 1779 1477 1832 imperii
1505 1780 1844 1833 amplitudinem,
1869 1779 2017 1831 Magni
2036 1791 2190 1832 cogno-

1309 1849 1501 1884 mentum
1515 1843 1700 1895 accepit·
1730 1843 1933 1883 Kenchen.
1987 1842 2116 1883 Hunc
2135 1841 2191 1882 ad

1311 1919 1431 1948 arma
1467 1907 1673 1948 Romanis
1701 1906 1926 1946 inferenda
1957 1905 2191 1946 concitasse

1311 1971 1616 2023 Hannibalem,
1636 1969 1770 2010 refert
1790 1969 1964 2009 Liviana
1988 1969 2190 2020 Epitome

1311 2034 1386 2075 lib.
1406 2046 1583 2075 xxxin.
1611 2039 1657 2074 et
1681 2043 1848 2074 xxxiv,
1868 2037 1914 2073 et
1930 2032 2092 2073 Justin.
2112 2031 2188 2072 lib.

1311 2108 1465 2140 xxxn.
1506 2097 1657 2138 Schott.

1365 2162 1486 2201 Hunc
1517 2164 1631 2200 tanta
1667 2160 1880 2212 cupiditate
1909 2159 2082 2200 incendit
2112 2158 2189 2198 bel-

1310 2224 1438 2276 landi]
1468 2225 1623 2276 Polyb.
1643 2225 1804 2275 Livius,
1834 2223 2056 2276 Appianas
2075 2223 2190 2263 illam

1310 2287 1529 2327 historiam
1545 2288 1678 2338 magis
1697 2292 1975 2338 exaggerant.
2013 2286 2190 2326 Mortuo

1310 2350 1548 2390 Ptolemaeo
1562 2350 1855 2400 Philopatore,
1869 2347 2191 2396 Antiochus-,de-

1310 2411 1440 2452 cessit
1467 2411 1510 2451 in
1542 2410 1787 2462 AEgyptum,
1806 2410 2007 2462 praesidio
2032 2410 2191 2456 nudam

1313 2485 1363 2513 ac
1399 2484 1580 2513 vacuam
1619 2479 1908 2524 correpturus.
1991 2473 2099 2513 Cum
2136 2485 2188 2514 eo

1312 2536 1529 2577 Hannibal
1556 2535 1712 2588 Ephesi
1735 2535 2025 2587 congreditur,
2053 2535 2189 2576 inimi·

1311 2611 1457 2639 corum
1476 2599 1696 2640 calumniis
1713 2600 1854 2652 patria
1872 2612 1947 2640 sua
1966 2599 2187 2652 profugus.

1314 2663 1399 2705 Qui
1416 2663 1797 2714 calumniabantur,
1823 2675 1921 2703 eum
1947 2664 1990 2703 in
2019 2669 2190 2707 conten-

1314 2727 1430 2767 tione
1461 2728 1592 2769 semel
1623 2727 1825 2767 adversus
1860 2728 2074 2767 Romanos
2100 2738 2189 2779 sus·

1312 2795 1442 2842 cepta
1459 2796 1808 2843 perseverantem
1839 2794 1885 2830 et
1909 2789 2192 2841 pervicacem,

1313 2858 1359 2894 et
1377 2854 1476 2895 belli
1496 2855 1671 2907 gerendi
1687 2854 1895 2906 cupidum
1924 2866 2030 2906 esse,
2046 2865 2187 2906 neque

1312 2929 1465 2969 pacem
1498 2918 1640 2957 colere
1669 2928 1810 2969 posse.
1865 2918 1963 2960 Quo
1992 2922 2188 2969 tempore

1312 2980 1691 3032 Carthaginienses
1729 2980 1934 3020 Romanis
1961 2979 2190 3032 parebant,

1312 3042 1547 3084 foederibus
1564 3043 1828 3094 interpositis
1845 3043 2023 3094 alligati.
2069 3044 2189 3086 Han-

1312 3105 1500 3145 nibalem
1520 3105 1652 3156 igitur
1678 3106 1742 3145 rei
1764 3106 1959 3146 militaris
1989 3112 2035 3148 et
2053 3107 2188 3159 impe-

1311 3166 1433 3206 randi
1458 3166 1641 3207 scientia
1658 3168 1822 3207 clarum
1853 3166 2089 3209 Antiochus
2108 3168 2188 3218 ¹¹lio·

1311 3228 1489 3270 norifice
1509 3230 1702 3282 excepit,
1725 3235 1772 3270 et
1788 3230 1902 3283 apud
1928 3242 1974 3271 se
1994 3230 2188 3282 retinuit,

1312 3298 1442 3345 atque
1465 3293 1508 3332 in
1539 3293 1763 3334 comitibus
1787 3294 1873 3334 suis
1897 3293 2061 3333 habuit.
2117 3294 2187 3336 lta

1312 3354 1534 3406 Appianas
1553 3360 1598 3395 et
1614 3353 1706 3395 fere
1722 3355 1941 3407 Polybius.
1969 3355 2185 3397 Prolixius

1312 3429 1402 3457 rem
1422 3422 1570 3458 narrat
1590 3417 1747 3468 Livius,
1763 3428 1931 3459 xxxm.

1365 3481 1500 3521 Rubro
1518 3479 1637 3532 mari]
1662 3480 1759 3521 Sive
1780 3481 2017 3532 Erythraeo.
2057 3482 2186 3532 Quod
