2306 3900
311 254 470 293 CXXX

310 375 502 415 Sanctitas
529 372 765 434 (integritas,
791 386 880 436 qua:
900 385 1048 434 oppon.
1067 374 1190 412 avari-

364 429 429 468 tiae
448 435 489 468 et
506 426 747 479 crudelitati)
776 428 826 472 vi,
845 431 871 467 4
901 425 1060 482 (Hinc‘
1077 440 1188 466 sanc-

367 488 417 521 tae
450 480 598 520 manus’
634 493 714 518 non
747 456 910 531 pollutae
927 480 1132 531 captandis
1149 486 1190 520 et

366 534 617 586 acceptandis
645 533 833 573 munerib.
879 533 1187 585 provincialium,

367 600 417 639 ap
420 589 472 626 ud
491 586 584 627 Val.
603 586 745 626 Max.·
734 587 776 634 ri,
796 591 837 634 2,
856 590 895 627 8.
930 587 1082 637 Gebh.)

308 641 504 692 Sanguine
524 653 596 679 suo
616 640 784 692 aliquem
799 640 984 680 redimere
998 641 1048 680 ab
1059 641 1190 680 Ache-

361 700 472 733 ronte
500 708 538 740 x,
560 697 611 733 10
657 694 846 745 sanguine
871 707 1027 733 suorum
1052 699 1190 734 cruen-

360 753 442 786 tare
463 759 602 786 manus
626 761 690 794 xv,
709 751 759 808 10

308 800 511 852 Sapientes
529 806 679 852 septem
706 799 789 847 viii,
803 805 830 841 4

306 853 446 893 Sardes
463 853 575 906 (urbs
593 853 720 906 Lyd.)
747 853 840 900 xvii,
858 857 898 893 3.
924 853 953 902 i,
972 857 998 894 4

309 907 486 946 Sardinia
511 907 618 953 xxiv,
638 911 660 946 l

307 961 509 999 Sarmenta
535 960 643 1008 xxiii,
663 964 687 1000 5

310 1012 504 1052 Satellites
520 1013 636 1053 Medi
665 1019 706 1052 et
737 1011 921 1066 AEgyptii
950 1012 1003 1059 iv,
1024 1016 1048 1052 3
1097 1012 1187 1065 (pe-

361 1067 555 1119 regrinum
573 1069 647 1106 hoc
666 1066 889 1105 satellitium
915 1066 1118 1104 Pausaniae
1137 1068 1188 1105 ad

315 1149 320 1152 .
359 1121 566 1173 tyrannica
583 1120 763 1160 instituta
789 1120 971 1171 pertinet,
991 1120 1098 1171 quod
1117 1119 1189 1158 ali-

360 1175 515 1225 quoties
549 1175 666 1213 tradit
703 1173 743 1212 in
778 1173 955 1213 Politicis
987 1173 1187 1212 Aristotel.

359 1227 497 1267 Boecl.
501 1227 520 1280 )
549 1228 632 1266 sine
651 1225 882 1266 satellitibus
901 1233 1030 1265 tutum
1048 1240 1089 1266 se
1107 1240 1187 1266 non

360 1281 563 1320 arbitratur
583 1279 816 1334 (tyrannus)
843 1280 927 1326 xiii,
944 1284 971 1320 4

306 1333 473 1374 Satietas
506 1335 660 1374 lectoris
705 1335 815 1388 (cum
851 1333 982 1387 signif.
1019 1333 1188 1386 fastidii)

360 1388 442 1434 xvi,
463 1391 486 1427 1

306 1439 408 1481 Satis
436 1440 672 1492 eloquentiae
701 1454 739 1487 V,
767 1442 793 1480 2
839 1439 931 1478 satis
957 1440 1189 1479 exercitatus

361 1494 402 1532 in
419 1494 589 1534 dicendo
617 1508 680 1540 xv,
699 1499 723 1533 5
766 1495 841 1533 hoc
860 1489 980 1531 unuin
999 1494 1092 1531 satis
1117 1494 1190 1532 erit

360 1547 514 1587 dictum
522 1548 632 1609 (hoc.
637 1561 757 1586 unum
777 1547 811 1585 si
828 1547 975 1593 dixero,
994 1547 1086 1584 satis
1104 1547 1187 1586 dic-

361 1607 443 1639 tum
461 1601 542 1652 est)
571 1600 680 1647 xxiii,
698 1606 722 1640 5
759 1600 1005 1639 abstinentiae
1023 1600 1096 1638 erit
1113 1601 1188 1640 hoc

359 1654 451 1692 satis
483 1653 747 1693 testimonium
775 1667 839 1700 xv,
858 1657 884 1693 4
931 1654 998 1692 sed
1026 1653 1119 1691 satis
1138 1654 1188 1692 de

356 1708 433 1747 hoc
452 1707 714 1760 (transitionis
733 1706 920 1758 formula)
949 1706 1016 1752 vii,
1037 1710 1087 1746 ll
1118 1720 1189 1746 ne-

358 1773 435 1812 que
452 1774 544 1800 vero
563 1760 604 1799 id
621 1761 713 1800 satis
729 1760 878 1807 habuit,
894 1761 963 1799 sed
978 1761 1093 1799 etiam
1110 1760 1185 1799 &c.

359 1828 423 1861 xv,
442 1820 468 1855 4
511 1827 534 1852 a
549 1815 685 1853 ceteris
704 1820 854 1853 tantum
875 1813 966 1852 satis
984 1815 1130 1852 habent
1147 1827 1189 1853 se

357 1868 568 1907 defendere
587 1869 635 1920 (i.
650 1882 686 1907 e.
706 1881 785 1906 non
804 1867 904 1905 ultra
921 1867 1188 1906 defensionem

359 1921 558 1973 nituntur)
588 1921 696 1967 xxiii,
717 1926 767 1962 10
815 1921 906 1960 satis
935 1921 1021 1959 illas
1055 1921 1188 1973 copias

358 1975 501 2014 habere
520 1974 668 2027 coegit,
688 1974 722 2014 si
740 1975 874 2015 liceret
891 1973 966 2014 &c.
994 1988 1059 2020 xx,
1077 1978 1104 2014 2
1146 1981 1189 2013 ut

358 2027 648 2067 Lacedaemonii
681 2029 774 2067 satis
790 2031 793 2034 ’
809 2028 1010 2074 haberent,
1048 2027 1081 2066 si
1113 2027 1188 2068 &c.

360 2095 423 2128 xv,
443 2085 468 2121 8
515 2076 761 2134 (ubi‘satis
796 2081 954 2120 habere’
990 2081 1189 2132 eleganter

359 2148 429 2186 pro
464 2141 475 2158 ‘
490 2139 718 2174 contentum
737 2135 834 2175 esse’
865 2134 940 2174 &c.
973 2135 1062 2174 Vide
1079 2135 1190 2175 Cort.

360 2189 409 2226 ad
428 2188 584 2228 Sallust.
603 2189 696 2240 Jug.
715 2202 751 2227 c.
767 2192 833 2228 31.
853 2202 892 2227 n.
911 2188 986 2240 20)

305 2240 563 2281 Satisfacere.
554 2257 562 2266 ·
593 2243 687 2294 quia
715 2241 840 2289 Vobis,
859 2249 903 2280 ut
921 2254 1049 2293 spero,
1078 2243 1188 2280 satis-

358 2295 436 2333 feci
467 2296 516 2347 (i.
535 2309 571 2334 e.
588 2296 681 2346 quia
709 2295 801 2342 feci,
821 2308 909 2346 quae
936 2308 957 2333 a
977 2309 1038 2334 me
1057 2296 1189 2346 requi-

359 2360 441 2386 rere
458 2349 674 2398 poteratis,
693 2354 897 2399 vestraque
918 2355 1010 2386 vota
1029 2348 1188 2400 implevi

359 2399 459 2462 ὅτε.)
486 2414 576 2447 xxv,
595 2405 647 2441 21

305 2450 434 2492 Satius
453 2455 651 2493 ducebant
679 2466 747 2492 eos
776 2453 958 2499 obsideri,
979 2466 1093 2505 quam
1113 2454 1187 2493 ὅτε.

358 2506 442 2554 xvi,
463 2511 482 2547 1
532 2506 652 2546 satius
681 2519 764 2546 esse
797 2507 838 2545 in
868 2506 977 2553 Asia,
997 2519 1114 2558 quam
1145 2507 1188 2546 in

358 2559 518 2612 Europa
535 2561 711 2599 dimicari
739 2560 830 2607 xvii,
850 2564 876 2600 2
933 2561 1051 2599 satius
1076 2561 1188 2600 duxit

359 2615 494 2665 patriae
514 2614 664 2666 legibus
679 2627 826 2666 parere,
839 2626 954 2665 quam
973 2613 1048 2652 ὅτι).
1078 2628 1141 2661 xx,
1163 2620 1184 2655 1

359 2667 477 2706 satius
508 2674 743 2719 putaverunt
768 2668 808 2706 in
839 2668 932 2706 urbe
962 2681 1050 2707 eum
1081 2681 1187 2707 com-

358 2720 547 2772 prehendi
575 2723 630 2768 iv,
647 2726 671 2760 5

304 2773 484 2826 Satrapes
519 2775 611 2836 (pro
635 2773 914 2837 Pharnabazo)
942 2773 1010 2820 vii,
1032 2778 1082 2814 10
1128 2788 1188 2812 sa-

359 2832 487 2879 trapes
507 2828 634 2880 regius
652 2829 705 2875 iv,
733 2832 772 2868 1.
799 2828 853 2874 vi,
871 2831 898 2867 4
945 2833 1110 2879 satrapae
1129 2841 1187 2867 re·

359 2881 414 2932 gii
442 2882 540 2928 xvii,
559 2885 585 2922 2
632 2895 711 2933 quo
726 2881 834 2920 cultu
851 2880 911 2919 usi
937 2881 1017 2927 xiv,
1039 2885 1063 2921 3
1111 2881 1188 2941 (Hi

358 2941 450 2972 sunt
464 2948 579 3005 quos
598 2936 735 2973 alibi·
750 2934 947 2986 principes
967 2933 1188 3004 prqvincia-

359 2987 474 3034 rum,'
510 2988 769 3039 ‘fpraefectos
802 2987 1040 3039 ‘praetoresss
1059 2988 1188 3027 vocari

358 3048 525 3080 constat.
570 3042 742 3093 Eratque
759 3054 874 3080 omne
895 3041 1126 3080 Persarum·
1117 3054 1189 3079 un-

359 3095 508 3145 perium
530 3094 569 3132 in
586 3094 783 3147 ejusmodi
801 3094 986 3146 satrapias
1004 3094 1186 3135 divisum.

358 3146 532 3187 Vidend.
551 3148 722 3188 Brisson.
743 3153 781 3189 1.
818 3149 868 3187 de
886 3160 994 3200 regn.
1012 3147 1119 3187 Pers.
1147 3154 1189 3187 et

356 3199 476 3240 Drus.
494 3202 535 3239 in
553 3203 703 3242 observ,
719 3208 760 3241 et
775 3202 839 3242 Cl.
855 3201 1024 3253 Berneg.
1042 3200 1187 3240 Justin.

358 3267 397 3298 v,
417 3257 458 3300 2,
478 3260 517 3293 5.
536 3256 564 3294 f.
595 3256 774 3296 Boecler.
810 3255 928 3294 Adde
947 3215 1185 3294 Frgeinshem.

358 3305 450 3345 Ind.
469 3308 602 3360 Curt.)

303 3355 349 3396 L·
370 3359 548 3398 Saufeius
578 3376 664 3408 xxV,
687 3366 738 3402 12

304 3410 510 3504 Scandirlis
531 3414 659 3452 Roma
690 3428 787 3465 per
777 3429 898 3454 annos
919 3419 997 3455 ⁴170
1027 3422 1183 3454 contec-

358 3470 410 3513 ta,
463 3479 491 3505 r.
514 3471 564 3507 10

1123 251 1326 291 INDEX

1250 373 1405 425 Scapha
1432 372 1539 420 xxiii,
1561 377 1609 413 11

1250 426 1386 466 Scelus
1411 425 1485 479 (de
1502 423 1732 480 tyrannide)
1758 439 1823 473 xx,
1843 428 1865 466 1
1909 426 1983 480 (de
2013 431 2128 468 Vene-

1301 479 1392 533 fic.)
1412 481 1490 527 xxi,
1510 485 1532 520 l
1564 480 1637 533 (de
1650 478 1879 532 parricidio)
1908 485 2016 530 xv,6
2042 481 2131 533 pul-

1306 546 1368 572 sos
1387 533 1439 572 ob
1457 534 1583 573 scelus
1601 533 1786 586 recipere,
1805 532 1955 573 crimini
1973 533 2131 587 datum)

1306 600 1371 633 xv,
1391 591 1419 627 6

1251 615 1506 679 Sceleratus:
1515 639 1760 680 immerentes
1777 645 1823 679 ut
1841 640 2047 718 sceleratos
2062 652 2130 699 oc-

1305 694 1403 733 cidit
1429 707 1468 741 x,
1490 698 1542 735 10

1251 742 1377 786 Scena
1405 723 1497 800 (pro
1514 747 1615 786 ludis
1634 746 1850 799 scenicis).

1303 800 1374 846 ire,
1392 800 1509 839 Praef.
1562 801 1602 838 in
1622 811 1776 839 scenam
1792 800 1960 851 prodire,
1977 799 2075 839 ibid.

1250 853 1453 907 Sceptrum
1472 853 1619 905 (inter'
1608 853 1778 906 insignia
1794 852 1896 905 reg.)
1914 852 2031 900 xviii,
2048 857 2076 893 ’Τ

1251 903 1425 946 scienter
1441 907 1545 945 tibiis
1563 913 1734 954 cantare,
1755 906 1871 945 Praef.
1910 905 2057 958 (perite
2074 913 2131 946 at·

1305 971 1383 1010 que
1401 973 1448 999 ex
1468 970 1563 999 arte.
1601 961 1709 999 Suet.
1737 959 1816 998 Tit.
1835 972 1870 999 c.
1897 962 1922 998 3
1961 965 2036 998 ‘nt
2060 960 2132 1012 qui

1304 1019 1479 1052 cantaret
1497 1019 1538 1053 et
1554 1014 1738 1066 psalleret
1749 1012 1928 1065 jucunde
1947 1013 2130 1052 scienter·

1260 1086 1262 1088 ·
1304 1079 1394 1118 que.
1399 1067 1501 1107 'Sic
1519 1068 1552 1119 z)
1581 1067 1747 1107 scienter
1775 1066 1906 1108 dicere
1937 1073 2007 1106 aut
2036 1067 2128 1106 scri-

1302 1121 1407 1167 bere,
1427 1120 1488 1160 Fr.
1505 1125 1532 1161 6

1248 1173 1398 1225 Scipio,
1418 1175 1466 1213 P.
1482 1173 1686 1214 Cornelius
1704 1179 1763 1213 ter
1780 1173 1947 1212 Vincitur
1959 1172 2131 1212 abHan-

1301 1227 1384 1265 nib.
1403 1228 1508 1274 xxiii,
1523 1231 1549 1268 4

1249 1279 1382 1333 Scipio
1401 1280 1610 1320 Africanus
1636 1279 1895 1332 principatum
1913 1278 1955 1317 in
1974 1247 2132 1319 civitate

1304 1333 1442 1387 (Rom.
1447 1333 1649 1397 )·obtinuit
1675 1334 1781 1380 xxiV‚
1799 1337 1826 1373 2
1865 1333 1926 1386 (V-
1950 1333 2108 1386 Ptine.)

1250 1386 1415 1426 Scismas
1443 1388 1522 1434 xiv,
1541 1393 1566 1429 7
1596 1388 1698 1441 (Ms.
1717 1387 1822 1426 Dan
1842 1386 2024 1439 Sysinas)

1891 747 1942 785 ad
1974 758 2130 786 scenam

1240 1440 1393 1480 ‘Scribae
1422 1442 1528 1489 xviii,
1553 1447 1574 1482 l
1621 1442 1728 1493 apud
1757 1439 1958 1478 Romanos
1986 1445 2131 1479 merce-

1304 1495 1416 1541 narii,
1436 1508 1501 1547 ap.
1516 1471 1679 1534 'Graecos
1693 1493 1887 1539 honorati,
1905 1493 2002 1532 ibid.
2029 1492 2131 1545 (Lo-

1305 1549 1436 1600 quitur
1485 1554 1615 1587 autem
1651 1547 1789 1599 Nepos
1838 1547 1887 1584 de
1937 1545 2131 1597 ejusmodi

1307 1601 1456 1647 scribis,
1474 1601 1541 1652 qui
1561 1601 1708 1639 hodie‘
1723 1598 1928 1639 secretarii'
1963 1600 2005 1637 in
2024 1611 2133 1652 mag·

1305 1667 1440 1693 narum
1465 1660 1704 1706 potestatum
1736 1652 1910 1692 consiliis
1919 1654 2131 1693 hahentur.

1304 1706 1408 1746 Nam
1421 1708 1529 1760 quod
1544 1706 1772 1747 secretarius
1790 1705 1919 1759 quivis
1934 1718 2130 1746 mercena-

1305 1762 1382 1800 rius
1411 1762 1535 1800 scriba
1565 1769 1607 1801 et
1636 1760 1783 1800 servilis
1811 1771 1940 1812 operae
1959 1760 2131 1800 minister

1306 1815 1493 1867 appellari
1509 1815 1634 1867 cupit,
1665 1813 1802 1853 abusui
1820 1813 1926 1852 vocis
1942 1813 2131 1860 dandum,

1306 1882 1438 1907 omnes
1456 1868 1610 1908 scimus.
1664 1867 1765 1907 Ideo
1789 1866 1969 1920 requirit
1964 1867 2024 1906 ad
2053 1868 2130 1906 hoc

1305 1921 1486 1968 officium,
1509 1926 1547 1962 1.
1576 1921 1759 1960 ‘familiae
1789 1919 2059 1961 honestatem-¹
2091 1924 2132 1961 2.

1306 1981 1545 2026 ‘spectatam
1577 1974 1834 2022 industriam,'
1873 1975 1915 2013 id
1946 1980 2020 2021 est,
2051 1974 2132 2014 ἑπι-

1307 2027 1508 2079 &eguit-ma
1535 2028 1577 2068 ἐν
1595 2031 1683 2070 ταῖς
1699 2031 1778 2068 τῶν
1799 2025 1971 2081 πράξεων
1986 2028 2132 2079 ἐπιχει-

1304 2081 1446 2135 plurem,
1473 2089 1663 2134 promtam
1687 2082 1928 2129 facilitatem,
1947 2081 2073 2134 qualis
2090 2082 2132 2120 in

1305 2149 1428 2175 rerum
1447 2142 1537 2176 actu
1561 2137 1695 2175 dextre
1714 2135 1916 2175 tractando
1936 2135 2129 2175 laudatur.

1306 2189 1354 2228 Id
1369 2190 1471 2229 enim
1492 2190 1680 2229 industria
1693 2189 1916 2242 frequenter
1938 2201 2004 2242 ap.
2022 2188 2131 2229 Auc-

1307 2249 1408 2281 tores
1443 2249 1567 2282 notat.
1599 2247 1638 2283 3.
1669 2243 1826 2282 ‘.fidem
1829 2242 1840 2259 ’
1885 2242 2130 2294 Dignitatem

1306 2296 1421 2335 officii
1442 2297 1496 2334 ita
1516 2297 1689 2335 ostendit
1703 2296 1736 2347 ε)
1757 2295 2009 2336 honorificum
2024 2297 2131 2347 (esse

1306 2350 1517 2387 ostendens
1535 2349 1713 2399 titulum)
1738 2349 1850 2394 xviii,
1867 2353 1887 2388 l
2032 2361 2057 2386 u
2088 2362 2129 2387 a-

1305 2402 1462 2440 micitiae
1491 2402 1621 2453 regiae,
1657 2402 1751 2440 ibid.
1799 2402 1910 2454 (quas
1941 2401 2130 2454 majorum

1307 2467 1429 2493 rerum
1463 2454 1646 2494 ministris
1670 2455 1760 2494 -.scil
1779 2454 1993 2506 tribuitur).
2036 2454 2130 2494 inti-

1305 2521 1379 2546 mae
1397 2508 1664 2547 familiaritatis
1683 2507 1794 2560 (cum
1809 2521 1900 2560 rege
1918 2515 2129 2547 consuetu-

1305 2560 1434 2611 dine),
1453 2562 1549 2601 ibid.
1592 2561 1794 2615 ('Munus
1783 2573 1911 2624 ipsum
1929 2561 1987 2600 ita
2002 2561 2133 2614 desig-

1304 2622 1374 2654 nat
1391 2619 1423 2667 ε)
1467 2615 1600 2654 Scriba
1627 2615 1714 2654 talis
1742 2615 1916 2654 omnium
1947 2615 2129 2654 consilio-

1305 2682 1387 2706 rum
1427 2675 1487 2708 est
1529 2668 1737 2721 particeps,
1773 2670 1814 2707 in
1849 2669 2015 2708 consilio
2049 2669 2133 2720 regi

1306 2722 1994 2828 biffigerresliflpilgitrczpsoirblidum(rigzu
1997 2722 2131 2815 mog-1¹²

1306 2829 1376 2867 bis’
1411 2841 1522 2881 porro
1542 2830 1662 2868 multa
1690 2836 1731 2868 et
1759 2829 1856 2868 scitu
1886 2829 2007 2881 digna
2032 2841 2130 2868 con-

1304 2882 1442 2933 gessit
1450 2882 1609 2934 Caspar.
1641 2883 1774 2922 Barth.
1805 2883 1968 2922 Advers.
1999 2886 2068 2945 ⁵⁰?
2089 2886 2129 2923 1.

1304 2935 1441 2974 Boecl.
1478 2935 1586 2975 Add.
1605 2936 1738 2975 Herm.
1758 2935 1852 2987 Hug
1854 2948 1919 2974 on.
1937 2936 1988 2974 de
2006 2935 2130 2988 prima

1304 2990 1417 3027 scrib.
1437 2990 1533 3042 orig.
1552 3002 1640 3052 cap.
1661 2993 1726 3030 32.
1757 2989 1861 3027 Dan.
1882 2988 2026 3028 Fessel.
2042 2988 2128 3027 Ad-

1303 3042 1565 3082 versar-Sacr.
1597 3044 1682 3089 i,1.
1717 3041 1910 3082 ‘Athenis
1928 3043 2070 3094 pariter
2085 3049 2131 3081 ut

1302 3094 1443 3134 Romae
1476 3095 1551 3135 vile
1576 3097 1694 3134 fuisse
1724 3094 1931 3135 scribarum
1958 3095 2131 3142 munum'

1303 3149 1736 3254 docet¹Pe3it.Con1m.
1759 3150 1811 3188 ad
1838 3150 1914 3202 leg.
1931 3147 2018 3188 Att.
2037 3161 2130 3202 pag.

1250 3254 1422 3294 Scribere
1442 3255 1639 3294 historiam
1668 3255 1747 3301 xvi,
1768 3259 1806 3295 l.
1834 3253 1943 3302 xxiV,
1956 3258 2010 3296 3
2028 3266 2128 3294 non·

1303 3310 1402 3348 nulli
1416 3309 1600 3360 scriptum
1614 3309 1851 3360 reliquerunt
1867 3321 1967 3347 eum
1971 3307 2128 3360 periisse

1303 3362 1356 3409 ix,
1374 3368 1398 3402 5
1447 3363 1536 3401 Sic:
1565 3361 1633 3401 alii
1650 3363 1867 3415 naufragio,
1885 3362 1952 3400 alii
1970 3361 2129 3400 aservis

1305 3416 1425 3466 ipsius
1445 3416 1689 3455 interfectum
1708 3429 1817 3462 euml
1827 3414 2012 3478 scriptum
2036 3413 2128 3454 reli&

1305 3478 1471 3520 querunt
1500 3470 1605 3516 xxiii,
1625 3475 1697 3509 8
1679 3470 1820 3520 scripta
1831 3467 1878 3506 in
1899 3467 1988 3521 pilis
2005 3469 2126 3508 devo-
