2306 3900
283 239 391 294 738
831 246 1155 290 RsscssNsth
1198 247 1555 314 murionum

288 392 416 451 1762
442 389 770 449 Francofurti,
798 397 847 439 8.
874 406 987 440 cum
1012 389 1141 439 notis
1162 390 1272 438 Em.
1299 389 1505 440 Sinceri.

285 472 420 532 1764.
447 471 743 537 Lemgoviae,
770 479 818 522 8.
845 471 995 520 Corn.
1021 470 1230 535 Nepotis
1255 471 1366 520 vitae
1391 471 1734 522 excellentium
1763 472 2123 537 Imperatorum

351 555 415 602 ad
442 553 718 616 exemplum
744 552 1040 617 optimarum
1063 552 1335 600 editionum
1361 569 1626 617 expressae,
1664 553 1891 617 notisque
1916 552 2126 602 maxime

349 633 691 700 geographicis
715 642 767 681 et
792 632 1040 682 historicis
1063 632 1317 682 illustratae
1335 649 1363 682 a
1387 634 1518 684 Just.
1545 634 1694 683 Conr.
1721 632 2033 697 Mensching.

290 714 419 773 1765
445 713 659 772 Parisiis,
690 722 737 763 8.

288 794 417 851 1768
445 794 651 854 Parisiis,
684 801 762 845 12.

284 904 354 914 —-
377 876 414 924 F
417 875 707 932 rancofurti‚
736 882 783 924 8.
807 890 921 922 cum
946 873 1079 922 notis
1103 875 1274 923 Germ.
1292 873 1402 920 Em.
1430 871 1634 920 Sinceri.

284 986 352 994 —-
376 955 577 1021 Lipsiae,
596 963 644 1005 8.
672 956 822 1004 Corn.
847 953 1057 1018 Nepotis
1091 953 1207 1002 vitae
1231 951 1569 1001 excellentium
1598 951 1951 1015 Imperatorum
1974 967 2034 1001 ex
2059 967 2130 1000 re-

356 1036 590 1086 censione
609 1042 760 1100 atque
785 1050 898 1082 cum
924 1031 1426 1081 animadversionibus
1446 1033 1476 1081 J
1479 1047 1527 1079 o.
1545 1030 1701 1080 Andr.
1719 1031 1863 1080 Bosii.
1889 1030 2128 1080 Libellum

351 1116 592 1164 variarum
615 1115 881 1164 lectionum
908 1119 959 1161 et
983 1111 1323 1176 praefationem
1348 1109 1539 1159 addidit
1559 1112 1587 1159 J
1593 1127 1641 1158 o.
1685 1109 1818 1159 Frid.
1855 1110 2132 1160 Fischerus.

351 1197 488 1262 Lips.
513 1198 561 1244 in
587 1195 785 1244 libraria
811 1192 1331 1256 Weidmania.-Rep.
1358 1190 1443 1239 ed.
1470 1195 1617 1247 1759.

283 1306 352 1314 --
375 1276 601 1334 Londini,
633 1284 680 1326 8.
705 1276 785 1324 ed.
807 1275 858 1322 in
877 1291 1020 1324 usum
1047 1272 1280 1337 Delphini
1303 1271 1531 1336 repetita.

290 1365 417 1416 1773
444 1358 584 1407 Halae
610 1357 722 1404 Sax.
766 1363 814 1405 8.
859 1354 1122 1404 Uberiores
1154 1354 1203 1401 in
1239 1353 1521 1401 Cornelium
1559 1352 1804 1417 Nepotem
1847 1351 2000 1401 Obss.
2041 1351 2135 1401 cri·

352 1438 465 1486 ticae
489 1439 570 1487 Jo.
595 1434 781 1500 Kappii
804 1434 941 1483 Prof.
983 1433 1240 1483 Baruthini
1265 1432 1316 1480 in
1341 1431 1553 1480 Harlesii
1591 1433 1785 1496 Opusc.
1826 1431 1947 1480 varii
1984 1447 2132 1497 argu-

355 1518 506 1566 menti
529 1516 789 1580 exscriptae
809 1522 943 1563 sunt.

292 1604 424 1654 1774
449 1597 691 1660 Erlangae,
730 1602 776 1644 8.
812 1595 963 1644 Corn.
1000 1594 1211 1660 Nepotis
1237 1596 1359 1657 vitae¹
1385 1595 1723 1645 excellentium
1758 1597 2132 1660 Imperatorum,

352 1694 466 1726 cum
491 1674 1003 1724 animadversionibus
1027 1674 1207 1738 partim
1234 1675 1436 1733 criticis,
1463 1676 1641 1740 partim
1668 1676 1918 1724 historicis
1932 1677 2132 1740 Augus·

359 1758 448 1806 tini
473 1773 567 1805 van
591 1756 842 1813 Staveren‚
870 1770 988 1803 cura
1013 1754 1249 1819 Theoph.
1278 1754 1563 1818 Cliristoph.
1605 1754 1798 1815 Harles‚
1844 1754 1928 1818 qui
1950 1763 2000 1804 et
2023 1771 2135 1804 suas

359 1846 407 1886 et
432 1838 513 1885 J0.
542 1835 726 1900 Kappii
744 1837 806 1884 V.
832 1835 910 1884 Cl.
939 1841 1082 1882 notas
1106 1833 1306 1896 adjecit.
1345 1836 1539 1899 Erlang.
1565 1852 1625 1883 ex
1650 1834 1784 1885 offic.
1808 1835 2094 1885 Waltheria.

294 1946 362 1955 —-
386 1917 584 1982 Lipsiae,
613 1924 662 1966 8.
686 1917 836 1964 Corn.
862 1915 1076 1980 Nepotis
1104 1915 1215 1964 vitae
1236 1933 1343 1964 exc.
1373 1916 1537 1980 Impp.
1559 1932 1655 1964 una
1677 1932 1790 1964 cum
1814 1914 2136 1980 Fragmentis,

367 2015 395 2045 e
418 1996 701 2046 recensione
738 1997 820 2045 J0.
869 1995 1023 2043 Andr.
1065 1995 1213 2054 Bosii,
1256 2012 1370 2043 cum
1411 1995 1908 2045 animadversionibus
1943 1995 2140 2059 integris

358 2077 647 2142 Christoph.
688 2075 906 2134 Cellarii,
947 2074 1196 2124 indicibus
1231 2074 1476 2134 ,historico
1501 2091 1561 2123 ac
1604 2075 2138 2127 Latinitatis.-—-Editor

364 2158 547 2207 Christ.
576 2159 704 2220 Aug.
731 2155 928 2219 Kriegel
952 2156 1080 2203 notis
1106 2155 1394 2205 Cellarianis
1419 2164 1471 2203 et
1496 2172 1609 2204 suas
1632 2155 1846 2216 addidit,
1881 2155 1930 2205 in
1955 2156 2136 2223 quibus

363 2238 613 2303 praecipue
635 2236 698 2286 de
723 2236 950 2285 lectionis
975 2236 1208 2285 varietate
1233 2236 1476 2301 disputat.

294 2347 361 2354 -—
385 2315 700 2374 Francorum,
727 2323 775 2365 8.
802 2331 916 2364 cum
929 2315 1056 2364 notis
1083 2316 1256 2365 Germ.
1278 2315 1389 2364 Em.
1417 2315 1621 2364 Sinceri.

300 2403 430 2455 1775
458 2397 616 2454 Halae,
648 2404 726 2446 12.

299 2506 369 2515 ——
391 2476 619 2535 Berolini‚
649 2484 697 2526 8.
724 2484 927 2526 curante
951 2478 1031 2526 J0.
1057 2476 1187 2525 Petr.
1216 2476 1395 2527 Miller.
1420 2475 1537 2526 vid.
1563 2491 1644 2525 an.
1673 2474 1819 2533 1746.
1841 2485 1892 2527 et
1920 2476 2068 2536 1756.

300 2557 430 2615 1776
457 2555 671 2614 Hafniae‚
717 2562 764 2604 8.
804 2555 868 2604 ad
894 2556 1147 2620 exemplar
1171 2555 1592 2614 Keuchenianum,
1625 2555 1672 2602 in
1695 2571 1834 2604 usum
1859 2556 2137 2609 scholarum

363 2637 536 2686 Daniae
559 2645 610 2685 et
632 2637 914 2702 Norvagiae.
935 2642 1073 2701 (cura
1094 2636 1353 2687 Barthold.
1377 2636 1562 2687 Christ.
1589 2636 1856 2701 Sandwig.)

295 2745 364 2756 --—
387 2716 747 2779 Norimbergae,
776 2723 856 2765 12.

303 2805 432 2856 1778
460 2797 754 2854 Manbemii,
782 2804 829 2846 8.
853 2797 970 2847 min.

303 2883 432 2936 1779
456 2877 627 2926 Bernae
651 2885 701 2926 et
725 2878 1010 2937 Lausannae,
1038 2885 1085 2928 8.
1110 2895 1194 2942 ap.
1219 2877 1497 2926 societatem
1522 2877 1945 2942 typographicam.
2017 2878 2139 2928 Cor·

366 2955 480 3004 nelii
523 2955 738 3019 Nepotis
776 2955 889 3005 vitae
913 2957 1254 3006 excellentium
1294 2958 1686 3020 Imperatorum:
1723 2957 1880 3005 textui
1916 2956 1980 3006 ad
2015 2958 2144 3024 opti-

369 3053 558 3085 marum
600 3035 871 3085 editionum
931 3036 1082 3086 fidem
1139 3036 1381 3086 recensito
1438 3044 1749 3086 accesserunt
1799 3036 2143 3089 illustrationes

370 3116 684 3174 brevissimae,
709 3116 786 3164 vel
811 3134 872 3165 ex
896 3117 999 3165 aliis
1036 3117 1253 3175 selectae,
1291 3116 1367 3165 vel
1405 3132 1576 3165 recens
1618 3115 1818 3167 additae.
1854 3117 2057 3168 Curavit
2091 3120 2141 3170 J.

372 3198 424 3244 S.
451 3197 550 3253 Ith,
575 3195 895 3244 Bibliothecae
917 3196 1200 3260 reipublicae
1223 3195 1504 3260 praefectus.

309 3282 438 3330 1780
465 3276 733 3336 Monachii,
775 3285 823 3327 8.
851 3277 1064 3326 Cornelii
1088 3277 1298 3341 Nepotis
1324 3277 1522 3326 selectae
1545 3277 1658 3326 vitae
1681 3277 2023 3327 excellentium
2046 3277 2141 3326 Im-

374 3361 671 3419 peratorum.
742 3357 990 3422 Subjectis
1035 3358 1352 3422 interpretum
1394 3357 1895 3407 animadversionibus
1932 3373 2143 3423 suasque

373 3433 437 3483 ad
465 3449 605 3484 usum
630 3437 906 3488 scholarum
931 3437 1118 3503 adjecit
1141 3439 1298 3490 Henr.
1325 3440 1508 3489 Braun.
