<?xml version="1.0" encoding="UTF-8"?>
<!DOCTYPE html PUBLIC "-//W3C//DTD XHTML 1.0 Transitional//EN"
    "http://www.w3.org/TR/xhtml1/DTD/xhtml1-transitional.dtd">
<html xmlns="http://www.w3.org/1999/xhtml" xml:lang="en" lang="en">
 <head>
  <title>
</title>
<meta http-equiv="Content-Type" content="text/html;charset=utf-8" />
  <meta name='ocr-system' content='tesseract 3.04.00' />
  <meta name='ocr-capabilities' content='ocr_page ocr_carea ocr_par ocr_line ocrx_word'/>
</head>
<body>
  <div class='ocr_page' id='page_1' title='image "./vitaeexcellentiu02nepouoft_0256.png"; bbox 0 0 2306 3900; ppageno 0'>
   <div class='ocr_carea' id='block_1_1' title="bbox 325 244 433 299">
    <p class='ocr_par' dir='ltr' id='par_1_1' title="bbox 325 244 433 299">
     <span class='ocr_line' id='line_1_1' title="bbox 325 244 433 299; baseline 0.019 -2"><span class='ocrx_word' id='word_1_1' title='bbox 325 244 433 299; x_wconf 77' lang='lat'>678</span> 
     </span>
    </p>
   </div>
   <div class='ocr_carea' id='block_1_2' title="bbox 296 379 1219 1969">
    <p class='ocr_par' dir='ltr' id='par_1_2' title="bbox 322 379 1213 1133">
     <span class='ocr_line' id='line_1_2' title="bbox 326 379 1212 436; baseline 0.006 -18"><span class='ocrx_word' id='word_1_2' title='bbox 326 379 454 432; x_wconf 81' lang='lat' dir='ltr'>plena</span> <span class='ocrx_word' id='word_1_3' title='bbox 492 379 637 431; x_wconf 83' lang='lat' dir='ltr'>gloriae</span> <span class='ocrx_word' id='word_1_4' title='bbox 671 384 772 420; x_wconf 85' lang='lat' dir='ltr'>nata</span> <span class='ocrx_word' id='word_1_5' title='bbox 804 386 918 422; x_wconf 84' lang='lat' dir='ltr'>sunt.</span> <span class='ocrx_word' id='word_1_6' title='bbox 970 381 1212 436; x_wconf 79' lang='lat' dir='ltr'><strong>Thucydidi</strong></span> 
     </span>
     <span class='ocr_line' id='line_1_3' title="bbox 327 443 1212 490; baseline 0.002 -4"><span class='ocrx_word' id='word_1_7' title='bbox 327 446 458 486; x_wconf 85' lang='lat' dir='ltr'>dictae</span> <span class='ocrx_word' id='word_1_8' title='bbox 470 451 570 490; x_wconf 87' lang='lat' dir='ltr'>sunt</span> <span class='ocrx_word' id='word_1_9' title='bbox 586 443 786 487; x_wconf 79' lang='grc' dir='ltr'>παίδευσις</span> <span class='ocrx_word' id='word_1_10' title='bbox 797 445 1002 489; x_wconf 73' lang='grc' dir='ltr'>Ἑλλάδος·</span> <span class='ocrx_word' id='word_1_11' title='bbox 1021 448 1212 490; x_wconf 85' lang='lat' dir='ltr'>Diodoro</span> 
     </span>
     <span class='ocr_line' id='line_1_4' title="bbox 327 507 1210 565; baseline 0.003 -16"><span class='ocrx_word' id='word_1_12' title='bbox 327 509 455 549; x_wconf 71' lang='grc' dir='ltr'><strong><em>κοινὸν</em></strong></span> <span class='ocrx_word' id='word_1_13' title='bbox 493 507 649 549; x_wconf 82' lang='grc' dir='ltr'><strong><em>πάντων</em></strong></span> <span class='ocrx_word' id='word_1_14' title='bbox 693 509 898 562; x_wconf 74' lang='grc' dir='ltr'>ἀνθρώπων</span> <span class='ocrx_word' id='word_1_15' title='bbox 929 511 1210 565; x_wconf 77' lang='grc' dir='ltr'><strong><em>παιδευτήριον·</em></strong></span> 
     </span>
     <span class='ocr_line' id='line_1_5' title="bbox 326 571 1211 627; baseline 0.006 -16"><span class='ocrx_word' id='word_1_16' title='bbox 326 572 526 612; x_wconf 82' lang='lat' dir='ltr'><strong>Straboni</strong></span> <span class='ocrx_word' id='word_1_17' title='bbox 562 575 695 624; x_wconf 81' lang='grc' dir='ltr'>σοφῶν</span> <span class='ocrx_word' id='word_1_18' title='bbox 737 571 966 627; x_wconf 76' lang='grc' dir='ltr'><strong><em>οἰκητήριον·</em></strong></span> <span class='ocrx_word' id='word_1_19' title='bbox 1031 575 1211 617; x_wconf 88' lang='lat' dir='ltr'>Aristidi</span> 
     </span>
     <span class='ocr_line' id='line_1_6' title="bbox 327 634 1211 690; baseline 0.003 -14"><span class='ocrx_word' id='word_1_20' title='bbox 327 634 468 687; x_wconf 80' lang='grc' dir='ltr'><strong><em>σοφίας</em></strong></span> <span class='ocrx_word' id='word_1_21' title='bbox 483 638 723 688; x_wconf 79' lang='grc' dir='ltr'><strong><em>πρυτανεῖον·</em></strong></span> <span class='ocrx_word' id='word_1_22' title='bbox 739 638 936 689; x_wconf 85' lang='lat' dir='ltr'>Euripidi</span> <span class='ocrx_word' id='word_1_23' title='bbox 951 639 1064 690; x_wconf 89' lang='lat' dir='ltr'>apud</span> <span class='ocrx_word' id='word_1_24' title='bbox 1078 638 1211 680; x_wconf 86' lang='lat' dir='ltr'>Athe-</span> 
     </span>
     <span class='ocr_line' id='line_1_7' title="bbox 325 698 1211 751; baseline 0.006 -12"><span class='ocrx_word' id='word_1_25' title='bbox 325 698 684 751; x_wconf 51' lang='lat' dir='ltr'>naeumssmtdaos</span> <span class='ocrx_word' id='word_1_26' title='bbox 691 700 859 742; x_wconf 76' lang='grc' dir='ltr'><strong>Ἕλλας·</strong></span> <span class='ocrx_word' id='word_1_27' title='bbox 873 702 1211 744; x_wconf 69' lang='grc' dir='ltr'>ΡὶηᾱειτοἚλλά-</span> 
     </span>
     <span class='ocr_line' id='line_1_8' title="bbox 324 761 1213 819; baseline 0.004 -16"><span class='ocrx_word' id='word_1_28' title='bbox 324 764 390 804; x_wconf 76' lang='grc' dir='ltr'>δος</span> <span class='ocrx_word' id='word_1_29' title='bbox 409 761 576 816; x_wconf 79' lang='grc' dir='ltr'>ἔρεισμα·</span> <span class='ocrx_word' id='word_1_30' title='bbox 603 766 886 806; x_wconf 85' lang='lat' dir='ltr'>Demostheni</span> <span class='ocrx_word' id='word_1_31' title='bbox 913 766 1022 819; x_wconf 74' lang='grc' dir='ltr'><strong>ψυχὴ</strong></span> <span class='ocrx_word' id='word_1_32' title='bbox 1048 767 1213 815; x_wconf 60' lang='lat' dir='ltr'>nallin-</span> 
     </span>
     <span class='ocr_line' id='line_1_9' title="bbox 325 826 1212 884; baseline 0.003 -16"><span class='ocrx_word' id='word_1_33' title='bbox 325 842 384 878; x_wconf 78' lang='grc' dir='ltr'>ος,</span> <span class='ocrx_word' id='word_1_34' title='bbox 403 827 469 868; x_wconf 74' lang='grc' dir='ltr'>καὶ</span> <span class='ocrx_word' id='word_1_35' title='bbox 496 826 694 879; x_wconf 75' lang='grc' dir='ltr'>ὀφθαλμὸς</span> <span class='ocrx_word' id='word_1_36' title='bbox 710 826 918 870; x_wconf 71' lang='grc' dir='ltr'>Ἑλλάδος.</span> <span class='ocrx_word' id='word_1_37' title='bbox 971 830 1040 871; x_wconf 89' lang='lat' dir='ltr'>De</span> <span class='ocrx_word' id='word_1_38' title='bbox 1059 830 1212 884; x_wconf 89' lang='lat' dir='ltr'>quibus</span> 
     </span>
     <span class='ocr_line' id='line_1_10' title="bbox 322 891 1212 944; baseline 0.003 -13"><span class='ocrx_word' id='word_1_39' title='bbox 322 892 532 943; x_wconf 82' lang='lat' dir='ltr'>imprimis</span> <span class='ocrx_word' id='word_1_40' title='bbox 561 891 786 944; x_wconf 84' lang='lat' dir='ltr'>splendide</span> <span class='ocrx_word' id='word_1_41' title='bbox 819 892 1035 934; x_wconf 85' lang='lat' dir='ltr'>Isocrates</span> <span class='ocrx_word' id='word_1_42' title='bbox 1054 893 1098 933; x_wconf 91' lang='lat' dir='ltr'>in</span> <span class='ocrx_word' id='word_1_43' title='bbox 1127 893 1212 934; x_wconf 91' lang='lat' dir='ltr'>Pa·</span> 
     </span>
     <span class='ocr_line' id='line_1_11' title="bbox 323 953 1213 1007; baseline 0.003 -13"><span class='ocrx_word' id='word_1_44' title='bbox 323 955 546 1007; x_wconf 85' lang='lat' dir='ltr'>negyrico.</span> <span class='ocrx_word' id='word_1_45' title='bbox 615 954 728 994; x_wconf 87' lang='lat' dir='ltr'>Vide</span> <span class='ocrx_word' id='word_1_46' title='bbox 795 953 991 996; x_wconf 87' lang='lat' dir='ltr'>Athenas</span> <span class='ocrx_word' id='word_1_47' title='bbox 1041 954 1213 997; x_wconf 85' lang='lat' dir='ltr'>Atticas</span> 
     </span>
     <span class='ocr_line' id='line_1_12' title="bbox 324 1018 1212 1072; baseline 0.002 -13"><span class='ocrx_word' id='word_1_48' title='bbox 324 1018 524 1069; x_wconf 85' lang='lat' dir='ltr'>Meursii,</span> <span class='ocrx_word' id='word_1_49' title='bbox 543 1023 588 1059; x_wconf 87' lang='lat' dir='ltr'>et</span> <span class='ocrx_word' id='word_1_50' title='bbox 606 1018 844 1059; x_wconf 85' lang='lat' dir='ltr'>Historiam</span> <span class='ocrx_word' id='word_1_51' title='bbox 868 1019 1212 1072; x_wconf 88' lang='lat' dir='ltr'>Philosophicam</span> 
     </span>
     <span class='ocr_line' id='line_1_13' title="bbox 325 1081 1075 1133; baseline 0.003 -10"><span class='ocrx_word' id='word_1_52' title='bbox 325 1081 507 1133; x_wconf 81' lang='lat' dir='ltr'>Georgii</span> <span class='ocrx_word' id='word_1_53' title='bbox 526 1081 678 1123; x_wconf 88' lang='lat' dir='ltr'>Hornii</span> <span class='ocrx_word' id='word_1_54' title='bbox 699 1082 774 1124; x_wconf 91' lang='lat' dir='ltr'>lib.</span> <span class='ocrx_word' id='word_1_55' title='bbox 795 1094 881 1124; x_wconf 86' lang='lat' dir='ltr'>vu.</span> <span class='ocrx_word' id='word_1_56' title='bbox 923 1084 1075 1126; x_wconf 76' lang='lat' dir='ltr'>Keuck.</span> 
     </span>
    </p>

    <p class='ocr_par' dir='ltr' id='par_1_3' title="bbox 323 1145 1214 1445">
     <span class='ocr_line' id='line_1_14' title="bbox 381 1145 1213 1200; baseline 0.004 -12"><span class='ocrx_word' id='word_1_57' title='bbox 381 1146 580 1200; x_wconf 71' lang='lat' dir='ltr'>Neque-eo</span> <span class='ocrx_word' id='word_1_58' title='bbox 595 1145 739 1200; x_wconf 80' lang='lat' dir='ltr'>secius]</span> <span class='ocrx_word' id='word_1_59' title='bbox 788 1148 850 1188; x_wconf 82' lang='lat' dir='ltr'>Eo</span> <span class='ocrx_word' id='word_1_60' title='bbox 881 1147 1006 1190; x_wconf 76' lang='lat' dir='ltr'>secius</span> <span class='ocrx_word' id='word_1_61' title='bbox 1031 1148 1213 1191; x_wconf 83' lang='lat' dir='ltr'>familia·</span> 
     </span>
     <span class='ocr_line' id='line_1_15' title="bbox 325 1211 1214 1266; baseline 0.003 -14"><span class='ocrx_word' id='word_1_62' title='bbox 325 1211 385 1252; x_wconf 81' lang='lat' dir='ltr'>ris</span> <span class='ocrx_word' id='word_1_63' title='bbox 407 1213 575 1252; x_wconf 83' lang='lat' dir='ltr'>auctori</span> <span class='ocrx_word' id='word_1_64' title='bbox 610 1213 789 1264; x_wconf 89' lang='lat' dir='ltr'>locutio,</span> <span class='ocrx_word' id='word_1_65' title='bbox 824 1213 1014 1254; x_wconf 84' lang='lat' dir='ltr'>occurrit</span> <span class='ocrx_word' id='word_1_66' title='bbox 1047 1215 1214 1266; x_wconf 81' lang='lat' dir='ltr'>phrasis</span> 
     </span>
     <span class='ocr_line' id='line_1_16' title="bbox 323 1275 1214 1330; baseline 0.002 -14"><span class='ocrx_word' id='word_1_67' title='bbox 323 1275 369 1316; x_wconf 82' lang='lat' dir='ltr'>in</span> <span class='ocrx_word' id='word_1_68' title='bbox 390 1277 582 1327; x_wconf 87' lang='lat' dir='ltr'>Conone,</span> <span class='ocrx_word' id='word_1_69' title='bbox 598 1275 807 1328; x_wconf 87' lang='lat' dir='ltr'>Eumene,</span> <span class='ocrx_word' id='word_1_70' title='bbox 818 1277 975 1329; x_wconf 89' lang='lat' dir='ltr'>Dione,</span> <span class='ocrx_word' id='word_1_71' title='bbox 985 1276 1214 1330; x_wconf 86' lang='lat' dir='ltr'>Annibale,</span> 
     </span>
     <span class='ocr_line' id='line_1_17' title="bbox 324 1338 1213 1383; baseline 0.004 -4"><span class='ocrx_word' id='word_1_72' title='bbox 324 1344 371 1380; x_wconf 90' lang='lat' dir='ltr'>et</span> <span class='ocrx_word' id='word_1_73' title='bbox 409 1338 606 1380; x_wconf 82' lang='lat' dir='ltr'>inferius.</span> <span class='ocrx_word' id='word_1_74' title='bbox 668 1338 842 1381; x_wconf 69' lang='lat' dir='ltr'>Savaro.</span> <span class='ocrx_word' id='word_1_75' title='bbox 906 1340 1021 1382; x_wconf 88' lang='lat' dir='ltr'>Vide</span> <span class='ocrx_word' id='word_1_76' title='bbox 1072 1342 1213 1383; x_wconf 88' lang='lat' dir='ltr'>Notas</span> 
     </span>
     <span class='ocr_line' id='line_1_18' title="bbox 326 1402 903 1445; baseline 0.002 -1"><span class='ocrx_word' id='word_1_77' title='bbox 326 1402 549 1444; x_wconf 87' lang='lat' dir='ltr'>Gebhardi</span> <span class='ocrx_word' id='word_1_78' title='bbox 568 1402 624 1443; x_wconf 90' lang='lat' dir='ltr'>ad</span> <span class='ocrx_word' id='word_1_79' title='bbox 644 1403 903 1445; x_wconf 89' lang='lat' dir='ltr'>Miltiadem.</span> 
     </span>
    </p>

    <p class='ocr_par' dir='ltr' id='par_1_4' title="bbox 325 1466 1213 1644">
     <span class='ocr_line' id='line_1_19' title="bbox 382 1466 1213 1520; baseline 0.004 -14"><span class='ocrx_word' id='word_1_80' title='bbox 382 1467 506 1517; x_wconf 77' lang='lat' dir='ltr'>Cujus</span> <span class='ocrx_word' id='word_1_81' title='bbox 523 1466 689 1518; x_wconf 81' lang='lat' dir='ltr'>fugam]</span> <span class='ocrx_word' id='word_1_82' title='bbox 732 1466 875 1508; x_wconf 89' lang='lat' dir='ltr'>Armis</span> <span class='ocrx_word' id='word_1_83' title='bbox 905 1467 1090 1520; x_wconf 82' lang='lat' dir='ltr'>Syllanis</span> <span class='ocrx_word' id='word_1_84' title='bbox 1107 1469 1213 1509; x_wconf 89' lang='lat' dir='ltr'>urbe</span> 
     </span>
     <span class='ocr_line' id='line_1_20' title="bbox 326 1529 1213 1583; baseline 0.005 -14"><span class='ocrx_word' id='word_1_85' title='bbox 326 1529 511 1582; x_wconf 74' lang='lat' dir='ltr'>eJectus,</span> <span class='ocrx_word' id='word_1_86' title='bbox 538 1530 582 1570; x_wconf 91' lang='lat' dir='ltr'>in</span> <span class='ocrx_word' id='word_1_87' title='bbox 601 1530 968 1572; x_wconf 85' lang='lat' dir='ltr'>Minturnensium</span> <span class='ocrx_word' id='word_1_88' title='bbox 986 1531 1213 1583; x_wconf 88' lang='lat' dir='ltr'>paludibus</span> 
     </span>
     <span class='ocr_line' id='line_1_21' title="bbox 325 1593 883 1644; baseline 0.002 -10"><span class='ocrx_word' id='word_1_89' title='bbox 325 1593 471 1634; x_wconf 89' lang='lat' dir='ltr'>latuit.</span> <span class='ocrx_word' id='word_1_90' title='bbox 501 1593 730 1635; x_wconf 85' lang='lat' dir='ltr'>Plutarch.</span> <span class='ocrx_word' id='word_1_91' title='bbox 881 1642 883 1644; x_wconf 66' lang='lat'>‚</span> 
     </span>
    </p>

    <p class='ocr_par' dir='ltr' id='par_1_5' title="bbox 324 1657 1218 1827">
     <span class='ocr_line' id='line_1_22' title="bbox 382 1657 1215 1710; baseline 0.005 -14"><span class='ocrx_word' id='word_1_92' title='bbox 382 1657 577 1707; x_wconf 80' lang='lat' dir='ltr'>Magnam</span> <span class='ocrx_word' id='word_1_93' title='bbox 605 1658 779 1710; x_wconf 80' lang='lat' dir='ltr'>partem]</span> <span class='ocrx_word' id='word_1_94' title='bbox 819 1657 919 1699; x_wconf 92' lang='lat' dir='ltr'>Hoc</span> <span class='ocrx_word' id='word_1_95' title='bbox 938 1662 1021 1710; x_wconf 89' lang='lat' dir='ltr'>est,</span> <span class='ocrx_word' id='word_1_96' title='bbox 1039 1670 1110 1699; x_wconf 88' lang='lat' dir='ltr'>res</span> <span class='ocrx_word' id='word_1_97' title='bbox 1128 1670 1215 1700; x_wconf 85' lang='lat' dir='ltr'>mo·</span> 
     </span>
     <span class='ocr_line' id='line_1_23' title="bbox 324 1719 1218 1772; baseline 0.002 -10"><span class='ocrx_word' id='word_1_98' title='bbox 324 1719 434 1762; x_wconf 88' lang='lat' dir='ltr'>biles</span> <span class='ocrx_word' id='word_1_99' title='bbox 453 1720 628 1772; x_wconf 89' lang='lat' dir='ltr'>trajecit</span> <span class='ocrx_word' id='word_1_100' title='bbox 645 1732 763 1761; x_wconf 88' lang='lat' dir='ltr'>mare</span> <span class='ocrx_word' id='word_1_101' title='bbox 782 1721 951 1764; x_wconf 88' lang='lat' dir='ltr'>scilicet</span> <span class='ocrx_word' id='word_1_102' title='bbox 967 1722 1218 1764; x_wconf 86' lang='lat' dir='ltr'>mediterra-</span> 
     </span>
     <span class='ocr_line' id='line_1_24' title="bbox 327 1785 704 1827; baseline -0.005 0"><span class='ocrx_word' id='word_1_103' title='bbox 327 1794 472 1827; x_wconf 85' lang='lat' dir='ltr'>neum.</span> <span class='ocrx_word' id='word_1_104' title='bbox 501 1785 704 1825; x_wconf 76' lang='lat' dir='ltr'>Ernstius.</span> 
     </span>
    </p>

    <p class='ocr_par' dir='ltr' id='par_1_6' title="bbox 296 1846 1219 1969">
     <span class='ocr_line' id='line_1_25' title="bbox 391 1846 1218 1900; baseline 0.004 -13"><span class='ocrx_word' id='word_1_105' title='bbox 391 1846 601 1888; x_wconf 82' lang='lat' dir='ltr'>Versuram</span> <span class='ocrx_word' id='word_1_106' title='bbox 611 1847 766 1900; x_wconf 83' lang='lat' dir='ltr'>facere]</span> <span class='ocrx_word' id='word_1_107' title='bbox 785 1847 859 1888; x_wconf 78' lang='lat' dir='ltr'>IEs</span> <span class='ocrx_word' id='word_1_108' title='bbox 878 1847 1063 1889; x_wconf 84' lang='lat' dir='ltr'>alienum</span> <span class='ocrx_word' id='word_1_109' title='bbox 1076 1849 1218 1891; x_wconf 84' lang='lat' dir='ltr'>alieno</span> 
     </span>
     <span class='ocr_line' id='line_1_26' title="bbox 296 1912 1219 1969; baseline 0.004 -17"><span class='ocrx_word' id='word_1_110' title='bbox 296 1928 305 1939; x_wconf 81' lang='lat'><em>=</em></span> <span class='ocrx_word' id='word_1_111' title='bbox 330 1923 417 1953; x_wconf 80' lang='lat' dir='ltr'>aere</span> <span class='ocrx_word' id='word_1_112' title='bbox 452 1912 743 1966; x_wconf 83' lang='lat' dir='ltr'>dispungere3</span> <span class='ocrx_word' id='word_1_113' title='bbox 779 1913 892 1967; x_wconf 88' lang='lat' dir='ltr'>quod</span> <span class='ocrx_word' id='word_1_114' title='bbox 925 1912 1108 1968; x_wconf 87' lang='lat' dir='ltr'>faciunt,</span> <span class='ocrx_word' id='word_1_115' title='bbox 1145 1916 1219 1969; x_wconf 88' lang='lat' dir='ltr'>qui</span> 
     </span>
    </p>
   </div>
   <div class='ocr_carea' id='block_1_3' title="bbox 329 1977 1225 2034">
    <p class='ocr_par' dir='ltr' id='par_1_7' title="bbox 329 1977 1225 2034">
     <span class='ocr_line' id='line_1_27' title="bbox 329 1977 1225 2034; baseline 0.006 -18"><span class='ocrx_word' id='word_1_116' title='bbox 329 1981 497 2018; x_wconf 85' lang='lat' dir='ltr'>mutato</span> <span class='ocrx_word' id='word_1_117' title='bbox 524 1977 742 2019; x_wconf 81' lang='lat' dir='ltr'>creditore</span> <span class='ocrx_word' id='word_1_118' title='bbox 772 1977 1046 2020; x_wconf 87' lang='lat' dir='ltr'>satisfaciunt</span> <span class='ocrx_word' id='word_1_119' title='bbox 1074 1992 1127 2021; x_wconf 91' lang='lat' dir='ltr'>ea</span> <span class='ocrx_word' id='word_1_120' title='bbox 1145 1992 1225 2034; x_wconf 64' lang='lat' dir='ltr'>pem</span> 
     </span>
    </p>
   </div>
   <div class='ocr_carea' id='block_1_4' title="bbox 329 2039 1227 3426">
    <p class='ocr_par' dir='ltr' id='par_1_8' title="bbox 329 2039 1226 3224">
     <span class='ocr_line' id='line_1_28' title="bbox 330 2039 1219 2096; baseline 0.006 -17"><span class='ocrx_word' id='word_1_121' title='bbox 330 2039 456 2088; x_wconf 83' lang='lat' dir='ltr'>cunia</span> <span class='ocrx_word' id='word_1_122' title='bbox 494 2040 726 2093; x_wconf 83' lang='lat' dir='ltr'>antiquiori</span> <span class='ocrx_word' id='word_1_123' title='bbox 773 2042 988 2095; x_wconf 85' lang='lat' dir='ltr'>creditori,</span> <span class='ocrx_word' id='word_1_124' title='bbox 1029 2055 1154 2096; x_wconf 88' lang='lat' dir='ltr'>quam</span> <span class='ocrx_word' id='word_1_125' title='bbox 1193 2056 1219 2084; x_wconf 90' lang='lat' dir='ltr'>a</span> 
     </span>
     <span class='ocr_line' id='line_1_29' title="bbox 330 2104 1220 2148; baseline 0.007 -6"><span class='ocrx_word' id='word_1_126' title='bbox 330 2114 447 2143; x_wconf 88' lang='lat' dir='ltr'>novo</span> <span class='ocrx_word' id='word_1_127' title='bbox 465 2104 648 2145; x_wconf 86' lang='lat' dir='ltr'>mutuati</span> <span class='ocrx_word' id='word_1_128' title='bbox 666 2109 779 2145; x_wconf 91' lang='lat' dir='ltr'>sunt.</span> <span class='ocrx_word' id='word_1_129' title='bbox 821 2105 1036 2147; x_wconf 86' lang='lat' dir='ltr'>Videatur</span> <span class='ocrx_word' id='word_1_130' title='bbox 1053 2107 1220 2148; x_wconf 84' lang='lat' dir='ltr'>Festus.</span> 
     </span>
     <span class='ocr_line' id='line_1_30' title="bbox 331 2166 1219 2222; baseline 0.007 -16"><span class='ocrx_word' id='word_1_131' title='bbox 331 2166 532 2208; x_wconf 88' lang='lat' dir='ltr'>Donatus</span> <span class='ocrx_word' id='word_1_132' title='bbox 552 2169 732 2221; x_wconf 87' lang='lat' dir='ltr'>exponit</span> <span class='ocrx_word' id='word_1_133' title='bbox 750 2170 1109 2222; x_wconf 77' lang='lat' dir='ltr'>versuramsacere,</span> <span class='ocrx_word' id='word_1_134' title='bbox 1123 2183 1219 2212; x_wconf 88' lang='lat' dir='ltr'>cum</span> 
     </span>
     <span class='ocr_line' id='line_1_31' title="bbox 332 2230 1220 2286; baseline 0.005 -16"><span class='ocrx_word' id='word_1_135' title='bbox 332 2230 430 2283; x_wconf 89' lang='lat' dir='ltr'>quis</span> <span class='ocrx_word' id='word_1_136' title='bbox 447 2231 610 2272; x_wconf 89' lang='lat' dir='ltr'>minore</span> <span class='ocrx_word' id='word_1_137' title='bbox 638 2231 807 2273; x_wconf 87' lang='lat' dir='ltr'>foenore</span> <span class='ocrx_word' id='word_1_138' title='bbox 836 2238 1064 2286; x_wconf 85' lang='lat' dir='ltr'>acceptam</span> <span class='ocrx_word' id='word_1_139' title='bbox 1090 2246 1220 2286; x_wconf 87' lang='lat' dir='ltr'>pecu-</span> 
     </span>
     <span class='ocr_line' id='line_1_32' title="bbox 329 2294 1221 2350; baseline 0.004 -17"><span class='ocrx_word' id='word_1_140' title='bbox 329 2294 447 2334; x_wconf 86' lang='lat' dir='ltr'>niam</span> <span class='ocrx_word' id='word_1_141' title='bbox 466 2294 626 2346; x_wconf 89' lang='lat' dir='ltr'>majore</span> <span class='ocrx_word' id='word_1_142' title='bbox 646 2299 847 2348; x_wconf 84' lang='lat' dir='ltr'>occupat.</span> <span class='ocrx_word' id='word_1_143' title='bbox 901 2297 967 2336; x_wconf 88' lang='lat' dir='ltr'>Eo</span> <span class='ocrx_word' id='word_1_144' title='bbox 992 2307 1115 2337; x_wconf 90' lang='lat' dir='ltr'>sensu</span> <span class='ocrx_word' id='word_1_145' title='bbox 1135 2309 1221 2350; x_wconf 93' lang='lat' dir='ltr'>quo</span> 
     </span>
     <span class='ocr_line' id='line_1_33' title="bbox 333 2357 1220 2409; baseline 0.001 -11"><span class='ocrx_word' id='word_1_146' title='bbox 333 2357 502 2409; x_wconf 89' lang='lat' dir='ltr'>Nepos,</span> <span class='ocrx_word' id='word_1_147' title='bbox 534 2359 689 2399; x_wconf 90' lang='lat' dir='ltr'>Cicero</span> <span class='ocrx_word' id='word_1_148' title='bbox 721 2358 777 2399; x_wconf 91' lang='lat' dir='ltr'>ad</span> <span class='ocrx_word' id='word_1_149' title='bbox 806 2357 1037 2400; x_wconf 87' lang='lat' dir='ltr'>Atticum:</span> <span class='ocrx_word' id='word_1_150' title='bbox 1085 2362 1098 2383; x_wconf 90' lang='lat'>‘</span> <span class='ocrx_word' id='word_1_151' title='bbox 1121 2361 1220 2401; x_wconf 90' lang='lat' dir='ltr'>Non</span> 
     </span>
     <span class='ocr_line' id='line_1_34' title="bbox 332 2419 1222 2474; baseline 0.003 -15"><span class='ocrx_word' id='word_1_152' title='bbox 332 2419 463 2460; x_wconf 87' lang='lat' dir='ltr'>modo</span> <span class='ocrx_word' id='word_1_153' title='bbox 481 2431 654 2472; x_wconf 84' lang='lat' dir='ltr'>magno,</span> <span class='ocrx_word' id='word_1_154' title='bbox 677 2420 753 2461; x_wconf 89' lang='lat' dir='ltr'>sed</span> <span class='ocrx_word' id='word_1_155' title='bbox 773 2420 1038 2474; x_wconf 89' lang='lat' dir='ltr'>iniquissimo</span> <span class='ocrx_word' id='word_1_156' title='bbox 1055 2420 1222 2463; x_wconf 86' lang='lat' dir='ltr'>foenore</span> 
     </span>
     <span class='ocr_line' id='line_1_35' title="bbox 332 2482 1223 2527; baseline 0.003 -3"><span class='ocrx_word' id='word_1_157' title='bbox 332 2495 556 2524; x_wconf 81' lang='lat' dir='ltr'>versuram</span> <span class='ocrx_word' id='word_1_158' title='bbox 571 2482 718 2524; x_wconf 87' lang='lat' dir='ltr'>facere</span> <span class='ocrx_word' id='word_1_159' title='bbox 731 2483 928 2525; x_wconf 87' lang='lat' dir='ltr'>Aurelius</span> <span class='ocrx_word' id='word_1_160' title='bbox 941 2490 1119 2527; x_wconf 86' lang='lat' dir='ltr'>coactus</span> <span class='ocrx_word' id='word_1_161' title='bbox 1131 2482 1223 2527; x_wconf 73' lang='lat' dir='ltr'>est!</span> 
     </span>
     <span class='ocr_line' id='line_1_36' title="bbox 334 2546 1220 2602; baseline 0.003 -16"><span class='ocrx_word' id='word_1_162' title='bbox 334 2546 407 2587; x_wconf 86' lang='lat' dir='ltr'>Ad</span> <span class='ocrx_word' id='word_1_163' title='bbox 426 2547 633 2587; x_wconf 85' lang='lat' dir='ltr'>eundem:</span> <span class='ocrx_word' id='word_1_164' title='bbox 670 2547 683 2571; x_wconf 91' lang='lat'>‘</span> <span class='ocrx_word' id='word_1_165' title='bbox 705 2547 872 2588; x_wconf 85' lang='lat' dir='ltr'>Vereor</span> <span class='ocrx_word' id='word_1_166' title='bbox 891 2559 946 2588; x_wconf 90' lang='lat' dir='ltr'>ne</span> <span class='ocrx_word' id='word_1_167' title='bbox 964 2547 1087 2599; x_wconf 88' lang='lat' dir='ltr'>illud,</span> <span class='ocrx_word' id='word_1_168' title='bbox 1106 2548 1220 2602; x_wconf 88' lang='lat' dir='ltr'>quod</span> 
     </span>
     <span class='ocr_line' id='line_1_37' title="bbox 334 2611 1223 2664; baseline 0.002 -13"><span class='ocrx_word' id='word_1_169' title='bbox 334 2617 481 2651; x_wconf 85' lang='lat' dir='ltr'>tecum</span> <span class='ocrx_word' id='word_1_170' title='bbox 517 2611 775 2664; x_wconf 84' lang='lat' dir='ltr'>permutavi,</span> <span class='ocrx_word' id='word_1_171' title='bbox 808 2623 983 2653; x_wconf 86' lang='lat' dir='ltr'>versura</span> <span class='ocrx_word' id='word_1_172' title='bbox 1009 2612 1112 2653; x_wconf 86' lang='lat' dir='ltr'>mihi</span> <span class='ocrx_word' id='word_1_173' title='bbox 1141 2614 1223 2653; x_wconf 84' lang='lat' dir='ltr'>sol-</span> 
     </span>
     <span class='ocr_line' id='line_1_38' title="bbox 334 2674 1223 2718; baseline 0.001 -2"><span class='ocrx_word' id='word_1_174' title='bbox 334 2674 522 2716; x_wconf 84' lang='lat' dir='ltr'>vendum</span> <span class='ocrx_word' id='word_1_175' title='bbox 542 2675 628 2716; x_wconf 67' lang='lat' dir='ltr'>sit!</span> <span class='ocrx_word' id='word_1_176' title='bbox 659 2675 860 2716; x_wconf 78' lang='lat' dir='ltr'>Gebhard.</span> <span class='ocrx_word' id='word_1_177' title='bbox 914 2676 1078 2718; x_wconf 82' lang='lat' dir='ltr'>Vocem</span> <span class='ocrx_word' id='word_1_178' title='bbox 1097 2681 1142 2717; x_wconf 92' lang='lat' dir='ltr'>et</span> <span class='ocrx_word' id='word_1_179' title='bbox 1160 2677 1223 2717; x_wconf 91' lang='lat' dir='ltr'>lo-</span> 
     </span>
     <span class='ocr_line' id='line_1_39' title="bbox 335 2738 1225 2792; baseline 0.001 -13"><span class='ocrx_word' id='word_1_180' title='bbox 335 2749 434 2779; x_wconf 90' lang='lat' dir='ltr'>cum</span> <span class='ocrx_word' id='word_1_181' title='bbox 463 2738 638 2791; x_wconf 86' lang='lat' dir='ltr'>egregie</span> <span class='ocrx_word' id='word_1_182' title='bbox 655 2738 891 2791; x_wconf 87' lang='lat' dir='ltr'>explicavit</span> <span class='ocrx_word' id='word_1_183' title='bbox 907 2738 1003 2782; x_wconf 86' lang='lat' dir='ltr'>Jac.</span> <span class='ocrx_word' id='word_1_184' title='bbox 1024 2739 1225 2792; x_wconf 89' lang='lat' dir='ltr'>Cujacius</span> 
     </span>
     <span class='ocr_line' id='line_1_40' title="bbox 335 2801 1224 2844; baseline 0.001 -2"><span class='ocrx_word' id='word_1_185' title='bbox 335 2801 382 2843; x_wconf 92' lang='lat' dir='ltr'>in</span> <span class='ocrx_word' id='word_1_186' title='bbox 417 2801 650 2843; x_wconf 84' lang='lat' dir='ltr'>Observat.</span> <span class='ocrx_word' id='word_1_187' title='bbox 686 2807 732 2843; x_wconf 90' lang='lat' dir='ltr'>et</span> <span class='ocrx_word' id='word_1_188' title='bbox 776 2802 950 2844; x_wconf 91' lang='lat' dir='ltr'>Simeon</span> <span class='ocrx_word' id='word_1_189' title='bbox 992 2803 1144 2843; x_wconf 89' lang='lat' dir='ltr'>Bosius</span> <span class='ocrx_word' id='word_1_190' title='bbox 1180 2803 1224 2843; x_wconf 88' lang='lat' dir='ltr'>in</span> 
     </span>
     <span class='ocr_line' id='line_1_41' title="bbox 337 2864 1222 2917; baseline 0.002 -11"><span class='ocrx_word' id='word_1_191' title='bbox 337 2865 481 2917; x_wconf 87' lang='lat' dir='ltr'>Epist.</span> <span class='ocrx_word' id='word_1_192' title='bbox 501 2865 556 2905; x_wconf 88' lang='lat' dir='ltr'>ad</span> <span class='ocrx_word' id='word_1_193' title='bbox 577 2864 771 2906; x_wconf 83' lang='lat' dir='ltr'>Atticum</span> <span class='ocrx_word' id='word_1_194' title='bbox 803 2865 878 2906; x_wconf 92' lang='lat' dir='ltr'>lib.</span> <span class='ocrx_word' id='word_1_195' title='bbox 898 2878 942 2908; x_wconf 86' lang='lat' dir='ltr'>v.</span> <span class='ocrx_word' id='word_1_196' title='bbox 959 2870 1028 2908; x_wconf 84' lang='lat'>21.</span> <span class='ocrx_word' id='word_1_197' title='bbox 1073 2866 1193 2908; x_wconf 88' lang='lat' dir='ltr'>Infra</span> <span class='ocrx_word' id='word_1_198' title='bbox 1211 2881 1222 2908; x_wconf 70' lang='grc' dir='ltr'><em>ε</em></span> 
     </span>
     <span class='ocr_line' id='line_1_42' title="bbox 337 2928 1225 2981; baseline 0.002 -13"><span class='ocrx_word' id='word_1_199' title='bbox 337 2928 351 2950; x_wconf 88' lang='lat'>‘</span> <span class='ocrx_word' id='word_1_200' title='bbox 373 2929 530 2981; x_wconf 90' lang='lat' dir='ltr'>Neque</span> <span class='ocrx_word' id='word_1_201' title='bbox 550 2934 649 2979; x_wconf 88' lang='lat' dir='ltr'>post</span> <span class='ocrx_word' id='word_1_202' title='bbox 683 2929 971 2970; x_wconf 83' lang='lat' dir='ltr'>calamitatem</span> <span class='ocrx_word' id='word_1_203' title='bbox 1002 2941 1225 2971; x_wconf 85' lang='lat' dir='ltr'>versuram</span> 
     </span>
     <span class='ocr_line' id='line_1_43' title="bbox 339 2989 1226 3043; baseline 0.006 -12"><span class='ocrx_word' id='word_1_204' title='bbox 339 2989 489 3032; x_wconf 83' lang='lat' dir='ltr'>facere</span> <span class='ocrx_word' id='word_1_205' title='bbox 504 2991 747 3043; x_wconf 69' lang='lat' dir='ltr'>potuisset!</span> <span class='ocrx_word' id='word_1_206' title='bbox 775 2991 889 3032; x_wconf 90' lang='lat' dir='ltr'>Vide</span> <span class='ocrx_word' id='word_1_207' title='bbox 901 2993 955 3035; x_wconf 91' lang='lat' dir='ltr'>P.</span> <span class='ocrx_word' id='word_1_208' title='bbox 970 2993 1226 3036; x_wconf 83' lang='lat' dir='ltr'>Diaconum.</span> 
     </span>
     <span class='ocr_line' id='line_1_44' title="bbox 338 3055 1226 3108; baseline -0.002 -11"><span class='ocrx_word' id='word_1_209' title='bbox 338 3056 471 3098; x_wconf 88' lang='lat' dir='ltr'>Hanc</span> <span class='ocrx_word' id='word_1_210' title='bbox 507 3055 673 3108; x_wconf 84' lang='lat' dir='ltr'>legibus</span> <span class='ocrx_word' id='word_1_211' title='bbox 698 3055 902 3096; x_wconf 79' lang='lat' dir='ltr'>Romanis</span> <span class='ocrx_word' id='word_1_212' title='bbox 933 3056 1083 3107; x_wconf 86' lang='lat' dir='ltr'>magis,</span> <span class='ocrx_word' id='word_1_213' title='bbox 1101 3068 1226 3108; x_wconf 89' lang='lat' dir='ltr'>quam</span> 
     </span>
     <span class='ocr_line' id='line_1_45' title="bbox 340 3118 1224 3170; baseline -0.002 -9"><span class='ocrx_word' id='word_1_214' title='bbox 340 3132 515 3162; x_wconf 87' lang='lat' dir='ltr'>usuram</span> <span class='ocrx_word' id='word_1_215' title='bbox 534 3120 734 3170; x_wconf 87' lang='lat' dir='ltr'>vetitam,</span> <span class='ocrx_word' id='word_1_216' title='bbox 752 3124 906 3160; x_wconf 86' lang='lat' dir='ltr'>auctor</span> <span class='ocrx_word' id='word_1_217' title='bbox 918 3119 1095 3160; x_wconf 83' lang='lat' dir='ltr'>Tacitus</span> <span class='ocrx_word' id='word_1_218' title='bbox 1110 3118 1224 3159; x_wconf 89' lang='lat' dir='ltr'>Anu.</span> 
     </span>
     <span class='ocr_line' id='line_1_46' title="bbox 341 3182 663 3224; baseline -0.003 -1"><span class='ocrx_word' id='word_1_219' title='bbox 341 3183 415 3224; x_wconf 92' lang='lat' dir='ltr'>lib.</span> <span class='ocrx_word' id='word_1_220' title='bbox 433 3194 477 3223; x_wconf 88' lang='lat' dir='ltr'>v.</span> <span class='ocrx_word' id='word_1_221' title='bbox 507 3182 663 3223; x_wconf 80' lang='lat' dir='ltr'>Schott.</span> 
     </span>
    </p>

    <p class='ocr_par' dir='ltr' id='par_1_9' title="bbox 341 3244 1227 3426">
     <span class='ocr_line' id='line_1_47' title="bbox 395 3244 1227 3297; baseline -0.001 -12"><span class='ocrx_word' id='word_1_222' title='bbox 395 3245 572 3295; x_wconf 78' lang='lat' dir='ltr'>Longius</span> <span class='ocrx_word' id='word_1_223' title='bbox 590 3258 706 3297; x_wconf 82' lang='lat' dir='ltr'>quam</span> <span class='ocrx_word' id='word_1_224' title='bbox 718 3246 866 3286; x_wconf 78' lang='lat' dir='ltr'>dictum</span> <span class='ocrx_word' id='word_1_225' title='bbox 882 3249 993 3295; x_wconf 82' lang='lat' dir='ltr'>esset,</span> <span class='ocrx_word' id='word_1_226' title='bbox 1011 3256 1074 3285; x_wconf 82' lang='lat' dir='ltr'>eos</span> <span class='ocrx_word' id='word_1_227' title='bbox 1090 3244 1227 3284; x_wconf 85' lang='lat' dir='ltr'>debere</span> 
     </span>
     <span class='ocr_line' id='line_1_48' title="bbox 341 3307 1227 3360; baseline 0.001 -14"><span class='ocrx_word' id='word_1_228' title='bbox 341 3319 477 3358; x_wconf 75' lang='lat' dir='ltr'>passus</span> <span class='ocrx_word' id='word_1_229' title='bbox 492 3309 566 3360; x_wconf 75' lang='lat' dir='ltr'>sit]</span> <span class='ocrx_word' id='word_1_230' title='bbox 614 3310 726 3351; x_wconf 83' lang='lat' dir='ltr'>Quia</span> <span class='ocrx_word' id='word_1_231' title='bbox 740 3309 838 3349; x_wconf 88' lang='lat' dir='ltr'>libri</span> <span class='ocrx_word' id='word_1_232' title='bbox 859 3307 1033 3360; x_wconf 83' lang='lat' dir='ltr'>quidam</span> <span class='ocrx_word' id='word_1_233' title='bbox 1047 3320 1100 3348; x_wconf 79' lang='lat' dir='ltr'>a’s</span> <span class='ocrx_word' id='word_1_234' title='bbox 1119 3319 1227 3359; x_wconf 78' lang='lat' dir='ltr'>prae-</span> 
     </span>
     <span class='ocr_line' id='line_1_49' title="bbox 342 3371 1227 3426; baseline 0.003 -15"><span class='ocrx_word' id='word_1_235' title='bbox 342 3371 504 3420; x_wconf 79' lang='lat' dir='ltr'>ferunt,</span> <span class='ocrx_word' id='word_1_236' title='bbox 535 3372 632 3413; x_wconf 84' lang='lat' dir='ltr'>ideo</span> <span class='ocrx_word' id='word_1_237' title='bbox 663 3374 943 3426; x_wconf 87' lang='lat' dir='ltr'>conjectabat</span> <span class='ocrx_word' id='word_1_238' title='bbox 964 3374 1227 3426; x_wconf 76' lang='lat' dir='ltr'>vRutgersius</span> 
     </span>
    </p>
   </div>
   <div class='ocr_carea' id='block_1_5' title="bbox 346 3435 1226 3545">
    <p class='ocr_par' dir='ltr' id='par_1_10' title="bbox 346 3435 1226 3545">
     <span class='ocr_line' id='line_1_50' title="bbox 346 3435 1226 3490; baseline 0.003 -15"><span class='ocrx_word' id='word_1_239' title='bbox 346 3446 408 3475; x_wconf 81' lang='lat' dir='ltr'>eos</span> <span class='ocrx_word' id='word_1_240' title='bbox 425 3435 575 3474; x_wconf 81' lang='lat' dir='ltr'>debere.</span> <span class='ocrx_word' id='word_1_241' title='bbox 596 3436 707 3487; x_wconf 91' lang='lat' dir='ltr'>quod</span> <span class='ocrx_word' id='word_1_242' title='bbox 727 3443 772 3476; x_wconf 90' lang='lat' dir='ltr'>et</span> <span class='ocrx_word' id='word_1_243' title='bbox 790 3437 994 3478; x_wconf 87' lang='lat' dir='ltr'>Schottus</span> <span class='ocrx_word' id='word_1_244' title='bbox 1010 3438 1226 3490; x_wconf 85' lang='lat' dir='ltr'>amplexus</span> 
     </span>
     <span class='ocr_line' id='line_1_51' title="bbox 347 3498 780 3545; baseline -0.007 -4"><span class='ocrx_word' id='word_1_245' title='bbox 347 3498 503 3545; x_wconf 84' lang='lat' dir='ltr'>fuerat.</span> <span class='ocrx_word' id='word_1_246' title='bbox 537 3499 780 3539; x_wconf 78' lang='lat' dir='ltr'>Gebhardus.</span> 
     </span>
    </p>
   </div>
   <div class='ocr_carea' id='block_1_6' title="bbox 711 262 1771 309">
    <p class='ocr_par' dir='ltr' id='par_1_11' title="bbox 711 262 1771 309">
     <span class='ocr_line' id='line_1_52' title="bbox 711 262 1771 309; baseline 0.008 -9"><span class='ocrx_word' id='word_1_247' title='bbox 711 263 889 302; x_wconf 82' lang='lat' dir='ltr'>No&#39;rAE</span> <span class='ocrx_word' id='word_1_248' title='bbox 932 262 1264 305; x_wconf 80' lang='lat' dir='ltr'>VARtoRUM</span> <span class='ocrx_word' id='word_1_249' title='bbox 1311 265 1374 305; x_wconf 78' lang='lat' dir='ltr'>{N</span> <span class='ocrx_word' id='word_1_250' title='bbox 1418 267 1466 305; x_wconf 90' lang='lat' dir='ltr'>C.</span> <span class='ocrx_word' id='word_1_251' title='bbox 1508 267 1771 309; x_wconf 85' lang='lat' dir='ltr'>NEPOTIS</span> 
     </span>
    </p>
   </div>
   <div class='ocr_carea' id='block_1_7' title="bbox 1329 384 2157 439">
    <p class='ocr_par' dir='ltr' id='par_1_12' title="bbox 1329 384 2157 439">
     <span class='ocr_line' id='line_1_53' title="bbox 1329 384 2157 439; baseline 0.011 -14"><span class='ocrx_word' id='word_1_252' title='bbox 1329 384 1414 426; x_wconf 74' lang='lat' dir='ltr'>Sea·</span> <span class='ocrx_word' id='word_1_253' title='bbox 1430 387 1571 439; x_wconf 79' lang='lat' dir='ltr'>modii]</span> <span class='ocrx_word' id='word_1_254' title='bbox 1595 389 1724 431; x_wconf 86' lang='lat' dir='ltr'>Joan.</span> <span class='ocrx_word' id='word_1_255' title='bbox 1745 389 1907 431; x_wconf 83' lang='lat' dir='ltr'>savaro</span> <span class='ocrx_word' id='word_1_256' title='bbox 1935 394 1981 432; x_wconf 89' lang='lat' dir='ltr'>et</span> <span class='ocrx_word' id='word_1_257' title='bbox 1994 390 2157 434; x_wconf 84' lang='lat' dir='ltr'>Benre·</span> 
     </span>
    </p>
   </div>
   <div class='ocr_carea' id='block_1_8' title="bbox 1256 449 2157 503">
    <p class='ocr_par' dir='ltr' id='par_1_13' title="bbox 1256 449 2157 503">
     <span class='ocr_line' id='line_1_54' title="bbox 1256 449 2157 503; baseline 0.012 -16"><span class='ocrx_word' id='word_1_258' title='bbox 1256 458 1346 489; x_wconf 86' lang='lat' dir='ltr'>-rus</span> <span class='ocrx_word' id='word_1_259' title='bbox 1379 449 1531 501; x_wconf 86' lang='lat' dir='ltr'>legunt</span> <span class='ocrx_word' id='word_1_260' title='bbox 1559 457 1705 503; x_wconf 78' lang='lat' dir='ltr'>septem</span> <span class='ocrx_word' id='word_1_261' title='bbox 1733 455 1869 496; x_wconf 78' lang='lat' dir='ltr'>modii.</span> <span class='ocrx_word' id='word_1_262' title='bbox 1924 454 2012 496; x_wconf 87' lang='lat' dir='ltr'>Sed</span> <span class='ocrx_word' id='word_1_263' title='bbox 2043 455 2157 498; x_wconf 83' lang='lat' dir='ltr'>hunc</span> 
     </span>
    </p>
   </div>
   <div class='ocr_carea' id='block_1_9' title="bbox 1272 511 2169 2536">
    <p class='ocr_par' dir='ltr' id='par_1_14' title="bbox 1272 511 2160 753">
     <span class='ocr_line' id='line_1_55' title="bbox 1273 511 2158 568; baseline 0.009 -18"><span class='ocrx_word' id='word_1_264' title='bbox 1273 511 1415 553; x_wconf 88' lang='lat' dir='ltr'>locum</span> <span class='ocrx_word' id='word_1_265' title='bbox 1447 520 1566 555; x_wconf 84' lang='lat' dir='ltr'>recte</span> <span class='ocrx_word' id='word_1_266' title='bbox 1594 515 1786 557; x_wconf 70' lang='lat' dir='ltr'>Faernus</span> <span class='ocrx_word' id='word_1_267' title='bbox 1823 512 2032 568; x_wconf 84' lang='lat' dir='ltr'>restituit,</span> <span class='ocrx_word' id='word_1_268' title='bbox 2060 529 2158 558; x_wconf 84' lang='lat' dir='ltr'>cum</span> 
     </span>
     <span class='ocr_line' id='line_1_56' title="bbox 1275 575 2158 632; baseline 0.003 -17"><span class='ocrx_word' id='word_1_269' title='bbox 1275 579 1404 615; x_wconf 88' lang='lat' dir='ltr'>antea</span> <span class='ocrx_word' id='word_1_270' title='bbox 1423 575 1555 616; x_wconf 88' lang='lat' dir='ltr'>etiam</span> <span class='ocrx_word' id='word_1_271' title='bbox 1580 589 1659 629; x_wconf 89' lang='lat' dir='ltr'>pro</span> <span class='ocrx_word' id='word_1_272' title='bbox 1676 579 1818 619; x_wconf 68' lang='lat' dir='ltr'>„tediis</span> <span class='ocrx_word' id='word_1_273' title='bbox 1845 580 2062 632; x_wconf 86' lang='lat' dir='ltr'>legeretur</span> <span class='ocrx_word' id='word_1_274' title='bbox 2076 591 2158 620; x_wconf 76' lang='lat' dir='ltr'>me-</span> 
     </span>
     <span class='ocr_line' id='line_1_57' title="bbox 1272 637 2160 696; baseline 0.01 -19"><span class='ocrx_word' id='word_1_275' title='bbox 1272 637 1378 679; x_wconf 76' lang='lat' dir='ltr'>dius.</span> <span class='ocrx_word' id='word_1_276' title='bbox 1407 638 1621 684; x_wconf 87' lang='lat' dir='ltr'>Ernstius.</span> <span class='ocrx_word' id='word_1_277' title='bbox 1650 642 1838 693; x_wconf 81' lang='grc' dir='ltr'><strong><em>Μεδιμνός</em></strong></span> <span class='ocrx_word' id='word_1_278' title='bbox 1857 643 2160 696; x_wconf 76' lang='grc' dir='ltr'>ἐστιξηρῶνμο-</span> 
     </span>
     <span class='ocr_line' id='line_1_58' title="bbox 1274 699 1870 753; baseline 0.017 -13"><span class='ocrx_word' id='word_1_279' title='bbox 1274 699 1363 742; x_wconf 78' lang='grc' dir='ltr'><strong><em>δίων</em></strong></span> <span class='ocrx_word' id='word_1_280' title='bbox 1381 699 1433 753; x_wconf 75' lang='grc' dir='ltr'>ἕξ.</span> <span class='ocrx_word' id='word_1_281' title='bbox 1461 702 1620 746; x_wconf 64' lang='lat' dir='ltr'>Stridet&amp;</span> <span class='ocrx_word' id='word_1_282' title='bbox 1868 735 1870 737; x_wconf 96' lang='lat'>-</span> 
     </span>
    </p>

    <p class='ocr_par' dir='ltr' id='par_1_15' title="bbox 1273 764 2165 1759">
     <span class='ocr_line' id='line_1_59' title="bbox 1331 764 2160 812; baseline 0.006 -6"><span class='ocrx_word' id='word_1_283' title='bbox 1331 764 1413 812; x_wconf 72' lang='lat' dir='ltr'>Qui</span> <span class='ocrx_word' id='word_1_284' title='bbox 1431 769 1565 807; x_wconf 82' lang='lat' dir='ltr'>modus</span> <span class='ocrx_word' id='word_1_285' title='bbox 1581 780 1771 810; x_wconf 68' lang='lat' dir='ltr'>mensura</span> <span class='ocrx_word' id='word_1_286' title='bbox 1793 770 2007 811; x_wconf 76' lang='lat' dir='ltr'>medimnus</span> <span class='ocrx_word' id='word_1_287' title='bbox 2031 769 2160 811; x_wconf 75' lang='lat' dir='ltr'>Athe·</span> 
     </span>
     <span class='ocr_line' id='line_1_60' title="bbox 1273 828 2161 883; baseline 0.008 -15"><span class='ocrx_word' id='word_1_288' title='bbox 1273 828 1337 868; x_wconf 77' lang='lat' dir='ltr'>m&#39;s</span> <span class='ocrx_word' id='word_1_289' title='bbox 1348 831 1589 883; x_wconf 73' lang='lat' dir='ltr'>appellatur]</span> <span class='ocrx_word' id='word_1_290' title='bbox 1612 832 1959 874; x_wconf 59' lang='lat' dir='ltr'>Vel-medimnum.</span> <span class='ocrx_word' id='word_1_291' title='bbox 1986 835 2161 875; x_wconf 88' lang='lat' dir='ltr'>Utrum·</span> 
     </span>
     <span class='ocr_line' id='line_1_61' title="bbox 1275 891 2161 948; baseline 0.01 -18"><span class='ocrx_word' id='word_1_292' title='bbox 1275 902 1360 943; x_wconf 89' lang='lat' dir='ltr'>que</span> <span class='ocrx_word' id='word_1_293' title='bbox 1377 903 1404 932; x_wconf 89' lang='lat' dir='ltr'>a</span> <span class='ocrx_word' id='word_1_294' title='bbox 1420 892 1565 933; x_wconf 86' lang='lat' dir='ltr'>Tullio</span> <span class='ocrx_word' id='word_1_295' title='bbox 1583 891 1668 933; x_wconf 88' lang='lat' dir='ltr'>fuit</span> <span class='ocrx_word' id='word_1_296' title='bbox 1683 901 1950 948; x_wconf 86' lang='lat' dir='ltr'>usurpatum.</span> <span class='ocrx_word' id='word_1_297' title='bbox 2004 897 2161 939; x_wconf 79' lang='lat' dir='ltr'>Cicero</span> 
     </span>
     <span class='ocr_line' id='line_1_62' title="bbox 1274 954 2163 1011; baseline 0.01 -17"><span class='ocrx_word' id='word_1_298' title='bbox 1274 954 1319 994; x_wconf 89' lang='lat' dir='ltr'>in</span> <span class='ocrx_word' id='word_1_299' title='bbox 1328 954 1525 996; x_wconf 83' lang='lat' dir='ltr'>Verrem.</span> <span class='ocrx_word' id='word_1_300' title='bbox 1540 969 1578 997; x_wconf 86' lang='lat' dir='ltr'>v.</span> <span class='ocrx_word' id='word_1_301' title='bbox 1591 957 1695 998; x_wconf 87' lang='lat' dir='ltr'>‘Sed</span> <span class='ocrx_word' id='word_1_302' title='bbox 1706 958 1842 999; x_wconf 87' lang='lat' dir='ltr'>tritici</span> <span class='ocrx_word' id='word_1_303' title='bbox 1853 965 2018 1011; x_wconf 87' lang='lat' dir='ltr'>septem</span> <span class='ocrx_word' id='word_1_304' title='bbox 2029 960 2163 1003; x_wconf 81' lang='lat' dir='ltr'>millia</span> 
     </span>
     <span class='ocr_line' id='line_1_63' title="bbox 1275 1015 2163 1072; baseline 0.009 -16"><span class='ocrx_word' id='word_1_305' title='bbox 1275 1015 1534 1058; x_wconf 88' lang='lat' dir='ltr'>medimnum</span> <span class='ocrx_word' id='word_1_306' title='bbox 1544 1031 1600 1061; x_wconf 89' lang='lat' dir='ltr'>ex</span> <span class='ocrx_word' id='word_1_307' title='bbox 1615 1020 1885 1072; x_wconf 85' lang='lat' dir='ltr'>Nymphonis</span> <span class='ocrx_word' id='word_1_308' title='bbox 1900 1021 2163 1065; x_wconf 82' lang='lat' dir='ltr'>arationibus</span> 
     </span>
     <span class='ocr_line' id='line_1_64' title="bbox 1275 1079 2162 1139; baseline 0.009 -19"><span class='ocrx_word' id='word_1_309' title='bbox 1275 1079 1421 1122; x_wconf 89' lang='lat' dir='ltr'>edicta</span> <span class='ocrx_word' id='word_1_310' title='bbox 1441 1081 1600 1134; x_wconf 68' lang='lat' dir='ltr'>poena!</span> <span class='ocrx_word' id='word_1_311' title='bbox 1649 1082 1844 1126; x_wconf 88' lang='lat' dir='ltr'>Ibidem:</span> <span class='ocrx_word' id='word_1_312' title='bbox 1894 1088 1906 1109; x_wconf 89' lang='lat'>‘</span> <span class='ocrx_word' id='word_1_313' title='bbox 1926 1085 1980 1127; x_wconf 89' lang='lat' dir='ltr'>In</span> <span class='ocrx_word' id='word_1_314' title='bbox 2004 1086 2162 1139; x_wconf 80' lang='lat' dir='ltr'>jugere</span> 
     </span>
     <span class='ocr_line' id='line_1_65' title="bbox 1275 1145 2163 1198; baseline 0.005 -12"><span class='ocrx_word' id='word_1_315' title='bbox 1275 1145 1476 1186; x_wconf 81' lang='lat' dir='ltr'>Leontini</span> <span class='ocrx_word' id='word_1_316' title='bbox 1504 1146 1595 1198; x_wconf 88' lang='lat' dir='ltr'>agri</span> <span class='ocrx_word' id='word_1_317' title='bbox 1624 1148 1881 1190; x_wconf 87' lang='lat' dir='ltr'>medimnum</span> <span class='ocrx_word' id='word_1_318' title='bbox 1912 1148 2008 1191; x_wconf 81' lang='lat' dir='ltr'>fere</span> <span class='ocrx_word' id='word_1_319' title='bbox 2023 1150 2163 1193; x_wconf 84' lang='lat' dir='ltr'>tritici</span> 
     </span>
     <span class='ocr_line' id='line_1_66' title="bbox 1276 1208 2162 1263; baseline 0.008 -15"><span class='ocrx_word' id='word_1_320' title='bbox 1276 1208 1463 1251; x_wconf 65' lang='lat' dir='ltr'>seritur!</span> <span class='ocrx_word' id='word_1_321' title='bbox 1518 1209 1728 1263; x_wconf 83' lang='lat' dir='ltr'>Capiebat</span> <span class='ocrx_word' id='word_1_322' title='bbox 1763 1218 1908 1254; x_wconf 87' lang='lat' dir='ltr'>autem</span> <span class='ocrx_word' id='word_1_323' title='bbox 1933 1225 2057 1255; x_wconf 86' lang='lat' dir='ltr'>senos</span> <span class='ocrx_word' id='word_1_324' title='bbox 2074 1226 2162 1255; x_wconf 90' lang='lat' dir='ltr'>mo-</span> 
     </span>
     <span class='ocr_line' id='line_1_67' title="bbox 1278 1269 2160 1318; baseline 0.008 -7"><span class='ocrx_word' id='word_1_325' title='bbox 1278 1269 1390 1314; x_wconf 82' lang='lat' dir='ltr'>dios.</span> <span class='ocrx_word' id='word_1_326' title='bbox 1439 1273 1513 1316; x_wconf 90' lang='lat' dir='ltr'>Ita</span> <span class='ocrx_word' id='word_1_327' title='bbox 1548 1274 1701 1316; x_wconf 86' lang='lat' dir='ltr'>Suidas</span> <span class='ocrx_word' id='word_1_328' title='bbox 1737 1280 1785 1316; x_wconf 89' lang='lat' dir='ltr'>et</span> <span class='ocrx_word' id='word_1_329' title='bbox 1819 1276 1892 1316; x_wconf 87' lang='lat' dir='ltr'>alii</span> <span class='ocrx_word' id='word_1_330' title='bbox 1930 1281 2160 1318; x_wconf 83' lang='lat' dir='ltr'>testantur.</span> 
     </span>
     <span class='ocr_line' id='line_1_68' title="bbox 1275 1337 2159 1382; baseline 0.007 -6"><span class='ocrx_word' id='word_1_331' title='bbox 1275 1337 1479 1379; x_wconf 73' lang='lat' dir='ltr'>Kenchen.</span> <span class='ocrx_word' id='word_1_332' title='bbox 1536 1337 1702 1380; x_wconf 85' lang='lat' dir='ltr'>Gifanii</span> <span class='ocrx_word' id='word_1_333' title='bbox 1732 1339 1843 1381; x_wconf 88' lang='lat' dir='ltr'>liber</span> <span class='ocrx_word' id='word_1_334' title='bbox 1870 1345 2014 1382; x_wconf 87' lang='lat' dir='ltr'>tamen</span> <span class='ocrx_word' id='word_1_335' title='bbox 2033 1353 2159 1382; x_wconf 77' lang='lat' dir='ltr'>mox:</span> 
     </span>
     <span class='ocr_line' id='line_1_69' title="bbox 1277 1401 2163 1453; baseline 0.006 -13"><span class='ocrx_word' id='word_1_336' title='bbox 1277 1402 1290 1422; x_wconf 74' lang='lat'><strong>³</strong></span> <span class='ocrx_word' id='word_1_337' title='bbox 1310 1405 1479 1453; x_wconf 83' lang='lat' dir='ltr'>septem</span> <span class='ocrx_word' id='word_1_338' title='bbox 1534 1401 1698 1442; x_wconf 87' lang='lat' dir='ltr'>modios</span> <span class='ocrx_word' id='word_1_339' title='bbox 1750 1402 1900 1444; x_wconf 87' lang='lat' dir='ltr'>tritici&#39;</span> <span class='ocrx_word' id='word_1_340' title='bbox 1954 1404 2163 1446; x_wconf 89' lang='lat' dir='ltr'>nominat.</span> 
     </span>
     <span class='ocr_line' id='line_1_70' title="bbox 1275 1462 2163 1508; baseline 0.002 -3"><span class='ocrx_word' id='word_1_341' title='bbox 1275 1463 1390 1505; x_wconf 89' lang='lat' dir='ltr'>Sane</span> <span class='ocrx_word' id='word_1_342' title='bbox 1415 1462 1544 1506; x_wconf 87' lang='lat' dir='ltr'>Alex.</span> <span class='ocrx_word' id='word_1_343' title='bbox 1573 1464 1628 1506; x_wconf 87' lang='lat' dir='ltr'>ab</span> <span class='ocrx_word' id='word_1_344' title='bbox 1658 1464 1787 1508; x_wconf 78' lang='lat' dir='ltr'>Alex,</span> <span class='ocrx_word' id='word_1_345' title='bbox 1817 1465 1892 1506; x_wconf 90' lang='lat' dir='ltr'>lib.</span> <span class='ocrx_word' id='word_1_346' title='bbox 1924 1478 1977 1508; x_wconf 78' lang='grc' dir='ltr'>ιι.</span> <span class='ocrx_word' id='word_1_347' title='bbox 2005 1470 2071 1508; x_wconf 86' lang='grc'>20.</span> <span class='ocrx_word' id='word_1_348' title='bbox 2102 1467 2163 1507; x_wconf 90' lang='lat' dir='ltr'>ita</span> 
     </span>
     <span class='ocr_line' id='line_1_71' title="bbox 1276 1525 2164 1583; baseline 0.007 -18"><span class='ocrx_word' id='word_1_349' title='bbox 1276 1525 1515 1579; x_wconf 87' lang='lat' dir='ltr'>distinguit,</span> <span class='ocrx_word' id='word_1_350' title='bbox 1558 1533 1608 1569; x_wconf 91' lang='lat' dir='ltr'>nt</span> <span class='ocrx_word' id='word_1_351' title='bbox 1651 1528 1819 1570; x_wconf 88' lang='lat' dir='ltr'>modios</span> <span class='ocrx_word' id='word_1_352' title='bbox 1858 1530 2031 1583; x_wconf 90' lang='lat' dir='ltr'>quidem</span> <span class='ocrx_word' id='word_1_353' title='bbox 2085 1542 2164 1571; x_wconf 85' lang='lat' dir='ltr'>sex</span> 
     </span>
     <span class='ocr_line' id='line_1_72' title="bbox 1276 1588 2165 1643; baseline 0.004 -14"><span class='ocrx_word' id='word_1_354' title='bbox 1276 1588 1538 1631; x_wconf 89' lang='lat' dir='ltr'>medimnum</span> <span class='ocrx_word' id='word_1_355' title='bbox 1558 1589 1723 1643; x_wconf 85' lang='lat' dir='ltr'>facere,</span> <span class='ocrx_word' id='word_1_356' title='bbox 1751 1592 2060 1635; x_wconf 81' lang='lat' dir='ltr'>Atheniensem</span> <span class='ocrx_word' id='word_1_357' title='bbox 2091 1605 2165 1634; x_wconf 88' lang='lat' dir='ltr'>au-</span> 
     </span>
     <span class='ocr_line' id='line_1_73' title="bbox 1277 1653 2164 1708; baseline 0.007 -15"><span class='ocrx_word' id='word_1_358' title='bbox 1277 1657 1367 1694; x_wconf 91' lang='lat' dir='ltr'>tem</span> <span class='ocrx_word' id='word_1_359' title='bbox 1399 1653 1663 1696; x_wconf 88' lang='lat' dir='ltr'>medimnum</span> <span class='ocrx_word' id='word_1_360' title='bbox 1693 1659 1860 1708; x_wconf 86' lang='lat' dir='ltr'>septem</span> <span class='ocrx_word' id='word_1_361' title='bbox 1891 1656 2045 1700; x_wconf 83' lang='lat' dir='ltr'>modiis</span> <span class='ocrx_word' id='word_1_362' title='bbox 2060 1669 2164 1699; x_wconf 80' lang='lat' dir='ltr'>con-</span> 
     </span>
     <span class='ocr_line' id='line_1_74' title="bbox 1277 1717 1751 1759; baseline 0 -1"><span class='ocrx_word' id='word_1_363' title='bbox 1277 1722 1394 1758; x_wconf 89' lang='lat' dir='ltr'>stare</span> <span class='ocrx_word' id='word_1_364' title='bbox 1410 1717 1546 1759; x_wconf 89' lang='lat' dir='ltr'>dicat.</span> <span class='ocrx_word' id='word_1_365' title='bbox 1571 1718 1751 1759; x_wconf 80' lang='lat' dir='ltr'>Boecler.</span> 
     </span>
    </p>

    <p class='ocr_par' dir='ltr' id='par_1_16' title="bbox 1279 1780 2169 2536">
     <span class='ocr_line' id='line_1_75' title="bbox 1334 1780 2168 1836; baseline 0.004 -15"><span class='ocrx_word' id='word_1_366' title='bbox 1334 1780 1448 1822; x_wconf 76' lang='lat' dir='ltr'>CAP.</span> <span class='ocrx_word' id='word_1_367' title='bbox 1477 1783 1519 1822; x_wconf 77' lang='lat'>3.</span> <span class='ocrx_word' id='word_1_368' title='bbox 1551 1781 1607 1822; x_wconf 79' lang='lat' dir='ltr'>Ut</span> <span class='ocrx_word' id='word_1_369' title='bbox 1620 1781 1830 1823; x_wconf 69' lang='lat' dir='ltr'>communis</span> <span class='ocrx_word' id='word_1_370' title='bbox 1842 1781 2010 1836; x_wconf 71' lang='lat' dir='ltr'>infimis]</span> <span class='ocrx_word' id='word_1_371' title='bbox 2035 1783 2168 1824; x_wconf 87' lang='lat' dir='ltr'>Blan-</span> 
     </span>
     <span class='ocr_line' id='line_1_76' title="bbox 1280 1843 2168 1897; baseline 0.005 -12"><span class='ocrx_word' id='word_1_372' title='bbox 1280 1843 1359 1885; x_wconf 91' lang='lat' dir='ltr'>dus</span> <span class='ocrx_word' id='word_1_373' title='bbox 1378 1850 1424 1886; x_wconf 91' lang='lat' dir='ltr'>et</span> <span class='ocrx_word' id='word_1_374' title='bbox 1441 1843 1639 1897; x_wconf 82' lang='lat' dir='ltr'>affabilis,</span> <span class='ocrx_word' id='word_1_375' title='bbox 1657 1845 1792 1888; x_wconf 87' lang='lat' dir='ltr'>comis</span> <span class='ocrx_word' id='word_1_376' title='bbox 1812 1850 1859 1887; x_wconf 93' lang='lat' dir='ltr'>et</span> <span class='ocrx_word' id='word_1_377' title='bbox 1876 1845 2041 1889; x_wconf 83' lang='lat' dir='ltr'>obvius.</span> <span class='ocrx_word' id='word_1_378' title='bbox 2077 1847 2168 1889; x_wconf 84' lang='lat' dir='ltr'>Do·</span> 
     </span>
     <span class='ocr_line' id='line_1_77' title="bbox 1279 1908 2169 1961; baseline 0.004 -13"><span class='ocrx_word' id='word_1_379' title='bbox 1279 1908 1443 1949; x_wconf 87' lang='lat' dir='ltr'>sitheus</span> <span class='ocrx_word' id='word_1_380' title='bbox 1473 1908 1689 1961; x_wconf 85' lang='lat' dir='ltr'>Magister</span> <span class='ocrx_word' id='word_1_381' title='bbox 1719 1909 1794 1950; x_wconf 88' lang='lat' dir='ltr'>lib.</span> <span class='ocrx_word' id='word_1_382' title='bbox 1813 1920 1886 1952; x_wconf 88' lang='lat'>111.</span> <span class='ocrx_word' id='word_1_383' title='bbox 1913 1910 1997 1950; x_wconf 66' lang='grc' dir='ltr'>ΜΒ.</span> <span class='ocrx_word' id='word_1_384' title='bbox 2019 1921 2075 1950; x_wconf 86' lang='lat' dir='ltr'>ex</span> <span class='ocrx_word' id='word_1_385' title='bbox 2091 1911 2169 1952; x_wconf 88' lang='lat' dir='ltr'>Bi·</span> 
     </span>
     <span class='ocr_line' id='line_1_78' title="bbox 1281 1970 2168 2015; baseline 0.005 -4"><span class='ocrx_word' id='word_1_386' title='bbox 1281 1970 1502 2013; x_wconf 84' lang='lat' dir='ltr'>bliotheca</span> <span class='ocrx_word' id='word_1_387' title='bbox 1521 1971 1589 2013; x_wconf 88' lang='lat' dir='ltr'>Cl.</span> <span class='ocrx_word' id='word_1_388' title='bbox 1605 1971 1794 2013; x_wconf 88' lang='lat' dir='ltr'>Puteani</span> <span class='ocrx_word' id='word_1_389' title='bbox 1808 1972 1863 2013; x_wconf 88' lang='lat' dir='ltr'>V.</span> <span class='ocrx_word' id='word_1_390' title='bbox 1883 1972 1932 2014; x_wconf 91' lang='lat' dir='ltr'>C.</span> <span class='ocrx_word' id='word_1_391' title='bbox 1976 1973 2168 2015; x_wconf 69' lang='lat' dir='ltr'>omnibu</span> 
     </span>
     <span class='ocr_line' id='line_1_79' title="bbox 1281 2033 2168 2086; baseline 0.001 -10"><span class='ocrx_word' id='word_1_392' title='bbox 1281 2047 1522 2076; x_wconf 79' lang='lat' dir='ltr'>communem</span> <span class='ocrx_word' id='word_1_393' title='bbox 1538 2047 1635 2086; x_wconf 77' lang='lat' dir='ltr'>esse,</span> <span class='ocrx_word' id='word_1_394' title='bbox 1652 2035 1750 2081; x_wconf 76' lang='grc' dir='ltr'>πᾶσι</span> <span class='ocrx_word' id='word_1_395' title='bbox 1763 2033 1890 2076; x_wconf 77' lang='grc' dir='ltr'><strong><em>κοινὸν</em></strong></span> <span class='ocrx_word' id='word_1_396' title='bbox 1900 2033 2010 2076; x_wconf 75' lang='grc' dir='ltr'><strong><em>εἶναι.</em></strong></span> <span class='ocrx_word' id='word_1_397' title='bbox 2065 2037 2168 2078; x_wconf 83' lang='lat' dir='ltr'>Pro-</span> 
     </span>
     <span class='ocr_line' id='line_1_80' title="bbox 1282 2098 2167 2152; baseline 0 -12"><span class='ocrx_word' id='word_1_398' title='bbox 1282 2098 1378 2151; x_wconf 90' lang='lat' dir='ltr'>bus,</span> <span class='ocrx_word' id='word_1_399' title='bbox 1422 2099 1550 2151; x_wconf 88' lang='lat' dir='ltr'>hujus</span> <span class='ocrx_word' id='word_1_400' title='bbox 1576 2099 1687 2144; x_wconf 79' lang='lat' dir='ltr'>‚libri</span> <span class='ocrx_word' id='word_1_401' title='bbox 1729 2099 1976 2152; x_wconf 83' lang='lat' dir='ltr'>exscriptor</span> <span class='ocrx_word' id='word_1_402' title='bbox 2022 2100 2167 2152; x_wconf 87' lang='lat' dir='ltr'>potius</span> 
     </span>
     <span class='ocr_line' id='line_1_81' title="bbox 1282 2164 2167 2216; baseline 0.002 -12"><span class='ocrx_word' id='word_1_403' title='bbox 1282 2176 1410 2216; x_wconf 89' lang='lat' dir='ltr'>quam</span> <span class='ocrx_word' id='word_1_404' title='bbox 1424 2169 1590 2216; x_wconf 90' lang='lat' dir='ltr'>auctor,</span> <span class='ocrx_word' id='word_1_405' title='bbox 1603 2164 1648 2204; x_wconf 93' lang='lat' dir='ltr'>in</span> <span class='ocrx_word' id='word_1_406' title='bbox 1665 2164 1856 2206; x_wconf 86' lang='lat' dir='ltr'>carmine</span> <span class='ocrx_word' id='word_1_407' title='bbox 1870 2164 1924 2206; x_wconf 89' lang='lat' dir='ltr'>ad</span> <span class='ocrx_word' id='word_1_408' title='bbox 1939 2164 2096 2206; x_wconf 87' lang='lat' dir='ltr'>librum</span> <span class='ocrx_word' id='word_1_409' title='bbox 2110 2164 2167 2206; x_wconf 86' lang='lat' dir='ltr'>de</span> 
     </span>
     <span class='ocr_line' id='line_1_82' title="bbox 1282 2227 2168 2281; baseline -0.001 -12"><span class='ocrx_word' id='word_1_410' title='bbox 1282 2228 1522 2269; x_wconf 89' lang='lat' dir='ltr'>Theodosio</span> <span class='ocrx_word' id='word_1_411' title='bbox 1531 2228 1793 2281; x_wconf 86' lang='lat' dir='ltr'>imperatore</span> <span class='ocrx_word' id='word_1_412' title='bbox 1799 2228 2004 2281; x_wconf 81' lang='lat' dir='ltr'>loquens:</span> <span class='ocrx_word' id='word_1_413' title='bbox 2022 2227 2036 2251; x_wconf 87' lang='lat'>‘</span> <span class='ocrx_word' id='word_1_414' title='bbox 2046 2228 2168 2270; x_wconf 90' lang='lat' dir='ltr'>Com-</span> 
     </span>
     <span class='ocr_line' id='line_1_83' title="bbox 1283 2291 2167 2344; baseline 0.001 -13"><span class='ocrx_word' id='word_1_415' title='bbox 1283 2292 1425 2332; x_wconf 88' lang='lat' dir='ltr'>munis</span> <span class='ocrx_word' id='word_1_416' title='bbox 1461 2292 1627 2332; x_wconf 90' lang='lat' dir='ltr'>cunctis</span> <span class='ocrx_word' id='word_1_417' title='bbox 1649 2291 1863 2332; x_wconf 89' lang='lat' dir='ltr'>hominem</span> <span class='ocrx_word' id='word_1_418' title='bbox 1883 2303 1929 2332; x_wconf 89' lang='lat' dir='ltr'>se</span> <span class='ocrx_word' id='word_1_419' title='bbox 1948 2303 2085 2344; x_wconf 79' lang='lat' dir='ltr'>regna</span> <span class='ocrx_word' id='word_1_420' title='bbox 2103 2297 2167 2332; x_wconf 88' lang='lat' dir='ltr'>te-</span> 
     </span>
     <span class='ocr_line' id='line_1_84' title="bbox 1283 2354 2168 2408; baseline 0.001 -13"><span class='ocrx_word' id='word_1_421' title='bbox 1283 2366 1385 2395; x_wconf 88' lang='lat' dir='ltr'>nere</span> <span class='ocrx_word' id='word_1_422' title='bbox 1403 2354 1489 2395; x_wconf 92' lang='lat' dir='ltr'>Sed</span> <span class='ocrx_word' id='word_1_423' title='bbox 1510 2354 1726 2396; x_wconf 88' lang='lat' dir='ltr'>meminit:</span> <span class='ocrx_word' id='word_1_424' title='bbox 1755 2354 1891 2395; x_wconf 86' lang='lat' dir='ltr'>vincit</span> <span class='ocrx_word' id='word_1_425' title='bbox 1914 2355 2014 2395; x_wconf 89' lang='lat' dir='ltr'>hinc</span> <span class='ocrx_word' id='word_1_426' title='bbox 2032 2355 2168 2408; x_wconf 81' lang='lat' dir='ltr'>magis</span> 
     </span>
     <span class='ocr_line' id='line_1_85' title="bbox 1283 2417 2167 2460; baseline 0.001 -1"><span class='ocrx_word' id='word_1_427' title='bbox 1283 2419 1356 2460; x_wconf 90' lang='lat' dir='ltr'>ille</span> <span class='ocrx_word' id='word_1_428' title='bbox 1375 2418 1597 2460; x_wconf 85' lang='lat' dir='ltr'>homines.’</span> <span class='ocrx_word' id='word_1_429' title='bbox 1646 2417 1846 2460; x_wconf 88' lang='lat' dir='ltr'>Sidonius</span> <span class='ocrx_word' id='word_1_430' title='bbox 1877 2418 1920 2458; x_wconf 91' lang='lat' dir='ltr'>in</span> <span class='ocrx_word' id='word_1_431' title='bbox 1949 2419 2167 2460; x_wconf 88' lang='lat' dir='ltr'>Concione</span> 
     </span>
     <span class='ocr_line' id='line_1_86' title="bbox 1284 2482 2169 2536; baseline 0.003 -14"><span class='ocrx_word' id='word_1_432' title='bbox 1284 2482 1357 2524; x_wconf 86' lang='lat' dir='ltr'>lib.</span> <span class='ocrx_word' id='word_1_433' title='bbox 1398 2493 1477 2523; x_wconf 84' lang='lat' dir='ltr'>vn.</span> <span class='ocrx_word' id='word_1_434' title='bbox 1532 2482 1646 2523; x_wconf 89' lang='lat' dir='ltr'>Vide</span> <span class='ocrx_word' id='word_1_435' title='bbox 1682 2482 1837 2534; x_wconf 84' lang='lat' dir='ltr'>Notas,</span> <span class='ocrx_word' id='word_1_436' title='bbox 1874 2487 1921 2523; x_wconf 91' lang='lat' dir='ltr'>et</span> <span class='ocrx_word' id='word_1_437' title='bbox 1951 2494 2083 2536; x_wconf 83' lang='lat' dir='ltr'>supra</span> <span class='ocrx_word' id='word_1_438' title='bbox 2123 2483 2169 2527; x_wconf 88' lang='lat' dir='ltr'>in</span> 
     </span>
    </p>
   </div>
   <div class='ocr_carea' id='block_1_10' title="bbox 1285 2543 2235 2600">
    <p class='ocr_par' dir='ltr' id='par_1_17' title="bbox 1285 2543 2235 2600">
     <span class='ocr_line' id='line_1_87' title="bbox 1285 2543 2235 2600; baseline 0.002 -15"><span class='ocrx_word' id='word_1_439' title='bbox 1285 2545 1475 2586; x_wconf 89' lang='lat' dir='ltr'>Miltiad.</span> <span class='ocrx_word' id='word_1_440' title='bbox 1501 2544 1600 2585; x_wconf 85' lang='lat' dir='ltr'>fine.</span> <span class='ocrx_word' id='word_1_441' title='bbox 1638 2543 1799 2586; x_wconf 71' lang='lat' dir='ltr'>Severo.</span> <span class='ocrx_word' id='word_1_442' title='bbox 1854 2544 2072 2586; x_wconf 79' lang='lat' dir='ltr'>Caeterum</span> <span class='ocrx_word' id='word_1_443' title='bbox 2099 2557 2171 2587; x_wconf 91' lang='lat' dir='ltr'>co·</span> <span class='ocrx_word' id='word_1_444' title='bbox 2222 2593 2235 2600; x_wconf 12' lang='lat' dir='ltr'>p</span> 
     </span>
    </p>
   </div>
   <div class='ocr_carea' id='block_1_11' title="bbox 1282 2609 2173 3538">
    <p class='ocr_par' dir='ltr' id='par_1_18' title="bbox 1285 2609 2173 3046">
     <span class='ocr_line' id='line_1_88' title="bbox 1285 2609 2170 2662; baseline 0.002 -12"><span class='ocrx_word' id='word_1_445' title='bbox 1285 2610 1437 2651; x_wconf 90' lang='lat' dir='ltr'>lebant</span> <span class='ocrx_word' id='word_1_446' title='bbox 1457 2609 1744 2650; x_wconf 86' lang='lat' dir='ltr'>Athenienses</span> <span class='ocrx_word' id='word_1_447' title='bbox 1761 2621 1924 2650; x_wconf 89' lang='lat' dir='ltr'>summo</span> <span class='ocrx_word' id='word_1_448' title='bbox 1933 2609 2035 2662; x_wconf 88' lang='lat' dir='ltr'>jure</span> <span class='ocrx_word' id='word_1_449' title='bbox 2055 2621 2170 2652; x_wconf 83' lang='lat' dir='ltr'>com-</span> 
     </span>
     <span class='ocr_line' id='line_1_89' title="bbox 1287 2672 2172 2726; baseline 0 -12"><span class='ocrx_word' id='word_1_450' title='bbox 1287 2685 1414 2714; x_wconf 86' lang='lat' dir='ltr'>mune</span> <span class='ocrx_word' id='word_1_451' title='bbox 1441 2673 1516 2726; x_wconf 86' lang='lat' dir='ltr'>jus</span> <span class='ocrx_word' id='word_1_452' title='bbox 1546 2672 1839 2725; x_wconf 84' lang='lat' dir='ltr'>humanitatis,</span> <span class='ocrx_word' id='word_1_453' title='bbox 1856 2685 1942 2726; x_wconf 91' lang='lat' dir='ltr'>quo</span> <span class='ocrx_word' id='word_1_454' title='bbox 1967 2673 2070 2713; x_wconf 81' lang='lat' dir='ltr'>civis</span> <span class='ocrx_word' id='word_1_455' title='bbox 2087 2674 2172 2716; x_wconf 86' lang='lat' dir='ltr'>civi</span> 
     </span>
     <span class='ocr_line' id='line_1_90' title="bbox 1286 2735 2171 2789; baseline -0.001 -12"><span class='ocrx_word' id='word_1_456' title='bbox 1286 2749 1312 2777; x_wconf 92' lang='lat' dir='ltr'>a</span> <span class='ocrx_word' id='word_1_457' title='bbox 1330 2736 1494 2778; x_wconf 87' lang='lat' dir='ltr'>civibus</span> <span class='ocrx_word' id='word_1_458' title='bbox 1513 2740 1625 2776; x_wconf 84' lang='lat' dir='ltr'>esset</span> <span class='ocrx_word' id='word_1_459' title='bbox 1639 2735 1892 2785; x_wconf 90' lang='lat' dir='ltr'>communis,</span> <span class='ocrx_word' id='word_1_460' title='bbox 1911 2740 1960 2776; x_wconf 88' lang='lat' dir='ltr'>ut</span> <span class='ocrx_word' id='word_1_461' title='bbox 1980 2735 2171 2789; x_wconf 87' lang='lat' dir='ltr'>loquitur</span> 
     </span>
     <span class='ocr_line' id='line_1_91' title="bbox 1289 2798 2170 2852; baseline 0.001 -10"><span class='ocrx_word' id='word_1_462' title='bbox 1289 2802 1457 2842; x_wconf 86' lang='lat' dir='ltr'>Cicero.</span> <span class='ocrx_word' id='word_1_463' title='bbox 1486 2798 1697 2852; x_wconf 89' lang='lat' dir='ltr'>Apuleius</span> <span class='ocrx_word' id='word_1_464' title='bbox 1722 2799 1767 2839; x_wconf 89' lang='lat' dir='ltr'>in</span> <span class='ocrx_word' id='word_1_465' title='bbox 1797 2798 2038 2852; x_wconf 78' lang='lat' dir='ltr'>Apologia:</span> <span class='ocrx_word' id='word_1_466' title='bbox 2076 2802 2090 2824; x_wconf 80' lang='lat'>⁸</span> <span class='ocrx_word' id='word_1_467' title='bbox 2110 2798 2170 2843; x_wconf 84' lang='lat' dir='ltr'>A-</span> 
     </span>
     <span class='ocr_line' id='line_1_92' title="bbox 1286 2862 2173 2915; baseline -0.002 -10"><span class='ocrx_word' id='word_1_468' title='bbox 1286 2864 1529 2906; x_wconf 84' lang='lat' dir='ltr'>thenienses</span> <span class='ocrx_word' id='word_1_469' title='bbox 1549 2867 1731 2915; x_wconf 89' lang='lat' dir='ltr'>propter</span> <span class='ocrx_word' id='word_1_470' title='bbox 1758 2874 1982 2904; x_wconf 86' lang='lat' dir='ltr'>commune</span> <span class='ocrx_word' id='word_1_471' title='bbox 2002 2862 2076 2915; x_wconf 84' lang='lat' dir='ltr'>jus</span> <span class='ocrx_word' id='word_1_472' title='bbox 2097 2863 2173 2907; x_wconf 85' lang='lat' dir='ltr'>hu-</span> 
     </span>
     <span class='ocr_line' id='line_1_93' title="bbox 1286 2926 2171 2979; baseline -0.001 -10"><span class='ocrx_word' id='word_1_473' title='bbox 1286 2926 1538 2978; x_wconf 82' lang='lat' dir='ltr'>manitatis,&#39;</span> <span class='ocrx_word' id='word_1_474' title='bbox 1571 2929 1651 2967; x_wconf 66' lang='grc' dir='ltr'>ἃς.</span> <span class='ocrx_word' id='word_1_475' title='bbox 1706 2926 1794 2966; x_wconf 90' lang='lat' dir='ltr'>Pro</span> <span class='ocrx_word' id='word_1_476' title='bbox 1827 2926 2051 2979; x_wconf 73' lang='lat' dir='ltr'>communis,</span> <span class='ocrx_word' id='word_1_477' title='bbox 2080 2927 2171 2968; x_wconf 89' lang='lat' dir='ltr'>Au·</span> 
     </span>
     <span class='ocr_line' id='line_1_94' title="bbox 1289 2988 2043 3046; baseline -0.005 -14"><span class='ocrx_word' id='word_1_478' title='bbox 1289 2991 1434 3032; x_wconf 83' lang='lat' dir='ltr'>tonius</span> <span class='ocrx_word' id='word_1_479' title='bbox 1451 2989 1713 3041; x_wconf 80' lang='lat' dir='ltr'>Augustinus</span> <span class='ocrx_word' id='word_1_480' title='bbox 1732 2988 1837 3040; x_wconf 84' lang='lat' dir='ltr'>legit</span> <span class='ocrx_word' id='word_1_481' title='bbox 1849 2989 1980 3029; x_wconf 73' lang='lat' dir='ltr'>comis.</span> <span class='ocrx_word' id='word_1_482' title='bbox 2029 3030 2043 3046; x_wconf 67' lang='lat'>,-</span> 
     </span>
    </p>

    <p class='ocr_par' dir='ltr' id='par_1_19' title="bbox 1282 3051 2173 3480">
     <span class='ocr_line' id='line_1_95' title="bbox 1345 3051 2169 3105; baseline -0.001 -11"><span class='ocrx_word' id='word_1_483' title='bbox 1345 3053 1433 3098; x_wconf 84' lang='lat' dir='ltr'>Quo</span> <span class='ocrx_word' id='word_1_484' title='bbox 1452 3051 1630 3105; x_wconf 69' lang='lat' dir='ltr'>beneficio</span> <span class='ocrx_word' id='word_1_485' title='bbox 1647 3051 1714 3091; x_wconf 74' lang='lat' dir='ltr'>ille</span> <span class='ocrx_word' id='word_1_486' title='bbox 1741 3051 1804 3091; x_wconf 78' lang='lat' dir='ltr'>ati</span> <span class='ocrx_word' id='word_1_487' title='bbox 1832 3051 1976 3103; x_wconf 77' lang='lat' dir='ltr'>noluit]</span> <span class='ocrx_word' id='word_1_488' title='bbox 2021 3051 2169 3093; x_wconf 82' lang='lat' dir='ltr'>Civem</span> 
     </span>
     <span class='ocr_line' id='line_1_96' title="bbox 1289 3114 2173 3169; baseline -0.002 -12"><span class='ocrx_word' id='word_1_489' title='bbox 1289 3121 1434 3157; x_wconf 87' lang='lat' dir='ltr'>tamen</span> <span class='ocrx_word' id='word_1_490' title='bbox 1463 3114 1656 3156; x_wconf 85' lang='lat' dir='ltr'>Atticum</span> <span class='ocrx_word' id='word_1_491' title='bbox 1686 3114 1841 3155; x_wconf 89' lang='lat' dir='ltr'>Cicero</span> <span class='ocrx_word' id='word_1_492' title='bbox 1859 3119 2014 3164; x_wconf 81' lang='lat' dir='ltr'>vocat3</span> <span class='ocrx_word' id='word_1_493' title='bbox 2043 3116 2173 3169; x_wconf 87' lang='lat' dir='ltr'>respi-</span> 
     </span>
     <span class='ocr_line' id='line_1_97' title="bbox 1288 3177 2169 3230; baseline -0.003 -10"><span class='ocrx_word' id='word_1_494' title='bbox 1288 3180 1421 3230; x_wconf 88' lang='lat' dir='ltr'>ciens,</span> <span class='ocrx_word' id='word_1_495' title='bbox 1451 3178 1599 3229; x_wconf 89' lang='lat' dir='ltr'>credo,</span> <span class='ocrx_word' id='word_1_496' title='bbox 1636 3177 1689 3217; x_wconf 88' lang='lat' dir='ltr'>ad</span> <span class='ocrx_word' id='word_1_497' title='bbox 1715 3189 1967 3229; x_wconf 83' lang='lat' dir='ltr'>cognomen,</span> <span class='ocrx_word' id='word_1_498' title='bbox 1996 3189 2080 3219; x_wconf 86' lang='lat' dir='ltr'>non</span> <span class='ocrx_word' id='word_1_499' title='bbox 2115 3178 2169 3218; x_wconf 85' lang='lat' dir='ltr'>ad</span> 
     </span>
     <span class='ocr_line' id='line_1_98' title="bbox 1282 3240 2170 3295; baseline -0.003 -12"><span class='ocrx_word' id='word_1_500' title='bbox 1282 3243 1355 3295; x_wconf 87' lang='lat' dir='ltr'>jus</span> <span class='ocrx_word' id='word_1_501' title='bbox 1371 3242 1588 3291; x_wconf 87' lang='lat' dir='ltr'>civitatis;</span> <span class='ocrx_word' id='word_1_502' title='bbox 1618 3241 1757 3293; x_wconf 87' lang='lat' dir='ltr'>Epist.</span> <span class='ocrx_word' id='word_1_503' title='bbox 1787 3240 1863 3281; x_wconf 88' lang='lat' dir='ltr'>lib.</span> <span class='ocrx_word' id='word_1_504' title='bbox 1890 3252 1924 3281; x_wconf 89' lang='lat'>1.</span> <span class='ocrx_word' id='word_1_505' title='bbox 1943 3244 2008 3280; x_wconf 83' lang='lat'>16.</span> <span class='ocrx_word' id='word_1_506' title='bbox 2028 3245 2074 3281; x_wconf 90' lang='lat' dir='ltr'>et</span> <span class='ocrx_word' id='word_1_507' title='bbox 2091 3241 2170 3281; x_wconf 88' lang='lat' dir='ltr'>lib.</span> 
     </span>
     <span class='ocr_line' id='line_1_99' title="bbox 1288 3301 2170 3354; baseline -0.003 -9"><span class='ocrx_word' id='word_1_508' title='bbox 1288 3317 1339 3346; x_wconf 78' lang='grc' dir='ltr'>η.</span> <span class='ocrx_word' id='word_1_509' title='bbox 1369 3308 1406 3347; x_wconf 91' lang='grc'>1.</span> <span class='ocrx_word' id='word_1_510' title='bbox 1450 3305 1463 3327; x_wconf 73' lang='lat'><strong>⁴</strong></span> <span class='ocrx_word' id='word_1_511' title='bbox 1485 3305 1537 3345; x_wconf 88' lang='lat' dir='ltr'>ln</span> <span class='ocrx_word' id='word_1_512' title='bbox 1565 3304 1625 3344; x_wconf 90' lang='lat' dir='ltr'>eis</span> <span class='ocrx_word' id='word_1_513' title='bbox 1654 3303 1934 3353; x_wconf 87' lang='lat' dir='ltr'>orationibus,</span> <span class='ocrx_word' id='word_1_514' title='bbox 1951 3314 2045 3354; x_wconf 69' lang='lat' dir='ltr'>quse</span> <span class='ocrx_word' id='word_1_515' title='bbox 2065 3301 2170 3342; x_wconf 89' lang='lat' dir='ltr'>Phi-</span> 
     </span>
     <span class='ocr_line' id='line_1_100' title="bbox 1288 3365 2170 3421; baseline -0.003 -12"><span class='ocrx_word' id='word_1_516' title='bbox 1288 3369 1463 3421; x_wconf 81' lang='lat' dir='ltr'>lippicae</span> <span class='ocrx_word' id='word_1_517' title='bbox 1495 3367 1784 3417; x_wconf 89' lang='lat' dir='ltr'>nominantur,</span> <span class='ocrx_word' id='word_1_518' title='bbox 1815 3365 2034 3406; x_wconf 87' lang='lat' dir='ltr'>enituerat</span> <span class='ocrx_word' id='word_1_519' title='bbox 2065 3366 2170 3406; x_wconf 87' lang='lat' dir='ltr'>civis</span> 
     </span>
     <span class='ocr_line' id='line_1_101' title="bbox 1287 3426 2023 3480; baseline -0.007 -7"><span class='ocrx_word' id='word_1_520' title='bbox 1287 3432 1361 3474; x_wconf 89' lang='lat' dir='ltr'>ille</span> <span class='ocrx_word' id='word_1_521' title='bbox 1380 3437 1479 3472; x_wconf 88' lang='lat' dir='ltr'>tuus</span> <span class='ocrx_word' id='word_1_522' title='bbox 1501 3426 1841 3480; x_wconf 58' lang='lat' dir='ltr'>Demosthenes?</span> <span class='ocrx_word' id='word_1_523' title='bbox 1869 3426 2023 3468; x_wconf 73' lang='lat' dir='ltr'>Schott.</span> 
     </span>
    </p>

    <p class='ocr_par' dir='ltr' id='par_1_20' title="bbox 1342 3490 2168 3538">
     <span class='ocr_line' id='line_1_102' title="bbox 1342 3490 2168 3538; baseline -0.004 -2"><span class='ocrx_word' id='word_1_524' title='bbox 1342 3493 1491 3536; x_wconf 76' lang='lat' dir='ltr'>Amitti</span> <span class='ocrx_word' id='word_1_525' title='bbox 1522 3492 1721 3538; x_wconf 77' lang='lat' dir='ltr'>civitatem</span> <span class='ocrx_word' id='word_1_526' title='bbox 1750 3490 1966 3531; x_wconf 76' lang='lat' dir='ltr'>Romanam</span> <span class='ocrx_word' id='word_1_527' title='bbox 1990 3492 2070 3532; x_wconf 81' lang='lat' dir='ltr'>alia</span> <span class='ocrx_word' id='word_1_528' title='bbox 2099 3493 2168 3533; x_wconf 80' lang='lat' dir='ltr'>ad-</span> 
     </span>
    </p>
   </div>
  </div>
 </body>
</html>
