2306 3900
327 246 435 299 700

326 377 599 430 sepulchrum
629 377 813 418 moriens
846 379 999 420 tenuit.
1065 381 1207 423 Quam

326 446 374 483 et
399 450 632 482 mmmm
667 450 840 483 120va
861 443 1006 483 vocari
1039 442 1083 484 in
1099 448 1206 486 vett.

703 260 883 300 No'rAE
924 260 1259 302 VARIORUM
1302 263 1368 302 IN
1412 264 1462 302 C.
1501 265 1769 305 NEPOTIS

1273 357 1638 435 inscriptionibus,
1647 383 1917 436 literatisque
1925 384 2156 441 lapidibus,

1275 445 1618 488 animadvertere
1637 447 1753 489 licet.
1785 447 1911 491 Idem.

864 924 1638 993 FRAGMENTA.

486 1116 844 1162 Canourconmu
874 1117 972 1159 Lrn.
999 1128 1033 1158 1.

378 1208 417 1250 Ι.
453 1208 571 1250 Vixit
599 1210 816 1262 Homerus]
855 1210 955 1251 Non
985 1215 1086 1251 sunt
1111 1211 1205 1251 haec

323 1270 420 1323 ipsa
449 1271 600 1323 Gellii,
648 1272 807 1315 nedum
839 1273 1027 1327 Nepotis
1061 1273 1207 1326 verba,

323 1333 400 1374 sed
446 1347 471 1375 a
518 1335 697 1376 Schotto
743 1337 933 1389 paullum
967 1336 1206 1378 immutata.

324 1397 552 1440 Quomodo
582 1403 630 1439 et
659 1399 703 1439 in
730 1400 1006 1453 sequentibus
1023 1400 1208 1442 subinde

323 1466 518 1502 veterum
544 1463 801 1515 scriptorum
827 1462 957 1515 ῥήσεις
984 1463 1114 1505 aliter
1142 1464 1207 1505 in·

323 1523 462 1576 flexit,
479 1530 554 1566 aut
573 1524 627 1566 e'x
646 1526 710 1575 iis,
743 1539 840 1580 quae
873 1532 1207 1580 praeccsserant,

324 1588 573 1640 supplevit;
604 1589 763 1630 alicubi
781 1595 827 1630 et
850 1589 906 1630 de
925 1602 1003 1630 suo
1023 1589 1208 1642 addidit,

323 1663 420 1704 qnae
440 1663 646 1706 nusquam
666 1653 896 1705 apudvillos
915 1654 1106 1707 reperire
1124 1660 1207 1695 est.

323 1713 472 1757 Verba
502 1716 637 1758 Gellii
678 1717 732 1758 de
761 1717 942 1759 Homeri
979 1722 1111 1759 aetate
1144 1718 1208 1759 sic

321 1779 509 1822 habent:
556 1781 658 1822 ‘De
695 1781 890 1824 Homero
923 1787 970 1824 et
1013 1783 1207 1825 Hesiodo

321 1842 438 1884 inter
455 1855 603 1885 omnes
632 1842 726 1886 fere
750 1846 964 1898 constitit,
980 1852 1207 1900 utrumqne

322 1912 426 1948 ante
446 1907 624 1949 Romam
642 1908 858 1950 conditam
871 1909 1045 1962 vixisse,
1062 1911 1208 1952 Silviis

322 1968 450 2012 Albae
469 1972 767 2024 regnantibus,
790 1973 911 2014 annis
934 1978 1034 2027 post
1047 1974 1208 2015 bellum

321 2034 552 2087 'trojanum
571 2037 667 2089 plus
684 2047 725 2077 c.
750 2041 798 2078 et
813 2047 889 2079 nx.
902 2042 1006 2079 ante
1026 2038 1208 2079 Romam

321 2102 469 2139 autem
487 2098 719 2147 conditam,
739 2105 788 2141 ut
815 2101 1039 2142 Cornelius
1056 2102 1208 2155 Nepos

319 2161 365 2200 in
403 2162 542 2214 primo
579 2162 887 2205 Chronicorum
924 2165 982 2206 de
1016 2165 1208 2207 Homero

324 2224 454 2278 dixit,
469 2227 590 2267 annis
608 2226 784 2268 circiter
803 2238 844 2269 c.
866 2232 912 2268 et
931 2227 1022 2270 nx?
1047 2228 1207 2270 Rosius.

378 2288 597 2341 Homerus]
625 2289 694 2329 De
727 2301 813 2341 quo
843 2290 944 2330 olim
973 2289 1106 2331 Plato
1123 2291 1209 2331 cla·

322 2350 497 2391 mahat:
527 2349 685 2403 ἄριστος
701 2350 767 2391 καὶ
785 2349 985 2393 Gelon-aros
999 2354 1078 2392 τῶν
1097 2366 1207 2400 rom·

323 2415 414 2470 ruiis«.
428 2413 686 2455 Aristoteles
699 2428 710 2455 :
725 2413 1124 2469 Θεσπέσιος”ομηρος
1133 2430 1208 2456 πα-

321 2475 371 2528 ρὰ
386 2474 480 2518 τοὺς
496 2475 656 2519 ἄλλους.
713 2477 771 2518 Et
800 2477 924 2519 addit
945 2479 1076 2520 alibi:
1104 2478 1209 2531 λέξει

322 2538 388 2580 καὶ
406 2538 553 2598 διανοίᾳ
570 2539 720 2582 πάντας
742 2540 998 2595 ὑπερβέβηκε.
1059 2543 1208 2584 Vitam

323 2605 416 2658 ejus
464 2605 726 2658 conscripsit
766 2606 1031 2647 Herodotus.
1087 2606 1210 2660 Lege

324 2670 455 2710 etiam
487 2670 768 2712 Plutarchum
789 2669 844 2710 de
862 2674 956 2711 arte
988 2670 1081 2723 ejus
1099 2669 1211 2711 Poe-

324 2733 427 2786 tica‚
465 2735 654 2775 Dionem
702 2734 1070 2787 chrysostomum,
1117 2734 1210 2775 Sui·

323 2798 439 2851 dam,
457 2798 734 2851 Strabonem,
750 2798 1078 2852 Quintilianum,
1090 2799 1209 2840 alios.

326 2861 636 2901 Constantinus
673 2860 870 2901 Lascar-is
902 2859 955 2901 εἷς
989 2860 1060 2901 τὸν
1081 2859 1211 2911 ’Ὄμη-

323 2934 404 2974 ρον·
438 2920 532 2965 Διὸς
563 2921 738 2974 ἔκγονος,
771 2921 928 2976 ἔδρακεν
960 2923 1064 2965 ὅσσα
1099 2926 1210 2977 Γαῖα,

325 2985 529 3038 θάλασσα,
547 2985 635 3039 ἀὴρ,
649 2985 807 3039 οὐρανὸς
826 2986 935 3028 ἐντὸς
962 2987 1062 3039 ἔχει.

379 3051 488 3093 Ante
506 3052 674 3093 Romam
700 3051 898 3093 conditam
920 3052 1038 3092 annis
1054 3052 1213 3094 circiter

326 3128 368 3159 c.
387 3123 428 3159 et
443 3118 540 3170 ιι]
576 3117 686 3159 Haec
706 3117 895 3159 Cornelii
912 3117 1099 3171 Nepotis
1119 3129 1214 3158 sen-

324 3180 464 3221 tentia
500 3179 601 3232 fuit,
637 3192 764 3233 quem
792 3181 985 3234 sequitur
1011 3180 1213 3222 Sosimus.

328 3242 429 3281 Non
449 3248 591 3283 tamen
614 3242 738 3295 dicit,
770 3242 897 3283 rebus
927 3243 1120 3283 humanis
1138 3255 1213 3283 ex-

326 3305 503 3346 cessisse
523 3310 590 3347 tot
609 3306 728 3346 annis
760 3311 863 3347 ante
882 3305 1045 3347 Urbem
1064 3306 1211 3347 condi·

328 3372 433 3418 tem,
467 3367 544 3406 sed
579 3367 749 3408 vixisse.
806 3369 903 3410 Nec
938 3368 1052 3409 enim
1088 3373 1211 3421 puto,

329 3429 385 3471 de
405 3441 515 3471 anno
548 3430 805 3482 constitisse,
829 3443 912 3485 quo
931 3432 1051 3474 obiit.
1108 3432 1210 3473 Cas-

332 3493 418 3535 sius
446 3492 491 3535 in
516 3490 752 3534 Annalibus
771 3493 826 3535 de
847 3495 1039 3536 Homero
1059 3501 1103 3537 et
1122 3495 1210 3536 He-

1271 1095 1390 1138 siodo
1409 1094 1618 1148 scriptum
1633 1093 1884 1147 reliquerat,
1903 1092 2060 1135 vixisse
2081 1102 2155 1135 eos

1273 1158 1397 1200 aunis
1435 1159 1533 1211 plus
1567 1162 1743 1198 centurn
1773 1161 1906 1210 atque
1936 1156 2160 1209 sexaginta

1272 1227 1374 1276 post
1403 1222 1565 1263 bellum
1602 1220 1854 1273 Trojanum.
1907 1218 2045 1272 Atqui
2080 1218 2159 1259 du-

1274 1288 1414 1329 centis
1433 1291 1479 1329 et
1496 1285 1776 1339 septuaginta
1807 1285 1904 1337 plus
1933 1283 2056 1324 annis
2086 1294 2159 1324 eos

1273 1351 1428 1393 vixisse
1465 1354 1640 1404 oportet
1676 1355 1779 1403 post
1817 1347 1977 1389 bellum
2009 1347 2159 1400 Troja-

1273 1425 1376 1455 num
1395 1429 1407 1456 τ
1434 1413 1643 1468 siquidem
1662 1411 1785 1454 annis
1799 1411 1975 1453 circiter
1992 1421 2032 1453 c.
2051 1417 2098 1453 et
2118 1421 2159 1452 1..

1274 1481 1376 1518 ante
1395 1475 1561 1518 Urbem
1589 1474 1805 1517 conditam
1828 1473 1967 1514 fuere.
2021 1472 2161 1515 Idcir-

1274 1551 1326 1581 co
1357 1538 1530 1592 Lipsius
1563 1536 1866 1590 corrigendum
1903 1537 1947 1578 in
1986 1535 2159 1590 Agellio

1273 1601 1510 1648 indicabat,
1539 1603 1631 1653 plus
1648 1600 1831 1642 ducentis
1842 1604 1957 1653 atque
1974 1599 2161 1652 sexagin-

1274 1668 1332 1704 ta.
1387 1662 1475 1704 Sed
1489 1663 1594 1703 nibil
1609 1673 1800 1702 necesse.
1842 1660 2005 1715 Opinio
2023 1662 2163 1704 Cassii

1272 1725 1379 1767 nihil
1409 1737 1633 1767 commune
1662 1724 1813 1765 habuit
1842 1735 1939 1765 cum
1977 1725 2163 1778 Nepotis

1274 1788 1507 1830 sententia.
1563 1787 1646 1828 Ille
1665 1787 1808 1840 paullo
1839 1787 1936 1840 plus
1964 1799 2094 1841 quem
2122 1798 2165 1830 ο»

1274 1857 1320 1893 et
1352 1862 1428 1893 Lx.
1461 1850 1583 1892 annis
1600 1854 1698 1903 post
1715 1850 1886 1902 'l‘rojam
1905 1853 2079 1904 ceptam
2096 1848 2163 1890 fu·

1273 1916 1357 1957 isse
1392 1914 1632 1957 Homerum
1677 1914 1829 1965 voluit,
1873 1913 1944 1954 hic
1985 1913 2163 1955 circiter

1274 1980 1398 2021 annis
1432 1989 1473 2021 c.
1505 1983 1551 2020 et
1577 1989 1651 2019 rx.
1679 1983 1783 2019 ante
1812 1977 1992 2019 Romam
2016 1976 2164 2019 condi-

1273 2047 1379 2083 tam.
1453 2042 1573 2083 Huic
1610 2041 1911 2095 supputationi
1946 2041 2161 2082 calculum

1275 2105 1444 2147 addunt
1458 2110 1506 2147 et
1521 2116 1774 2147 consensum
1792 2114 1940 2145 omnes
1958 2103 2053 2146 fere
2081 2106 2164 2146 Le·

1275 2169 1356 2210 tini
1379 2169 1640 2222 Scriptores.
1698 2168 1866 2208 Plinius
1897 2167 1974 2208 lib.
1994 2177 2078 2210 vn.
2097 2170 2166 2210 1³.

1275 2233 1289 2255 ‘
1306 2232 1336 2274 J
1340 2245 1408 2272 am
1439 2244 1543 2273 vero
1580 2236 1681 2272 ante
1719 2242 1852 2272 annos
1877 2241 2015 2283 prope
2045 2230 2162 2273 mille

1275 2300 1397 2336 vates
1416 2295 1490 2335 ille
1523 2295 1739 2335 Homerus
1758 2305 1845 2334 non
1870 2293 2058 2334 cessavit
2084 2293 2162 2334 mi-

1275 2370 1382 2398 nora
1401 2370 1586 2411 corpora
1616 2356 1857 2396 mortalium
1872 2366 1999 2409 quem
2019 2355 2164 2407 prisea

1275 2421 1510 2475 conqueri.'
1563 2419 1795 2461 Scribebat
1810 2419 1886 2460 ille
1905 2429 2016 2459 anno
2032 2418 2163 2459 Urbis

1275 2482 1635 2537 octingentesimo
1687 2481 1922 2534 trigesimo.
1993 2479 2163 2523 Quibus

1275 2549 1311 2590 si
1331 2547 1465 2589 addas
1494 2553 1669 2588 centum
1689 2549 1735 2586 et
1763 2545 1988 2597 sexaginte
2015 2554 2164 2596 annos,

1275 2617 1378 2653 ante
1397 2610 1560 2652 Urbem
1594 2607 1824 2660 conditam,
1853 2617 1938 2660 quo
1969 2613 2164 2660 tempore

1275 2674 1469 2716 floruisse
1484 2674 1698 2715 Homerus
1717 2670 1931 2724 proditur,
1947 2669 2058 2712 fient
2065 2671 2165 2711 anni

1274 2738 1507 2791 nonaginta
1527 2742 1573 2778 et
1592 2734 1815 2787 nongenti.
1858 2733 1932 2775 Sic
1949 2733 2046 2774 suni
2065 2738 2166 2774 sunt

1276 2813 1412 2855 prope
1440 2799 1557 2842 mille
1577 2799 1630 2840 ab
1648 2802 1781 2839 aetate
1802 2796 1987 2838 Homeri
2004 2794 2059 2837 ad
2077 2795 2167 2837 Pli-

1275 2865 1407 2906 nium.
1463 2861 1715 2906 Juvenalis:
1743 2861 1904 2914 ‘atque
1935 2859 2009 2900 uni
2046 2857 2165 2900 cedit

1278 2926 1470 2967 Homero
1483 2925 1676 2976 Propter
1691 2922 1808 2962 mille
1828 2920 1988 2963 nonos?
2023 2922 2163 2963 Vetus

1275 2988 1538 3029 Scholiastes
1569 2998 1580 3026 z
1625 2987 1638 3008 ⁴
1659 2984 1932 3024 dinumerato
1967 2987 2165 3037 tempore

1276 3051 1460 3092 fortasse
1478 3059 1617 3101 nsque
1634 3047 1688 3088 ad
1708 3051 1884 3088 oetatem
1899 3059 2036 3098 suam,
2053 3046 2163 3088 Ροδ-

1280 3120 1326 3156 ta
1345 3113 1474 3165 dixit,
1491 3112 1611 3153 mille
1630 3121 1767 3151 annos
1787 3108 1960 3151 fluxisse
1976 3121 2032 3150 ex
2057 3115 2164 3151 tem·

1279 3189 1387 3232 pore
1402 3176 1599 3217 Homeri.
1655 3173 1757 3214 Fuit
1783 3178 1925 3213 autem
1956 3172 2164 3213 Homerus

1281 3241 1403 3282 annis
1431 3243 1532 3279 ante
1558 3235 1720 3276 Urbem
1749 3234 2163 3275 conditam·ceutum

1277 3302 1538 3356 sexaginta:
1581 3304 1680 3353 post
1715 3298 1843 3339 Ilium
1873 3301 2051 3349 ceptum
2089 3297 2167 3338 du-

1278 3366 1416 3409 centis
1435 3361 1691 3416 sexaginta?
1723 3360 1898 3412 Scripta
1916 3359 1990 3399 illa
2006 3359 2165 3414 Satyra

1279 3444 1304 3472 a
1327 3428 1552 3478 Juvenale,
1583 3424 1664 3466 sub
1694 3423 1862 3464 initium
1898 3423 2081 3476 Nervoe,
2102 3423 2166 3464 vi·

1278 3494 1384 3548 giuti
1418 3490 1593 3533 circiter
1625 3486 1746 3528 annis
1773 3490 1871 3539 post
1890 3485 2019 3527 Plinii
2042 3498 2164 3539 opus.
