2306 3900
259 237 367 291 632

259 371 392 413 millia
429 377 475 411 et
514 372 740 424 quingenti
775 371 974 425 quinque.
1031 372 1140 412 Post

260 434 340 476 hoc
350 433 568 487 praedixit,
578 434 658 474 sibi
669 433 860 475 funditus
874 434 1139 487 poseimdum

261 509 369 545 esse,
401 496 437 535 si
465 495 604 536 adhuc
627 507 710 537 nno
735 498 886 550 praelio
910 498 1140 539 Terrarum

261 558 470 600 Dominus
497 559 683 600 vicisset.
722 561 947 601 Plutarch.
977 561 1142 602 Florus.

260 622 423 673 Tertio,
467 634 612 663 rursus
645 623 801 664 bellum
840 624 1066 674 instaurat,
1098 624 1142 663 in

263 696 346 736 quo
367 684 524 735 victus,
543 690 588 724 et
614 697 638 724 a
659 684 790 726 Curio
811 686 997 727 Consule
1015 685 1145 726 Italia

260 747 405 800 pulsus
432 751 513 788 est.
567 745 645 787 Ait
669 747 921 800 PausaniaS,
943 748 1144 789 Graecum

262 810 476 851 neminem
507 816 607 851 ante
636 810 864 862 Pyrrhum,
884 810 1040 851 bellum
1061 811 1146 851 Ro·

258 886 388 915 mano
425 873 607 926 imperio
643 873 866 920 intulisse„
923 872 1051 916 Quod
1090 872 1145 912 de

263 949 369 978 vera
387 937 461 976 illa
487 949 537 977 ac
552 936 704 977 Veteri
720 936 895 978 Graecia
909 935 1146 988 intelligen-

262 1000 376 1040 dum.
434 1000 546 1039 Nam
571 1003 697 1040 antea
715 1011 812 1041 cum
836 999 982 1039 multis
1006 998 1146 1040 Italiae

264 1063 434 1105 Graecis
471 1062 657 1115 populis,
689 1068 734 1103 et
761 1062 868 1114 ipsis
899 1062 1147 1104 Tarentinis

264 1126 449 1168 Romani
469 1124 772 1166 conflixerunt.
810 1125 1008 1168 Kenchen.

317 1189 453 1241 Argos
480 1189 660 1242 oppidum
691 1189 735 1228 in
765 1187 1042 1241 Peloponneso]
1094 1187 1148 1228 Iu

265 1254 400 1307 Argia
430 1254 618 1306 regione.
665 1253 853 1294 Ptolem.
915 1253 1018 1294 Duo
1050 1257 1149 1292 sunt

267 1317 410 1359 Plinio
438 1317 483 1357 in
508 1317 589 1357 hoc
609 1321 750 1357 tractu
768 1316 929 1370 oppida
943 1316 1147 1368 homony-

266 1392 351 1430 ma,
370 1380 552 1420 alterum
584 1379 812 1431 Hippiam,
831 1380 1014 1420 alterum
1042 1379 1149 1430 Dip-

267 1443 392 1484 sium.
451 1441 578 1485 Quod
612 1439 838 1493 πολυδίψιον
869 1453 923 1482 ex
956 1440 1148 1482 Homero

268 1515 396 1549 vocat
429 1507 597 1548 Strabo.
653 1506 784 1559 Apud
809 1506 1071 1558 Stephanum
1102 1511 1149 1545 et

267 1571 524 1612 Pausaniam
557 1569 713 1611 dicitur
740 1567 961 1622 φορῶνιιιον,
991 1574 1037 1609 et
1067 1569 1148 1608 hoc

269 1634 451 1687 primum
488 1638 534 1674 et
569 1633 802 1685 genuinum
838 1644 1007 1673 nomen.
1061 1631 1150 1672 Ubi

268 1702 314 1737 et
332 1695 441 1737 ῖάσον
461 1695 635 1749 ponitur
657 1707 737 1747 pro
765 1694 989 1748 Hippium.
1036 1693 1152 1735 Vide

270 1760 503 1802 Ortelium.
1137 1752 1149 1763 Χ

322 1823 475 1876 Lapide
511 1823 616 1862 ictus
644 1822 820 1873 interiit]
874 1821 1153 1871 Plutarchus,

272 1885 526 1935 Pausanias,
545 1885 793 1938 Polyaenus,
809 1885 982 1936 Strabo,
1000 1888 1046 1925 et
1063 1882 1151 1924 Au-

270 1955 367 1991 ctor
397 1950 452 1990 de
475 1949 566 1990 Vir.
595 1949 737 1990 Illust.
766 1948 948 2002 κεραμίδα
978 1947 1067 1989 sive
1095 1952 1154 1988 te·

267 2014 401 2064 gulam
430 2018 602 2054 vocant.
659 2013 883 2055 Quomodo
902 2011 1084 2053 Ovidius
1109 2011 1155 2051 in

272 2077 401 2118 Ibin:
429 2076 441 2098 ‘
463 2076 553 2117 Aut
581 2083 631 2116 ut
656 2075 943 2118 Achilleidem
970 2078 1155 2128 cognato

267 2142 442 2182 nomine
472 2142 636 2182 clarum
657 2141 890 2194 Opprimat
917 2139 1061 2181 hostili
1091 2145 1155 2179 te·

269 2205 374 2257 gula
385 2205 509 2256 jacta
526 2203 679 2244 manu.’
709 2203 939 2255 Polyaenus
959 2202 1039 2242 lib.
1055 2212 1155 2241 vm.

274 2272 401 2308 testae
437 2268 527 2307 ictu
563 2266 855 2308 exanimatum
881 2261 1043 2305 refert:
1091 2265 1156 2314 ἐμ-

272 2329 470 2379 πεσούσης
500 2330 562 2370 ἐπὶ
587 2330 661 2378 τὴν
691 2328 868 2381 κεφαλὴν
893 2329 1014 2368 αὐτοῦ
1046 2342 1156 2379 κερα-

195 2398 207 2408 ’
272 2395 392 2446 μίδος.
448 2395 558 2437 Quae
578 2393 711 2434 verba
731 2393 1014 2445 reperiuntur
1041 2389 1155 2442 apud

276 2458 573 2499 Plutarchum.
601 2456 686 2498 Sed
709 2454 894 2508 Nepotis
911 2454 1155 2506 opinionem

275 2521 451 2562 roborat
475 2521 635 2561 Paulus
653 2519 874 2560 Diaconos
902 2517 980 2559 lib.
1005 2527 1056 2557 11.
1087 2520 1156 2558 20.

274 2586 286 2608 ‘
303 2583 437 2637 Apud
457 2583 598 2636 Argos
619 2581 797 2623 Achatae
815 2579 1158 2622 florentissimam

276 2646 440 2689 Urbem
472 2645 674 2699 Spartani
706 2644 827 2696 regni
856 2642 1065 2684 aviditate
1093 2653 1157 2682 se-

273 2713 453 2764 ductus,
475 2724 575 2752 saxo
603 2711 712 2751 ictus
739 2708 968 2751 occubuit!
1016 2707 1160 2748 Verbo

277 2783 402 2818 tenus
433 2775 667 2828 descripsit
701 2774 904 2815 Orosium
932 2772 1004 2813 lib.
1023 2784 1086 2813 lv.
1117 2775 1158 2813 2.

277 2841 475 2883 ,Iustinus
513 2838 585 2879 lib.
614 2841 801 2878 xxv.-5.
858 2838 870 2859 ‘
889 2836 1103 2888 Repulsus
1135 2847 1162 2874 a

279 2902 503 2955 Spartanis
529 2901 737 2953 Pyrrhus,
764 2897 903 2950 Argos
931 2897 1070 2950 petit:
1099 2896 1161 2937 ibi

279 2965 380 3006 dum
400 2964 666 3015 Antigonum
686 2962 729 3002 in
749 2960 856 3002 urbe
881 2959 1068 3000 clausum
1088 2970 1161 2998 ex-

279 3040 472 3082 pugnare
486 3032 683 3071 conatur,
694 3025 808 3065 inter
823 3022 1162 3064 confertissimos

284 3091 584 3132 violentissime
602 3088 828 3138 dimicans,
841 3097 944 3126 saxo
963 3085 1017 3125 de
1035 3085 1163 3125 muris

279 3154 391 3194 ictus
410 3150 656 3204 occiditur!
691 3150 901 3191 Zonaras:
935 3145 1165 3200 Πύῤῥοςμὲν

281 3214 350 3256 οὖν
377 3213 687 3267 ἐπιφανέστατος
721 3213 764 3252 ἐν
791 3212 1028 3263 στρατηγοῖς
1054 3208 1163 3260 γενό-

280 3292 408 3327 μενος,
448 3278 510 3318 ἐπὶ
543 3277 618 3325 τὴν
643 3274 820 3317 Ἐλλάδα
844 3271 1086 3327 στρατεύσας
1120 3272 1166 3314 οὐ

282 3341 421 3389 πολλῷ
452 3341 611 3392 ὕστερον
639 3341 680 3379 ἐν
701 3339 836 3391 Ἀργει
861 3335 1038 3379 ἀπέθανε.
1066 3335 1165 3386 γυνὴ

280 3401 362 3455 γάρ
386 3417 461 3452 τις,
484 3403 533 3442 ὡς
561 3401 680 3452 λόγος
708 3402 808 3454 ἔχει,
833 3400 1019 3454 παριόντα
1047 3399 1167 3441 αὐτὸν

283 3469 377 3524 όρᾷν
384 3467 461 3511 ἀπὸ
473 3467 544 3508 τοῦ
551 3466 690 3517 τέγους
706 3465 984 3519 ἐπιθυμήσασα,
995 3463 1167 3518 ἐσφάλη,

644 253 823 291 NOTAE
867 253 1198 292 VARIORUM
1242 254 1305 293 IN
1349 256 1399 293 C.
1439 255 1701 292 NEPOTIS

1200 371 1266 413 καὶ
1294 372 1517 422 ἐμπεσοῦσα
1543 371 1750 423 διέφθειρεν
1776 369 1906 412 αὐτόν.
1955 371 2085 412 Gelan.

1203 434 1300 475 Non
1348 434 1554 475 absimilis
1591 434 1675 474 fuit
1723 433 1972 475 Mardonius
2004 434 2083 475 s·-

1203 501 1368 550 trapes,
1398 497 1550 538 eodem
1571 497 1721 538 mortis
1753 509 1912 550 genere
1940 497 2087 537 exani-

1202 565 1357 614 matus,
1387 566 1435 602 ut
1465 561 1597 602 tradit
1621 562 1664 601 in
1693 560 1890 602 Aristide
1910 561 2083 601 Plutar-

1204 624 1322 664 chus.
1359 624 1475 665 Hinc
1494 625 1807 665 Lacedaemonii
1825 623 2088 676 τειχομαχίας

1202 685 1517 739 improbarunt,
1563 687 1677 741 quod
1721 687 1764 728 in
1817 688 1902 728 illis
1942 688 2015 728 vel
2059 699 2087 728 a

1204 749 1381 790 muliere
1399 749 1466 790 vir
1483 749 1799 791 interficeretur
1811 749 2087 790 fortissimus.

1257 810 1411 852 Siculus
1423 825 1439 859 ,·
1485 812 1699 864 Dionysius
1731 810 1862 864 prior]
1903 811 2087 864 Optima

1206 872 1396 914 narratio
1415 878 1462 913 et
1478 872 1729 914 brevissima
1757 873 1814 914 de
1834 874 1922 914 vita
1947 879 1996 914 et
2022 886 2087 915 re-

1207 936 1286 976 bus
1307 935 1437 986 gestis
1456 935 1654 987 Dionysii
1673 941 1820 976 exstat
1833 935 1949 988 apud
1967 936 2088 979 Cice—

1209 1011 1356 1040 ronem
1374 999 1418 1040 in
1439 1012 1480 1040 v.
1496 999 1752 1041 Tusculana.
1783 997 1943 1041 Confer
1954 999 2091 1042 Juni-

1209 1075 1311 1104 num
1331 1074 1412 1104 xx.

1265 1127 1434 1167 Minime
1443 1126 1689 1180 libidinosus]
1713 1125 1869 1167 Cicero
1886 1139 1897 1166 :
1925 1124 1939 1149 ‘
1954 1124 2092 1178 Atqui

1211 1190 1266 1231 de
1284 1190 1365 1231 hoc
1390 1190 1563 1232 homine
1583 1201 1609 1230 a
1626 1190 1747 1231 bonis
1765 1187 2011 1230 auctoribus
2029 1188 2091 1228 sic

1212 1254 1422 1306 scriptum
1449 1253 1709 1305 accepimus,
1733 1264 1940 1293 summam
1958 1249 2090 1292 finisse

1208 1318 1302 1370 ejus
1334 1317 1378 1357 in
1399 1316 1519 1357 victu
1541 1315 1889 1368 temperantiam,
1906 1325 2090 1367 eumque

1210 1382 1254 1420 in
1291 1380 1420 1421 rebus
1459 1378 1674 1431 gerendis,
1711 1379 1847 1419 virum
1872 1389 2011 1418 acrem
2045 1381 2094 1417 et

1209 1444 1488 1484 industrium:
1503 1442 1686 1483 eundem
1699 1447 1840 1483 tamen
1855 1440 2093 1482 maleficum

1211 1513 1365 1548 natura
1383 1513 1430 1547 et
1447 1504 1684 1559 injustum.’

1267 1570 1329 1610 Ob
1342 1579 1501 1622 eumque
1513 1580 1596 1609 rem
1607 1567 1793 1620 crudelis]
1810 1567 2094 1621 Suspiciosus.

1212 1635 1331 1687 Lege
1350 1633 1631 1674 Plutarchum
1649 1631 1691 1672 in
1706 1632 1866 1672 Dione.

1267 1698 1354 1738 Hic
1370 1709 1459 1737 cum
1482 1697 1631 1737 virtute
1657 1695 1903 1748 tyrannidem
1926 1694 2005 1736 sibi
2029 1708 2095 1748 pe·

1210 1761 1395 1815 perisset]
1451 1760 1561 1801 Post
1595 1760 1768 1810 longam
1802 1758 2095 1799 narrationem

1214 1829 1475 1878 comparatae
1523 1836 1550 1864 a
1583 1822 1793 1875 Dionysio
1838 1821 2098 1875 tyrannidis,

1214 1888 1308 1929 haec
1324 1887 1500 1929 tandem
1516 1885 1662 1928 subdit
1677 1885 1892 1927 Diodorus
1903 1885 1983 1926 lib.
1993 1895 2099 1926 xm.

1216 1950 1329 1992 Μετὰ
1371 1947 1415 1990 δὲ
1447 1949 1575 1990 ταῦτα
1601 1948 1833 2000 συναγαγὼν
1870 1947 2097 1996 ἐκκλησίαν,

1215 2012 1308 2054 τοὺς
1342 2010 1644 2066 ἄντιπράξαντας
1678 2013 1784 2063 αὐτῷ·
1812 2013 1892 2052 τῶν
1930 2013 2097 2052 swern-

1215 2077 1346 2118 τάτων
1381 2075 1511 2126 ὄντας,
1546 2078 1745 2129 Δαφναῖον
1781 2075 1847 2116 καὶ
1885 2074 2098 2128 Δήμαρχον

1216 2143 1360 2184 ἀνεῖλε.
1389 2139 1590 2183 Διονύσιος
1606 2139 1678 2191 μὲν
1689 2138 1758 2182 οὖν
1769 2140 1815 2180 ἐκ
1831 2137 2100 2192 γραμματέως,

1216 2206 1282 2247 καὶ
1312 2207 1385 2247 τοῦ
1413 2203 1603 2256 τυχόντος
1622 2203 1788 2255 ἰδιώτου,
1813 2204 1886 2252 τῆς
1911 2202 2101 2254 μεγίστης

1217 2267 1366 2310 πόλεως
1394 2270 1475 2309 τῶν
1503 2267 1737 2316 Ἑλληνίδων
1768 2264 1931 2317 ἐγενήθη
1959 2263 2098 2317 τύραν-

1219 2347 1296 2374 νος.
1351 2331 1437 2372 Adi
1458 2330 1794 2371 Demosthenem
1814 2330 1859 2370 iu
1889 2327 2100 2369 Oratione

1217 2396 1311 2449 πρὸς
1324 2394 1526 2443 Λεπτίνην.

1273 2459 1480 2510 qu'orque
1505 2469 1626 2497 annos
1650 2455 1861 2507 sexaginta
1885 2458 2016 2505 nanas,
2033 2455 2102 2494 de·

1218 2522 1354 2574 cessit]
1399 2521 1551 2561 Tradit
1567 2518 1681 2560 Plin.
1695 2519 1769 2560 lib.
1781 2530 1865 2560 vn.
1878 2521 1946 2558 54.
1960 2517 2099 2570 ipsum

1220 2597 1313 2638 pree
1359 2583 1513 2636 gaudio
1557 2581 1659 2622 vitae
1701 2591 1944 2632 supremum
1989 2578 2102 2619 diem

1221 2647 1393 2688 obiisse.
1421 2644 1568 2687 Verba
1581 2648 1706 2685 sunt:
1730 2649 1740 2666 ‘
1758 2642 1928 2684 Gaudio
1941 2639 2105 2691 obiere,

1223 2714 1385 2762 praeter
1428 2707 1666 2757 Chilonem,
1697 2705 1750 2745 de
1789 2716 1875 2757 quo
1907 2703 2106 2754 diximus,

1221 2772 1472 2825 Sophocles,
1486 2775 1532 2811 et
1546 2767 1779 2821 Dionysius
1790 2766 1946 2808 Siciliae
1961 2771 2107 2819 tyran-

1222 2847 1317 2887 nus,
1326 2839 1510 2887 uterque
1523 2838 1708 2885 accepto
1723 2831 1900 2884 tragicas
1914 2828 2104 2870 victoriae

1223 2897 1402 2939 nuntio.'
1478 2895 1618 2938 Addit
1655 2894 1889 2941 Diodorus,
1919 2896 2106 2944 accepto

1222 2962 1346 3014 hujus
1365 2959 1557 3001 victoriae
1577 2958 1746 3008 nuntio,
1761 2955 1914 2997 laetitia
1929 2955 2106 3004 elatum,

1223 3024 1444 3065 liberalius
1457 3022 1679 3075 epulatum
1700 3031 1812 3071 esse,
1830 3024 1878 3059 et
1896 3029 1989 3058 sese
2007 3017 2105 3062 vino

1223 3086 1383 3139 largius
1402 3097 1498 3125 cum
1513 3084 1660 3124 amicis
1672 3082 1961 3135 ingurgitasse
1976 3093 1987 3121 ε
2006 3080 2107 3120 hinc

1223 3154 1369 3190 natam
1406 3161 1502 3189 esse
1536 3147 1812 3197 cruditatem,
1839 3157 1925 3198 qua
1956 3143 2108 3184 morbo

1225 3211 1474 3265 implicitus,
1505 3209 1683 3252 tandem
1707 3209 1949 3250 exstinctus
1980 3210 2109 3247 esset.

1224 3274 1510 3328 Tyrannidem
1556 3273 1745 3314 obtinuit
1790 3270 1860 3319 ἔτη
1903 3268 2109 3322 τριάκοντα

1226 3336 1293 3379 καὶ
1317 3336 1432 3378 ὀκτώ.
1481 3337 1614 3378 Diod.
1670 3334 1896 3379 Quomodo
1925 3332 2078 3373 Cicero
2095 3332 2126 3370 ε’

1229 3401 1242 3423 ‘
1259 3398 1700 3451 Duodequadraginta
1713 3394 1943 3447 Dionysius
1963 3397 2108 3445 tyran-

1229 3475 1308 3504 nus
1355 3474 1488 3504 annos
1544 3459 1627 3502 fuit
1681 3456 2017 3511 opulentissimas
2063 3460 2110 3496 et
