2306 3900
735 225 951 270 RERUM
999 229 1075 269 m*
1117 228 1482 271 VERBORUM.
1538 263 1547 267 A

196 351 454 408 Thucydides
478 355 521 401 ii,
552 358 590 396 1.
607 359 647 397 9.
687 356 741 404 iv,
759 361 786 397 2
828 357 941 408 cujus
960 357 1083 396 aetatis

252 409 456 449 historicus
484 410 551 457 vii,
572 414 623 451 n

196 462 329 502 Thurii
347 461 440 514 (pt,
453 463 545 502 urbs
559 463 650 502 Ital.
681 467 692 485 ⁶
707 461 876 515 Sybaris’
896 469 987 502 ante
999 464 1082 504 dic·

252 521 293 554 ta
343 516 410 563 vii.
424 520 451 557 4

194 514 332 622 Thynis
351 569 436 622 (vel
452 567 584 622 Thys)
595 569 783 622 dynastes
800 569 1082 623 Paphlagoniae

250 621 330 667 xiv,
345 627 372 664 2
399 636 424 662 a
437 623 606 662 Datame
623 622 790 673 capitur,
808 622 906 663 ibid.

193 673 384 722 Tiberina,
400 676 464 716 cl.
483 675 587 715 Nero
614 689 705 722 xxv,
726 679 778 716 19

192 726 370 768 Tiberius
382 727 540 781 Longus
567 728 676 775 xxiii,
690 732 719 769 4

193 779 316 820 Tibiis
329 788 499 829 cantare,
518 782 636 822 Praef.
663 788 706 822 et
731 794 794 827 xv,
813 785 840 822 2

192 832 362 874 Timaeus
379 835 513 875 histor.
541 835 608 883 vii,
629 839 675 876 n
712 834 940 882 maledicus.
957 835 1055 876 ibid.

193 886 371 927 Timere:
400 901 490 929 cum
518 889 618 928 inter
643 902 685 928 se
714 889 895 928 timerent
920 890 997 941 (se.
1014 902 1079 929 se:

249 952 286 980 v.
305 940 439 981 Inter:
463 954 553 982 cum
571 942 668 982 alter
680 942 729 981 ab
741 942 863 980 altero
875 941 1022 997 timer.)
1041 957 1080 991 x,

248 993 384 1035 timere
398 995 564 1048 alicujus
581 995 753 1049 periculo
779 1009 817 1041 x,
838 999 865 1036 8

191 1046 338 1087 Timidi
354 1055 474 1089 mater
490 1062 570 1088 non
584 1049 685 1088 solet
696 1049 789 1088 flere
805 1048 887 1096 viii,
901 1052 928 1090 2
945 1047 1080 1103 (prov.

246 1100 301 1142 de
331 1114 411 1155 quo
445 1115 486 1142 v·
518 1102 670 1144 Erasm.
707 1102 798 1164 chil.
825 1105 868 1143 4.
897 1109 1001 1142 cent.
1038 1107 1079 1144 6.

245 1155 544 1266 ἴὲἓέᾗῗᾱῑᾙηὲ
528 1156 998 1262 ²p²lz101¹2²25⁰3¹2223„35‘
1007 1157 1079 1251 ³¹23

246 1261 434 1314 providus
450 1269 492 1304 et
517 1269 671 1311 cautus,
685 1263 754 1315 qui
783 1262 894 1303 timet
905 1263 1013 1315 juste
1029 1265 1079 1303 ei-

247 1317 405 1364 menda,
423 1322 465 1357 et
487 1330 581 1358 cura
597 1317 758 1370 majore,
777 1328 894 1369 quam
912 1318 1078 1358 audacia

278 1369 516 1422 rogoediens,
533 1384 575 1411 se
599 1383 680 1410 non
707 1377 849 1411 temere
865 1370 908 1410 in
926 1371 1079 1423 pericu·

247 1381 331 1462 iim.
347 1422 525 1476 conjicit,
550 1430 671 1477 atque
697 1424 754 1464 sic
778 1424 890 1464 matri
907 1437 989 1464 suae
1006 1426 1077 1464 do·

247 1475 369 1517 lorem
403 1483 459 1540 et·
472 1477 663 1531 lacrymas
697 1489 777 1518 non
811 1477 902 1517 ciet‘.
947 1478 1080 1518 *Matri

247 1541 396 1623 1333?
396 1531 790 1636 ζῖῗιὲᾚὶἓῗξζέ
793 1530 1080 1625 ῗέἔειῖιῖθίἷὲῗὲ

247 1636 387 1684 filium,
404 1650 454 1677 eo
470 1638 594 1690 magis
611 1638 720 1678 dolet
737 1638 779 1676 in
798 1637 903 1678 bello
921 1650 1079 1678 caesum.

247 1685 370 1731 Unde
385 1689 524 1731 Horat.
552 1696 565 1714 ⁸
580 1691 683 1731 bella
699 1690 884 1731 matribus
909 1691 1079 1733 detesta-

248 1743 302 1785 ια’
318 1743 418 1784 dicit
431 1743 500 1784 lib.
519 1747 558 1786 1.
577 1743 658 1785 Od.
676 1748 716 1785 1.
743 1744 862 1786 Locc-
881 1745 971 1786 Hoc
989 1759 1078 1786 sen·

247 1810 296 1837 su
329 1801 343 1822 ⁶
358 1797 618 1838 timiditatem'
650 1796 725 1838 sibi
743 1798 879 1839 tribuit
895 1798 981 1840 Cic.
998 1799 1076 1854 Ep.

250 1851 302 1891 sd
315 1850 424 1892 Fam.
442 1851 496 1899 vi,
516 1855 582 1893 15.
598 1857 640 1892 et
657 1852 711 1900 iv,
730 1851 807 1905 13)

192 1904 324 1953 'limos
357 1904 432 1970 (de
465 1905 687 1959 suspicione
720 1905 873 1968 populi,
907 1905 1078 1947 libertati

248 1971 334 1999 sune
350 1959 543 2013 umentis)
569 1961 612 2008 ii,
630 1963 657 2001 8
686 1965 840 2000 timore
867 1961 1076 2001 abalienari

249 2012 321 2060 vii,
338 2017 363 2054 6
410 2012 587 2054 timorem
616 2012 778 2066 injicere
808 2014 927 2055 alicui
954 2013 1075 2062 vii,8.

248 2078 288 2113 x,
306 2070 332 2108 7
359 2066 500 2107 habere
514 2067 582 2116 vii,
600 2071 626 2108 3
654 2067 716 2121 (v.
732 2066 863 2122 Hah.)
1058 2091 1062 2099 τ

193 2117 399 2161 Timoleon
422 2120 647 2162 Corinthius
673 2122 837 2174 patriam
860 2134 886 2161 a
907 2128 924 2161 t
954 2134 1076 2162 ranno

248 2172 439 2221 liberavit,
456 2174 668 2228 Syracusas
691 2175 889 2222 servitute,
935 2175 1076 2216 iciliam

244 2227 498 2280 oppressione
523 2242 589 2274 xx,
609 2232 631 2268 1
677 2227 846 2275 fratrem,
860 2229 931 2281 qui
944 2234 1077 2282 tyran·

195 2311 198 2314 ⁴
246 2279 381 2320 uidem
425 2288 699 2333 occupaverat,
743 2280 910 2322 interfici
943 2281 1078 2334 jussit,

244 2333 345 2373 thid.
390 2335 495 2374 unde
523 2333 680 2387 judicia
709 2334 752 2374 in
787 2348 833 2375 se
865 2335 1079 2376 concitavit

244 2387 446 2427 hominum
460 2394 503 2428 et
518 2387 649 2428 matris
667 2388 816 2435 odium,
832 2388 930 2428 ibid.
976 2389 1077 2429 Dio·

245 2441 364 2493 nysio
396 2441 529 2480 Sicilia
559 2441 725 2492 depulso
755 2453 807 2493 pe
860 2441 933 2480 rcit
957 2455 1022 2490 xx,
1049 2446 1077 2483 2

246 2494 626 2546 Carthaginiensium
651 2493 786 2547 copias
820 2494 967 2546 ugavit,
984 2495 1076 2535 Ma·

246 2546 548 2642 mercumgcergitt,
566 2545 662 2609 ibid.
696 2560 762 2640 εἰ
773 2545 1076 2641 Siciliain-stau-

245 2612 287 2639 m
331 2613 396 2647 xx,
524 2613 560 2640 c.
590 2612 699 2653 priva
792 2613 811 2640 s
866 2613 892 2639 n
965 2614 1076 2643 acus

364 2667 389 2693 o
407 2660 536 2694 tamen
552 2653 710 2707 publice
738 2654 781 2694 in
837 2667 955 2695 onore
985 2655 1077 2704 fuit,

244 2706 343 2747 ibid.
377 2707 579 2748 oculorum
601 2706 644 2747 iu
659 2713 861 2749 senectute
881 2707 1075 2760 jacturam

244 2760 320 2800 fert
354 2761 551 2801 moderate
587 2774 652 2809 xx,
679 2765 707 2803 4
751 2762 943 2803 modestia
973 2763 1074 2815 ejus,

244 2815 341 2869 ibid.
369 2815 509 2867 pietas,
526 2813 622 2855 ibid.
647 2815 904 2855 convitiorum
922 2817 1073 2868 patieu-

193 2892 197 2896 >
247 2868 304 2907 tia
330 2882 395 2915 xx,
410 2873 436 2909 5
465 2867 598 2921 proelia
614 2867 779 2909 maxima
793 2867 922 2909 natali
932 2870 998 2910 die
1014 2871 1072 2911 fe-

244 2922 327 3015 eit:¹
330 2920 428 2962 ibid.
469 2920 611 2963 celebri
629 2920 835 2975 sepultura¹
847 2922 1073 2974 honoratus,

245 2974 301 3015 ibi
331 3002 343 3015 .
815 3003 817 3006 ·

191 3028 515 3076 Timoleonteum,
540 3030 784 3083 gymnasium
809 3029 990 3084 Syracus.
1007 3044 1074 3079 xx,

246 3087 272 3122 6
299 3082 509 3134 (Meminit
525 3083 704 3136 Polyaen.
730 3090 771 3124 et
790 3083 895 3125 Plut.
912 3085 954 3124 in
971 3085 1073 3138 vita)

191 3135 452 3188 Timophanes
493 3136 610 3176 frater
650 3135 792 3178 Timol.
827 3138 1074 3192 tyrannidem

245 3195 430 3242 occupat,
457 3195 499 3228 et
531 3189 695 3243 imperio
714 3191 852 3231 <tranis
884 3191 1075 3233 occiditur

244 3256 310 3288 xx,
331 3246 354 3282 1
916 3273 919 3281 .

191 3296 416 3335 Timotheus
445 3293 695 3335 Atheniensis
724 3296 956 3337 describitur
989 3296 1075 3345 xiii,

248 3353 269 3389 1
316 3348 402 3401 ejus
426 3348 528 3387 facta
560 3348 723 3389 illustria
747 3349 830 3395 xiii.
851 3354 888 3390 1.
924 3352 952 3390 2
995 3357 1073 3389 sta-

243 3408 313 3440 tua
330 3403 401 3442 rari
419 3402 587 3448 honoris,
606 3402 700 3441 ibid.
739 3403 799 3454 (ν.
814 3403 978 3446 Meursii
996 3404 1073 3444 Ce-

246 3468 352 3510 erop.
380 3470 416 3497 c.
450 3455 536 3510 1³).
582 3456 762 3498 emeritus
789 3462 989 3499 revocatur
1020 3458 1072 3498 ad

1916 215 2031 277 cxli

1201 355 1374 395 militiam
1402 354 1483 401 xiii.
1503 359 1527 395 3
1573 360 1775 394 accusatus
1802 355 2032 408 proditionis

1199 409 1421 456 mulctatur,
1439 409 1535 451 ibid.
1564 408 1791 450 Chalcidem
1807 422 1849 449 se
1866 412 2031 459 confert,

1198 462 1295 508 ibsd.
1323 463 1519 503 moderate
1537 469 1578 502 et
1607 463 1804 514 sapienter
1821 463 1918 503 vixit
1948 466 2031 512 xiii,

1196 519 1224 556 4
1241 515 1317 555 &c.
1375 515 1440 555 Fit
1469 515 1556 567 ejus
1584 517 1730 556 mentio
1757 517 1813 565 si,
1842 520 1868 558 8
1914 517 2033 559 Lesbi

1198 568 1406 620 plurimum
1429 568 1526 607 vixit
1549 568 1618 615 xii,
1637 573 1662 610 8

1143 620 1344 661 Tiribazus
1361 622 1544 662 Sardibus
1563 628 1702 673 praeest
1728 623 1783 669 ix,
1803 628 1827 663 5

1142 673 1346 727 Tisagoras
1360 675 1498 728 (frater
1515 675 1733 728 Miltiadis)
1761 677 1789 722 i,
1808 681 1834 717 7

1141 726 1417 781 Tissaphernes
1445 729 1512 775 vii,
1530 734 1555 769 5
1598 728 1805 780 praet'ectus
1833 729 1941 771 Pers.
1969 730 2029 771 iu-

1198 781 1333 822 ducias
1349 782 1451 835 »petit
1464 789 1507 822 et
1522 782 1644 821 violat
1669 783 1766 829 xvii,
1782 788 1807 824 2
1834 783 1912 823 διο.

1140 833 1380 876 Tithraustes
1395 835 1670 891 (chiliarchus)
1699 836 1752 883 is,
1771 839 1795 877 3
1840 837 1920 876 dux
1949 839 2028 885 xiv,

1141 939 1326 981 Titubare
1342 939 1483 994 (animi
1501 942 1688 995 pendere,
1721 942 1908 983 incertum
1928 957 2028 991 esse,

1196 994 1293 1047 quid
1310 997 1529 1047 agendum)
1557 997 1663 1044 xviii,
1681 1000 1708 1037 9
1754 995 1864 1050 (Cic.
1883 997 2028 1050 Philip.

1196 1051 1224 1088 8
1253 1052 1266 1071 ³
1280 1047 1477 1095 Titubare,
1502 1049 1694 1096 haesitare,
1720 1062 1798 1102 quo
1830 1063 1872 1090 se
1905 1058 2029 1091 verte-

1196 1106 1269 1148 ret,
1287 1102 1462 1142 nescire.'
1515 1103 1698 1155 Metaph.
1723 1105 1773 1143 ab
1790 1104 1854 1150 iis,
1873 1105 1940 1156 qui
1959 1118 2028 1157 pe·

1195 1154 1311 1195 dibus
1329 1162 1420 1195 sunt
1436 1155 1610 1196 infirmis.
1627 1157 1764 1198 Lamb.
1809 1157 1890 1204 Qui
1918 1158 2028 1198 locus

1194 1209 1348 1261 egregie
1366 1217 1536 1250 nostrum
1554 1209 1818 1264 παραφράζει)

1140 1260 1318 1302 Tollere:
1362 1264 1406 1302 in
1441 1263 1600 1303 insidias
1632 1265 1836 1304 inductum
1873 1266 2029 1305 sustulit

1218 1314 1424 1364 interfecit,
1461 1323 1518 1364 ut,
1557 1318 1675 1369 paulo
1710 1318 1822 1370 post)
1866 1318 1971 1366 xxiii,
1999 1325 2024 1358 5

1216 1368 1281 1408 sic
1298 1382 1459 1462 quogue.
1475 1371 1527 1410 de
1544 1371 1702 1412 Nerone
1728 1373 1770 1410 in
1797 1372 1956 1423 vulgato
1982 1372 2028 1411 il-

1194 1420 1234 1461 lo
1252 1422 1382 1463 Distic
1409 1437 1433 1462 o
1452 1425 1610 1463 verbum
1628 1425 1804 1471 sumitur,
1832 1427 1939 1477 quod
1967 1433 2026 1465 est

1194 1486 1260 1527 ap.
1289 1475 1452 1516 Sueton.
1483 1481 1538 1517 39
1589 1484 1601 1500 ⁴
1622 1477 1721 1524 Quis
1751 1485 1870 1529 negat
1885 1480 2027 1518 AEneae

1194 1540 1336 1582 magna
1363 1531 1416 1572 de
1450 1531 1569 1583 stirpe
1599 1531 1825 1571 Neronem?
1871 1532 2029 1572 sustulit

1143 1612 1147 1616 .
1192 1582 1450 1631 hicmatrem,
1469 1584 1623 1624 sustulit
1639 1584 1706 1624 ille
1727 1585 1924 1637 patrem').
1951 1586 2027 1625 tol-

1193 1636 1272 1676 lere
1287 1649 1395 1690 reges
1403 1638 1609 1692 (abrogare
1623 1651 1754 1679 eorum
1769 1640 2026 1694 potestatem)

1197 1689 1252 1737 vi,
1270 1694 1296 1731 3

1139 1741 1313 1796 Torques
1339 1743 1419 1791 xiv,
1437 1747 1462 1785 3
1492 1745 1718 1799 (Persarum
1737 1747 1906 1787 moribus
1925 1747 2026 1786 inter

1191 1797 1360 1851 insignia
1383 1798 1502 1851 regia.
1547 1799 1709 1841 Interim
1725 1813 1806 1840 non
1824 1801 1941 1840 modo
1956 1814 2027 1840 au-

1190 1863 1278 1892 reus
1307 1857 1478 1904 torques,
1497 1853 1566 1893 sed
1596 1854 1754 1893 armillae
1771 1867 1914 1902 aurem,
1945 1855 2026 1894 aci·

1190 1917 1307 1946 nuces
1324 1905 1399 1946 διο.
1416 1905 1517 1946 inter
1532 1907 1698 1947 honores
1711 1908 1877 1960 satrapis
1895 1921 1919 1948 a
1938 1922 2027 1960 rege

1192 1971 1412 2006 mucessos,
1430 1966 1472 1998 et
1489 1961 1646 2012 praemia
1665 1961 1946 2002 benevolentiae
1964 1975 2024 2001 re·

1218 2013 1279 2051 iae.
1306 2013 1385 2052 vid.
1409 2013 1582 2053 Brisson.
1599 2015 1651 2055 de
1668 2023 1775 2067 regn.
1794 2015 1903 2055 Pers.
1920 2015 1966 2054 L.
1987 2020 2026 2056 l.

1272 2065 1408 2107 Barth.
1427 2067 1518 2107 adv.
1547 2067 1630 2115 viii,
1654 2071 1724 2112 25.
1753 2068 1893 2110 Boecl.
1906 2069 2026 2109 Adde

1192 2118 1256 2161 Cl.
1286 2119 1432 2160 Scheff.
1475 2121 1679 2175 Syntagm.
1713 2123 1779 2162 dev
1799 2122 1923 2175 antiq.
1949 2128 2027 2162 tor-

1190 2173 1302 2225 quib.
1321 2174 1496 2227 inprimis
1514 2177 1554 2228 ς.
1573 2175 1624 2228 8)
1646 2197 1649 2199 -

1137 2226 1284 2266 Totus:
1311 2227 1537 2288 reipublicae
1568 2242 1610 2268 se
1641 2235 1765 2269 totum
1795 2229 1908 2269 dedit
1933 2228 1978 2277 ii,
2000 2234 2022 2270 1

1190 2291 1288 2374 3221*
1249 2293 1302 2373 ’ΒΕ
1317 2291 1359 2374 [δι’
1359 2280 2029 2388 53¹<2¹3²252¹31¹313u2⁰<²222522¹252⁸5ss⁸

1192 2385 1300 2440 ciis),
1319 2387 1436 2426 Praef.
1476 2387 1570 2427 alibi
1586 2403 1595 2426 ε
1616 2389 1792 2428 universa
1810 2389 1964 2429 Graecia
1980 2390 2024 2437 ii,

1190 2444 1218 2481 2
1246 2445 1288 2480 et
1310 2446 1454 2480 cuncta
1470 2439 1625 2480 Graecia
1651 2441 1693 2488 ii,
1711 2446 1739 2482 9
1782 2442 1830 2495 (J
1835 2442 1950 2482 ustin.
1969 2444 2023 2490 vi,

1191 2497 1234 2540 6,
1251 2497 1288 2599 5)
1305 2498 1494 2547 'repente
1528 2507 1605 2548 pax
1625 2501 1706 2534 tota
1733 2494 1889 2536 Graecia
1917 2495 2023 2536 facta

1190 2546 1263 2586 est'

1134 2597 1316 2640 Tractare
1333 2599 1386 2640 de
1402 2599 1694 2642 conditionibus
1721 2600 1828 2655 (scil.
1856 2601 2026 2643 deditio-

1191 2653 1283 2707 uis)
1301 2654 1410 2702 xviii,
1445 2659 1471 2696 6
1536 2661 1699 2695 tractare
1733 2657 1859 2696 socios
1890 2663 2025 2697 sancte

1187 2706 1375 2760 (praeesse
1396 2720 1486 2748 cum
1513 2708 1750 2762 integritate,
1777 2709 2025 2759 abstinentia,

1188 2761 1373 2814 lenitate)
1399 2762 1494 2810 vi,4

1133 2812 1295 2855 Tractus
1324 2816 1501 2855 arborum
1532 2814 1672 2869 (longa
1698 2816 1831 2863 series,
1850 2817 1931 2856 sive
1961 2831 2023 2856 ar·

1188 2868 1301 2909 bores
1318 2868 1463 2922 passim
1487 2882 1535 2911 ac
1548 2908 1552 2911 ,
1565 2869 1683 2923 longo
1709 2869 1845 2910 ordine
1863 2871 2025 2926 positae)

1188 2922 1218 2970 i,
1235 2926 1260 2963 6

1132 2973 1301 3017 Tradere
1322 2976 1452 3021 ‚alicui
1482 2975 1636 3030 imperii
1666 2989 1854 3018 summam
1898 2978 1977 3025 xiv,
1996 2982 2022 3019 8

1188 3030 1306 3070 alicui
1333 3043 1522 3071 summam
1550 3044 1675 3071 rerum
1700 3031 1887 3071 tuendam
1915 3033 2024 3078 xviii,

1189 3087 1216 3125 2
1245 3083 1362 3124 alicui
1388 3085 1579 3137 oppidum
1597 3085 1786 3124 tuendum
1804 3085 1881 3136 (sc.
1899 3085 2025 3136 impe·

1189 3135 1270 3190 rio)
1297 3137 1326 3185 i,
1343 3141 1369 3179 3
1397 3138 1516 3178 alicui
1535 3150 1653 3190 remp.
1675 3145 1796 3177 totam
1816 3139 2022 3190 (adminis-

1189 3191 1317 3231 trand.
1335 3189 1413 3241 sc.)
1440 3191 1542 3238 viia
1573 3204 1680 3231 sacra
1694 3192 1935 3242 procuranda
1952 3192 2024 3233 sli-

1189 3244 1254 3284 cui
1280 3243 1325 3290 ii,
1342 3248 1370 3284 2
1416 3245 1548 3284 urbem
1566 3244 1756 3289 munitam
1772 3244 1890 3286 alicui
1909 3252 2023 3287 tucn-

1189 3297 1280 3340 dam
1305 3296 1387 3343 xiv,
1407 3301 1432 3337 5
1469 3297 1557 3336 Its:
1588 3304 1784 3348 paternam
1799 3298 1924 3353 ,alicui
1948 3306 2023 3338 tra-

1187 3350 1280 3389 dere
1313 3349 1548 3401 provinciam
1579 3350 1862 3405 (demandare)
1888 3352 1966 3400 xiv,
1998 3357 2017 3392 1

1188 3400 1340 3442 tradere
1358 3403 1472 3443 alicui
1492 3402 1620 3443 literas
1647 3403 1702 3452 iv,
1715 3408 1743 3447 4
1784 3407 1932 3446 tradere
1949 3406 2019 3444 ali-

1188 3469 1305 3511 quem
1322 3456 1562 3510 rnsgistrstui
1578 3458 1656 3513 (sc.
1675 3458 1938 3511 puniendum)
1955 3471 2018 3505 xv,
