2326 3944
257 263 367 318 440

646 270 826 316 No‘rAE
865 273 1199 316 vammum
1238 275 1307 316 IN
1347 277 1401 317 G.
1437 270 1701 317 N‘EPOTIS

258 394 368 435 dunt
378 398 574 446 utraque.
594 393 824 433 Plin.Pan.
835 405 871 433 c.
884 395 925 433 4.
950 392 1144 434 ‘Enituit
1197 394 1270 446 jus
1301 393 1396 434 heic
1410 395 1581 446 ,passim
1596 393 1816 436 historiam
1828 392 1890 434 vad
1907 393 2084 441 verb-n

259 458 415 511 aliquis
434 458 477 497 in
492 457 621 506 bello,
635 456 708 496 sed
723 456 933 497 obsolevit
952 456 997 496 in
1012 469 1141 509 pacet

257 521 390 566 alium
410 527 530 572 toga,
548 520 623 560 sed
643 532 733 570 non,
748 525 794 559 et
813 533 933 561 arma
946 521 1145 560 honesta-

259 590 362 628 runt
376 583 402 623 τ’
423 588 469 623 et
488 583 753 637 notum—illud
770 583 1009 634 Claudiani,
1026 585 1038 606 ‘
1057 584 1144 624 bel-

258 648 313 687 lis
347 647 552 699 insignior
580 646 669 696 ille,
701 646 789 687 Sed
827 659 978 699 pacem
1010 646 1145 687 foedat

259 710 401 751 vitiis!
443 711 540 761 Quo
555 710 792 750 absolutior
809 709 891 751 fuit
910 711 1146 752 Themisto-

261 774 368 824 cles,
397 774 471 826 qui
500 774 542 813 in
575 778 760 825 utroque
789 779 982 826 tempore
1009 774 1146 824 ,talem

262 850 308 878 se
326 838 478 890 gessit,
499 843 545 878 ut
557 849 753 888 magnam
768 837 940 877 laudem
957 834 1145 877 afferret.

262 900 470 941 Militaris
501 901 635 940 virtus
671 898 920 950 cumprimis
948 899 992 938 in
1021 899 1146 939 Bello

262 964 446 1006 Persico
465 969 510 1004 et
531 975 676 1016 pugna
692 961 746 1002 ad
761 962 976 1003 Salamina
995 963 1146 1015 eluxit,

262 1028 382 1081 pacis
403 1038 536 1079 opera
556 1026 642 1066 duo
668 1025 917 1077 cumprimis
949 1033 1148 1067 recenset

262 1091 426 1143 Nepos.
449 1090 638 1130 Primum
653 1094 719 1130 est
732 1089 975 1130 exstructio
988 1090 1148 1130 Piraeei

263 1159 440 1206 portus:
470 1154 651 1192 alterum
670 1163 884 1192 murorum
904 1150 1146 1193 aedificatio.

265 1217 422 1258 Buclm.
929 1221 931 1223 ’

318 1281 511 1320 Phalereo
552 1277 692 1332 portu]
755 1278 980 1329 Phalarion,
1012 1279 1150 1318 Vetus

266 1343 415 1385 Codex
432 1357 442 1383 :
470 1342 547 1383 sed
564 1340 781 1394 φαληρικὸν
793 1347 920 1382 vocat
935 1341 1069 1384 Diod.
1083 1353 1146 1383 xi.

196 1405 201 1411 '
268 1405 482 1460 quomodo
525 1412 572 1446 et
608 1405 917 1457 Ultrajectinus
956 1403 1152 1458 praefert.

268 1469 424 1511 Schott.
474 1467 652 1521 Φάληρον
689 1467 810 1518 λιμὴν
844 1469 916 1516 τῆς
958 1467 1151 1521 Ἀττικῆς,

268 1532 436 1574 Suidas.
495 1532 714 1573 Diodorus
757 1537 902 1573 autem
940 1533 1152 1584 contrario

266 1596 420 1638 ordine
441 1608 492 1636 ac
513 1595 699 1648 Probus,
717 1601 886 1648 portum
913 1609 939 1636 a
960 1596 1153 1636 Themis-

269 1661 382 1703 tocle
429 1660 548 1713 prius
586 1665 813 1711 structum,
853 1673 979 1713 quam
1023 1659 1153 1702 Urbis

268 1735 412 1764 muros
444 1724 591 1777 tradit.
629 1723 812 1764 Lambin.
875 1724 945 1764 De
976 1735 1060 1776 quo
1097 1725 1154 1765 le-

270 1786 434 1838 gendus
453 1786 690 1826 Pausanias
715 1786 758 1825 in
789 1785 976 1827 Atticis:
1017 1792 1155 1837 Θεμισ-

269 1854 416 1899 τοκλῆς
436 1851 477 1892 δὲ
492 1853 542 1893 ὣς
560 1850 664 1903 ἦρξε,
695 1851 799 1906 (τοῖς
814 1867 861 1892 τε
873 1851 953 1904 ’γὰρ
968 1854 1156 1893 πλεοῦσιν

271 1916 575 1969 ἐπιτηδειότερος
611 1918 633 1955 ὁ
673 1915 864 1969 πειραιεὺς
904 1916 1084 1968 ἐφαίνετό
1119 1919 1156 1958 οἱ

271 1983 512 2034 προκεῖσθαι,
546 1980 612 2021 καὶ
629 1979 789 2030 λιμένας
818 1982 923 2034 τρεῖς
953 1981 1036 2021 ἄνθ’
1071 1981 1156 2022 ἑνὸς

273 2044 382 2095 ἔχειν
395 2046 467 2085 τοῦ
483 2042 690 2097 φαληροΐ,)
701 2045 819 2084 τοῦτο
837 2043 974 2096 σφίσιν
992 2044 1156 2086 ἐπίνειον

273 2107 369 2150 εἶναι
406 2107 741 2149 κατασκευάσατο.
794 2108 929 2148 Plura
957 2109 1156 2161 Thucyd-

271 2174 348 2215 lib.
370 2185 403 2213 1.
432 2174 545 2213 Nam
564 2173 616 2212 de
637 2184 853 2212 murorum
871 2171 1156 2213 aedificatione

273 2238 327 2277 ad
343 2237 519 2277 verbum
536 2249 668 2289 prope
687 2249 738 2276 ex
749 2236 1013 2288 Thucydidis
1027 2237 1157 2278 histo-

274 2299 340 2340 ria
367 2306 466 2340 sunt
496 2311 715 2340 conversa.
739 2298 904 2350 Longol.
961 2299 1157 2341 Phalereo

270 2363 410 2415 portu]
438 2363 510 2404 Sic
525 2363 696 2404 omnino
715 2359 972 2415 legendum3
1005 2375 1091 2407 non
1111 2368 1159 2405 ut

272 2427 319 2471 in
331 2428 530 2479 vulgatis,
541 2428 760 2477 Phaleroeo,
771 2439 868 2467 cum
879 2427 1159 2480 diphthongo.

277 2480 391 2531 Na'm
429 2491 590 2531 Graecis
621 2488 800 2542 Φάληρον
836 2497 1029 2531 vocatur.
1081 2492 1161 2532 Est

277 2560 438 2605 tamen,
467 2566 544 2595 cur
573 2554 706 2606 magis
725 2553 936 2594 Phalarim
966 2553 1160 2605 probem,

276 2624 327 2660 ut
342 2619 470 2660 estin
490 2617 722 2670 Excerptis
740 2617 1002 2658 melioribus.
1046 2618 1162 2659 Nam

280 2683 517 2723 Phalarimne
534 2694 613 2735 pro
634 2682 847 2721 Phalereus
854 2694 868 2728 ,·
898 2686 946 2720 ut
965 2680 1161 2722 Chalcidi-

277 2758 344 2785 cas
361 2758 439 2798 pro
462 2745 699 2786 Chalcia-cus
718 2745 764 2785 in
783 2744 934 2784 iisdem
951 2744 1161 2785 membra·

279 2809 375 2858 nis;
417 2813 463 2850 et
499 2808 674 2849 Pellaius
720 2819 798 2859 pro
847 2806 1015 2848 Pelloeas
1048 2807 1162 2860 apud

282 2872 498 2920 Plautum.
545 2872 602 2911 Et
619 2868 836 2922 Φαληρικὸν
854 2877 981 2911 vocat
999 2870 1164 2913 Diodo-

280 2946 350 2974 rus
379 2935 454 2975 lib.
475 2946 538 2974 xi.
567 2934 678 2973 Bibl.
698 2933 770 2974 ubi
786 2939 928 2973 tamen
952 2945 1034 2973 non
1054 2934 1164 2974 Plia-

280 2998 442 3038 laricnm
470 2997 546 3037 sed
567 2997 815 3037 Phalericum
841 3001 1013 3038 vertunt
1030 2996 1163 3037 inter·

281 3067 440 3114 pretes.
484 3060 683 3101 Kenchen.

337 3124 500 3175 Triplex
514 3122 665 3163 Piroeei
677 3126 818 3174 portus
835 3121 1072 3162 constitutus
1086 3121 1163 3173 est]

283 3186 324 3227 A
337 3187 621 3226 Themistocle
639 3200 650 3225 z
681 3186 794 3238 quod
814 3192 1010 3227 naturam
1024 3184 1167 3227 admo·

283 3257 460 3292 nentem
501 3255 703 3302 prompta
741 3255 834 3290 arte
870 3254 1060 3301 secutus,
1093 3261 1166 3290 eos

286 3314 508 3354 emunivit.
550 3314 722 3353 Boecler.
781 3313 970 3354 Pulchre
1007 3312 1167 3353 descri-

286 3380 395 3421 bunt
437 3379 548 3419 hunc
586 3385 757 3430 portum
800 3378 956 3420 Strabo
991 3378 1065 3419 lib.
1103 3388 1168 3419 lx.

286 3442 512 3484 Vitruvius
542 3453 603 3482 vr,
665 3442 896 3483 Pausanias
922 3441 967 3482 in
994 3441 1168 3482 Atticis.

287 3505 374 3551 Sed
401 3504 589 3548 omnium
617 3505 779 3558 optime
796 3504 1169 3558 Thucydidefficu·

1205 457 1339 498 vertit
1356 458 1594 498 Cornelius.
1625 457 1670 499 Is
1689 457 1766 498 lib.·
1782 469 1815 498 1.
1843 454 2087 510 νομίζοινυό-

1204 535 1251 560 τε
1269 520 1411 573 χόριον.
1428 520 1552 562 καλὸν
1569 519 1679 573 εἶναι,
1695 520 1855 572 λιμένας
1875 519 1972 572 ἔχον
1982 523 2087 574 τρεῖς

1206 584 1424 634 αὐτοφυεῖς,
1449 584 1515 625 καὶ
1531 584 1675 626 αὐτοὺς
1701 584 1900 625 ναυτικοὺς
1920 599 2087 636 'reram

1206 646 1343 697 μένους
1363 646 1470 698 μέγα,
1495 646 1700 700 Δπροφέρειν
1732 649 1772 688 ἐς
1797 647 1846 687 τὸ
1872 647 2090 696 κτήσασθαι

1207 710 1379 762 δύναμιν.
1423 712 1547 752 Idem
1574 713 1738 752 Piraeei
1764 724 1927 752 murum
1955 711 2091 763 maxi-

1206 776 1287 815 mis
1306 775 1518 828 lapidibus
1536 781 1836 824 ⁴constructum
1866 774 1998 816 fuisse
2015 773 2090 815 ad·

1207 838 1368 889 firmat,
1383 844 1589 892 tantaque
1603 840 1843 889 latitudine,
1857 845 1905 879 ut
1923 849 2089 889 currus,

1208 903 1359 957 quibus
1378 915 1485 943 saxa
1494 904 1774 953 vehebantur,
1789 915 1916 955 snper
1935 913 2040 944 enm*
2052 902 2090 943 si

1207 967 1510 1017 occurrissent,
1522 967 1659 1007 libere
1670 966 1956 1006 traherentur.
1971 966 2090 1006 Iam-

1208 1030 1289 1070 bin.
1310 1031 1428 1079 Mag.
1476 1029 1682 1072 Distabat
1701 1040 1774 1069 ιι.
1793 1027 1943 1068 stadiis
1962 1027 2091 1068 Athe·

1208 1093 1290 1144 nis,
1306 1099 1356 1133 ut
1371 1105 1424 1132 ex
1443 1092 1613 1133 La'e'rtio
1625 1097 1747 1144 patet
1761 1092 1802 1131 in
1816 1091 2093 1132 Antisthene.

1212 1158 1339 1197 Ortel.
1394 1156 1508 1196 Hinc
1545 1156 1793 1208 priusquam
1830 1154 1929 1195 urbi
1961 1154 2093 1195 muris

1210 1220 1466 1272 conjunctus
1480 1226 1612 1271 esset,
1630 1218 1796 1270 longius
1817 1218 1872 1257 ab
1888 1217 1995 1258 urbe
2007 1216 2094 1259 dis-

1211 1289 1400 1336 paratus,
1417 1283 1539 1336 quasi
1557 1284 1736 1322 alterum
1753 1281 1959 1333 oppidum
1977 1282 2095 1322 vidc-

1211 1347 1348 1387 batur.
1376 1347 1540 1387 Salmas.
1593 1346 1755 1396 Triplex
1769 1343 1919 1384 Piraeei
1937 1343 2097 1395 portus]

1211 1410 1370 1450 Piraeei
1380 1415 1530 1462 portus
1541 1409 1657 1460 prins
1670 1413 1798 1447 extra
1812 1406 1960 1447 urbem
1973 1407 2096 1447 locus

1212 1473 1308 1524 fnit,
1327 1473 1427 1513 urbs
1443 1485 1526 1512 non
1548 1471 1659 1512 fnit:
1690 1471 1764 1511 sed
1793 1470 1965 1510 additus
1985 1468 2098 1522 urbi,

1211 1538 1333 1577 locus
1347 1537 1390 1575 in
1413 1535 1521 1575 urbe
1542 1534 1643 1586 fuit,
1659 1547 1711 1574 ac
1732 1546 1826 1574 cum
1845 1531 2099 1584 Munychia‚

1215 1599 1284 1654 (ut
1303 1611 1356 1638 ex
1372 1611 1421 1639 ιι.
1441 1597 1632 1650 Thucyd.
1649 1596 1844 1648 constat)
1856 1596 1984 1637 tertia
1999 1607 2098 1648 pars

1215 1662 1333 1702 urbis
1370 1663 1543 1713 veteris,
1574 1674 1670 1714 quae
1696 1660 1823 1700 Ἀστυ
1857 1659 2098 1700 dicebatur.

1216 1725 1421 1776 Ineptum
1449 1723 1581 1774 igitur
1598 1729 1680 1772 est,
1698 1721 1811 1775 quod
1832 1721 1941 1763 male
1960 1733 2015 1761 ex
2034 1721 2100 1761 his

1218 1788 1358 1828 verbis
1384 1787 1639 1839 Schioppius
1670 1786 1818 1836 infert,
1849 1785 2001 1828 urbem
2026 1783 2102 1824 Pi-

1217 1853 1320 1894 raeei
1355 1852 1568 1893 utiliorem
1604 1849 1734 1891 fuisse
1767 1849 1875 1893 urbe
1911 1848 2101 1890 Athena-

1218 1929 1328 1967 rum,
1355 1919 1367 1939 ‘
1390 1922 1439 1956 ut
1463 1917 1602 1967 ipsam
1631 1914 1781 1957 urbem
1813 1913 2025 1965 dignitate
2045 1924 2102 1952 ae-

1217 1980 1483 2032 quipararet,
1502 1979 1692 2019 utilitate
1713 1976 1967 2029 superaret!
1984 1976 2102 2017 Nam

1217 2043 1298 2084 hoc
1317 2045 1451 2087 solum
1469 2043 1531 2083 ait
1543 2043 1717 2094 Nepos,
1745 2042 1951 2092 ‘portum
1969 2039 2103 2084 Pine-

1219 2119 1315 2148 eum
1346 2107 1534 2148 utilitate
1562 2116 1768 2157 superare
1798 2104 1936 2156 ipsam
1966 2101 2104 2146 Athe·

1220 2182 1370 2210 narum
1401 2168 1577 2210 urbem?
1645 2168 1703 2208 Et
1739 2167 1801 2207 sic
1831 2165 1974 2206 onmia
2003 2170 2105 2211 sunt

1220 2234 1351 2274 clara.
1391 2232 1590 2274 Kenchen.

1280 2298 1336 2338 Ut
1349 2297 1482 2338 urbem
1498 2296 1696 2347 dignitate
1711 2293 1992 2347 oequimraret]
2020 2294 2108 2335 Ex-

1223 2367 1441 2416 aequaret:
1471 2360 1712 2411 Alcibiade,
1736 2361 1748 2382 ‘
1765 2360 1828 2400 Ut
1855 2371 1982 2400 nemo
2007 2371 2106 2400 eum

1222 2424 1370 2466 labore
1389 2424 1667 2477 corporisque
1687 2423 1849 2463 viribus
1878 2429 2023 2475 posset
2051 2435 2107 2464 ω-

1224 2488 1487 2542 quiparare.'
1525 2488 1769 2538 Pacuvius;
1799 2489 1811 2510 ‘
1833 2488 1946 2528 Nam
1966 2488 2109 2541 siqui,

1223 2564 1319 2605 quae
1334 2556 1541 2593 eventura
1550 2551 1970 2602 sunt,Praevideant‚
1980 2552 2110 2605 aequi·

1225 2619 1381 2668 parent
1414 2613 1515 2655 Jovi
1531 2613 1557 2654 ι’
1596 2619 1644 2654 ut
1673 2613 1770 2665 lego
1804 2626 1900 2654 cum
1934 2614 2109 2655 Vossio.

1223 2676 1453 2719 Suetonius
1465 2675 1661 2729 Augusto
1674 2689 1773 2729 cap.
1789 2679 1858 2718 94.
1876 2677 1889 2699 ‘
1905 2678 1972 2718 Ex
1987 2678 2110 2719 lauro

1225 2741 1429 2786 continuo
1439 2745 1567 2781 enata
1582 2740 1886 2791 soboles,adeo
1899 2746 1947 2782 ut
1962 2742 2110 2794 paucis

1227 2804 1395 2856 diebus,
1438 2810 1489 2845 ut
1531 2815 1615 2844 non
1653 2804 1942 2856 aequipararet
1981 2804 2110 2846 modo

1225 2869 1477 2918 matricem3
1525 2878 1670 2908 verum
1698 2867 1827 2910 etiam
1854 2867 2113 2920 obtegeret:

1227 2934 1404 2975 Nerone
1422 2944 1518 2984 cap.
1531 2934 1600 2972 63.
1641 2929 1837 2971 Gebhard.

1282 2995 1423 3035 Muros
1449 2991 1745 3034 Atheniensium
1773 2991 1953 3033 restituit
1968 2993 2111 3044 proeci-

1226 3070 1318 3110 pao,
1336 3057 1424 3111 εμπ]
1479 3056 1566 3099 Qui
1588 3061 1673 3095 tres
1685 3060 1807 3095 erant
1824 3055 2023 3109 Athenis,
2040 3069 2109 3098 se·

1229 3121 1416 3162 cundum
1438 3118 1734 3171 Thucydidem
1755 3124 1801 3158 et
1825 3119 2108 3162 Pausaniam:

1227 3187 1362 3236 τεῖχος
1376 3183 1543 3236 βόρειον,
1558 3183 1692 3232 τεῖχος
1711 3180 1851 3235 νότιον,
1876 3183 2012 3233 τεῖχος
2035 3190 2110 3234 φα·

1228 3246 1399 3301 ληρικόν.
1432 3245 1612 3297 Lambin.
1668 3243 1844 3286 Archon
1874 3251 1977 3289 tunc
2015 3252 2113 3288 erat

1229 3312 1555 3353 Timosthenes:
1584 3309 1705 3361 cujus
1733 3307 1959 3361 imperium
1994 3309 2113 3351 cadit

1231 3377 1275 3417 in
1290 3388 1446 3416 annum
1460 3377 1604 3416 Romoe
1619 3383 1807 3414 ccuxv.
1824 3372 1897 3414 ubi
1913 3374 2111 3414 consules

1233 3441 1288 3480 K.
1302 3440 1460 3480 Fabius
1474 3449 1548 3479 111.
1561 3442 1606 3478 et
1616 3438 1664 3485 Τ.
1675 3434 1904 3487 Virginius.
1927 3436 2109 3480 Chronol.

1233 3503 1300 3544 De
1345 3499 1462 3544 facto
1497 3499 1669 3554 legendi
1706 3499 2020 3540 Demosthenes
2058 3500 2113 3540 ad
