2306 3900
642 275 800 316 xv¹1.
862 274 1253 327 AcusmAUM,
1293 274 1429 315 cAP.
1463 260 1519 315 6.

168 394 405 438 scinderet.
475 394 742 437 Generosum
775 398 945 447 pectus·
965 403 1050 433 non

166 457 361 510 efferum,
407 471 493 500 non
525 458 725 506 insolens,
757 457 832 497 sed
863 457 906 496 in
938 456 1051 496 omni

167 520 341 563 fortuna
352 522 521 563 incerta
537 532 678 561 rerum
693 520 968 560 humanarum
981 530 1052 559 co·

168 584 326 637 gitans,
366 585 378 606 ‘
399 584 531 624 Dolet
560 583 726 636 quoties
751 581 922 634 cogitur
955 593 1050 622 esse

169 646 327 688 ferox!
352 646 467 687 Loco.

195 737 200 740 »
227 710 334 750 Vitio
361 709 692 761 advmmriorum]
735 706 905 749 Callida
939 718 1053 747 amo-

167 773 263 814 litio
283 786 309 814 a
327 785 375 813 se
405 774 549 825 culpae
581 777 628 813 et
660 772 804 812 damni
837 770 1051 811 communi

167 837 329 877 Patriae
347 836 473 877 illati.
528 836 659 886 Nam,
686 834 724 875 si
748 833 944 875 Diodoro
959 844 1052 873 cre·

174 899 329 951 dimus,
383 898 534 939 extitit
564 897 790 950 Agesilaus
822 895 937 948 φύσει
965 897 1052 947 δρα-

176 962 308 1004 στικὸς
333 961 398 1003 καὶ
425 959 703 1014 φιλοπόλεμος.
759 961 904 1003 Quare
923 971 978 999 ne
995 958 1054 999 vi-

174 1027 332 1068 deatur
365 1026 498 1078 impie
518 1038 568 1067 ac
588 1027 801 1066 scelerate
819 1023 968 1064 iisdem
989 1034 1054 1062 sa-

175 1089 277 1140 cris,
302 1089 463 1141 linguae
496 1087 771 1138 commercio,
789 1085 1053 1126 cohaerentes

167 1151 284 1193 bello
302 1150 552 1202 obtrivisse,
570 1149 655 1190 illis
674 1152 849 1189 versute
884 1147 1053 1199 culpam

170 1216 371 1268 imputat.
427 1214 540 1254 Usus
572 1218 640 1253 est
671 1213 752 1253 hoc
783 1212 927 1252 colore
955 1222 1069 1272 quo·-

173 1290 259 1333 que
278 1290 409 1331 supra
426 1276 692 1318 Alcibiades.
724 1276 848 1315 Idem.

222 1339 466 1394 Supplicium
493 1339 659 1390 Persas]
687 1337 846 1379 Similis
879 1335 1058 1389 querela

171 1404 334 1445 Lucani
348 1403 422 1444 lib.
442 1415 474 1444 1.
494 1403 506 1425 ‘
523 1402 718 1454 Cumque
736 1399 922 1453 superba
942 1398 1058 1440 foret

170 1467 369 1521 Babylon
397 1465 620 1519 spolianda
643 1465 820 1517 tropaeis
847 1462 1060 1513 Ausoniis,

175 1534 413 1587 umbraque
459 1538 627 1574 erraret
674 1532 855 1573 Crassus
902 1530 1057 1580 inulta,

173 1597 298 1637 Bella
317 1597 408 1650 geri
422 1597 586 1650 placuit
611 1597 750 1637 nullos
762 1594 967 1636 habitura
982 1593 1057 1634 tri-

173 1661 383 1713 umphos?
442 1660 541 1700 Heu
562 1666 770 1713 quantum
802 1657 947 1710 potuit
974 1662 1058 1698 ter-

176 1736 237 1765 rae
258 1724 489 1777 pelagique
522 1723 662 1775 parari
699 1723 814 1773 Hoc,
846 1732 972 1773 quem
1000 1719 1060 1776 ci-

178 1786 285 1827 viles
311 1787 562 1836 hauserunt,
597 1784 821 1836 sanguine,
852 1781 1059 1822 dextrael’

177 1851 260 1890 &c.
318 1850 428 1892 Quae
461 1860 516 1888 ex
551 1847 742 1900 Agesilai
769 1845 902 1890 dicto*
920 1851 1061 1885 sumta

175 1924 288 1964 esse,
306 1912 372 1952 vir
390 1912 600 1952 maximus
618 1911 662 1951 in
683 1910 789 1951 Not.
808 1908 864 1949 ad
882 1920 979 1948 eum
998 1908 1059 1949 lo-

176 1989 273 2018 cum
292 1976 506 2017 observat.

232 2040 342 2080 Nam
359 2040 408 2090 si,
427 2038 574 2091 inquit]
620 2038 840 2079 Praeclare
858 2038 956 2088 hoc,
983 2035 1062 2077 sed

177 2104 320 2156 paullo
339 2104 480 2153 aliter,
497 2103 739 2154 Xenophon
756 2101 909 2155 eodem
928 2101 1036 2141 loco.

231 2167 474 2218 Nesmetipsi
492 2178 562 2206 nos
579 2163 951 2218 expugnaverimus]
989 2163 1063 2204 In-

180 2229 320 2271 vicem
341 2229 480 2269 attriti
502 2229 595 2268 sine
614 2227 788 2280 negotio
807 2228 974 2268 illorum
991 2225 1062 2267 do·

179 2292 403 2333 minationi
422 2291 676 2344 patebimus.
706 2292 817 2332 Nam
833 2291 934 2331 dum
949 2296 1064 2331 uter·

181 2367 265 2409 que
284 2356 327 2395 in
361 2355 544 2395 alterum
577 2353 783 2394 vindictae
817 2353 1062 2406 cupiditate

180 2426 229 2461 et
244 2420 333 2460 odii
364 2431 541 2460 rancore
561 2417 704 2459 fertur
723 2424 852 2471 atque
870 2419 1063 2459 intentus

183 2488 268 2535 est,
286 2483 473 2535 nihilque
492 2486 705 2534 praeterea
724 2487 797 2522 aut
817 2482 970 2522 metuit
987 2485 1064 2522 aut

184 2547 375 2599 cogitat3
404 2546 466 2586 sic
486 2545 674 2585 externis
691 2545 886 2586 hostibus
921 2556 1001 2597 per
1017 2557 1063 2585 se

182 2610 299 2662 ipsos
318 2609 373 2649 ad
395 2609 616 2650 interitum
629 2620 680 2648 ac
695 2608 928 2660 perniciem
947 2620 1064 2648 suam

187 2672 300 2713 viam
321 2677 518 2712 sternunt
538 2683 589 2711 ac
609 2670 822 2722 pandunt.
868 2669 1064 2711 Justiuus

185 2734 262 2776 lib.
282 2746 380 2775 xvi.
400 2739 442 2775 4.
470 2736 482 2756 ‘
501 2734 735 2775 Clearchus
754 2733 885 2774 exilio
904 2732 1065 2774 facino-

191 2798 328 2839 rosior
348 2797 561 2848 redditus,
592 2801 638 2836 et
654 2796 962 2837 dissensionem
990 2808 1066 2848 po·

187 2862 278 2914 puli
297 2860 564 2902 occasionem
593 2859 844 2899 invadendae
878 2859 1068 2911 tyranni-

188 2925 256 2964 dis
293 2922 571 2964 existimans.'
623 2923 770 2963 Probe
804 2922 858 2962 P.
899 2923 1033 2974 Syrus
1052 2934 1063 2963 :

188 2986 288 3026 ‘.1bi
309 2998 478 3038 semper
500 2991 567 3026 est
586 2986 782 3034 victoria,
802 2985 873 3026 ubi
893 2996 1067 3025 concor·

190 3048 262 3089 dia
281 3049 378 3089 est)
434 3050 493 3089 Et
522 3048 728 3089 Graecus:
757 3048 804 3087 Ἢ
819 3046 971 3098 ὁμόνοια
997 3045 1071 3097 μά-

189 3119 309 3152 λιστα
321 3111 368 3160 δὴ
385 3110 530 3153 πάντας
545 3111 635 3153 τοὺς
651 3111 867 3165 βαρβάρους
885 3111 1069 3161 ἐνίκησεν.

189 3177 328 3218 Tacit.
364 3176 418 3216 de
450 3176 654 3216 German.
689 3177 849 3217 Morib.
878 3188 973 3228 cap.
1003 3178 1070 3216 3⁷.

190 3241 205 3265 ‘
225 3240 333 3281 Inde
354 3240 503 3287 otium,
518 3239 653 3279 donec
670 3240 895 3280 occasione
912 3239 1073 3280 discor-

197 3306 278 3346 diae
298 3310 455 3346 nostrae
472 3309 518 3344 et
531 3302 715 3344 civilium
737 3314 967 3353 armorum,
1000 3313 1073 3341 ex·

195 3369 396 3421 pugnatis
417 3368 630 3420 legionum
658 3365 860 3416 hibernis,
890 3371 937 3406 et
969 3365 1074 3407 Gal·

195 3431 277 3471 lias
296 3429 585 3472 affectavere?
615 3429 666 3469 P.
680 3430 815 3481 Syrus
834 3441 847 3469 ι
875 3428 888 3451 ‘
907 3427 1074 3468 Seditio

198 3493 355 3535 civium
373 3494 555 3534 hostium
576 3499 644 3535 est
660 3489 861 3533 occasio.'
916 3490 1074 3531 Sallus-

199 3558 284 3612 tius
321 3557 530 3598 Oratione
549 3561 590 3599 2.
620 3556 674 3598 ad
709 3556 757 3597 C.
776 3555 986 3596 Caesarem
1021 3553 1076 3595 de

1887 259 1997 312 605

1111 391 1221 444 Rep.
1261 391 1542 434 ordinanda:
1570 388 1704 435 ‘Qua
1735 393 1997 443 tempestate

1111 456 1206 495 urbi
1242 456 1445 496 Romanae
1477 453 1616 495 fatum
1644 453 1801 500 excidii
1837 453 1997 501 adven·

1112 518 1234 569 tarit,
1253 518 1370 558 cives
1387 530 1485 558 cum
1514 518 1679 558 civibus
1713 529 1866 566 manus
1895 528 1998 558 con-

1111 585 1330 631 serturos3
1357 581 1419 621 ita
1452 579 1642 621 defessos
1678 587 1724 622 et
1759 592 1997 634 exsangues

1110 644 1205 698 regi
1224 650 1299 685 aut
1318 644 1482 685 nationi
1505 645 1663 696 praedae
1678 644 1879 686 futuros!
1914 646 1997 687 Pa-

1112 707 1262 749 cuvius
1283 707 1518 748 Hermione
1536 720 1547 747 :
1574 708 1587 730 ‘
1604 713 1786 760 quantas
1800 709 1894 748 haec
1914 707 1999 747 dis·

1112 771 1304 819 corditas
1351 770 1509 812 Clades
1549 771 1755 823 importet
1789 769 1997 811 familias!

1117 833 1316 875 Gebhard.
1486 871 1490 874 .

1169 897 1280 938 CAP.
1300 900 1342 938 6.
1371 896 1491 949 Apud
1506 896 1699 948 Leuctra]
1744 896 1858 938 Vide
1877 897 1992 948 Epa-

1114 960 1330 1002 minondae
1351 961 1512 1003 Vitam.
1529 962 1698 1013 Lougoi.
1753 960 1931 1002 Accidit
1948 961 2001 1000 il·

1113 1026 1159 1065 la
1190 1024 1412 1065 calamitas
1445 1024 1694 1078 olympiad.
1724 1036 1803 1065 cn.
1831 1036 1928 1064 anu.
1955 1026 1997 1064 2.

1115 1088 1203 1129 Sed
1239 1088 1571 1140 observandum,
1609 1089 1653 1128 in
1701 1086 2000 1140 Epaminonda

1115 1154 1221 1205 apud
1239 1152 1449 1201 Leuctram
1468 1152 1572 1205 dici,
1587 1165 1667 1205 pro
1685 1152 1868 1192 Leuctra.
1888 1151 1998 1194 Quae

1118 1227 1324 1267 generum
1343 1221 1388 1257 et
1414 1227 1685 1256 numerorum
1717 1214 1925 1266 Enallage
1954 1213 2000 1254 in

1116 1278 1358 1319 nominibus
1405 1278 1573 1319 urbium
1603 1290 1629 1317 a
1664 1277 1882 1318 veteribus
1914 1275 2023 1330 fre->

1118 1344 1379 1394 quentata.g
1401 1341 1474 1382 Sic
1492 1340 1544 1381 τὰ
1569 1339 1834 1393 Ἱεροσόλυμα,
1854 1343 1900 1380 et
1919 1339 2001 1380 Hi-

1117 1405 1388 1456 erosolymam,
1408 1409 1455 1444 et
1465 1404 1759 1456 Hierosolymas
1770 1393 1972 1443 dicebaut
1987 1415 2000 1453 ς

1118 1472 1170 1508 ut
1186 1467 1371 1518 Leuctra,
1382 1467 1606 1517 Leuctram,
1619 1467 1823 1507 Leuctras.
1854 1463 2002 1519 Atque

1119 1531 1182 1571 ita
1200 1530 1244 1570 in
1265 1531 1450 1571 caeteris.
1478 1530 1680 1570 Keuchen.

1178 1592 1236 1633 Ut
1253 1593 1289 1632 si
1307 1594 1356 1633 de
1374 1593 1487 1633 exitu
1506 1592 1723 1644 divinaret]
1752 1590 1886 1643 Ἔδοξε
1910 1593 2003 1646 θεῶν

1118 1670 1205 1697 τινα
1217 1655 1395 1709 χρησμὸν
1404 1654 1602 1710 εἰρηκέναι,
1615 1656 1755 1710 inquit
1770 1655 2003 1696 Diodorus.

1122 1719 1300 1760 Boecler.

1177 1784 1369 1837 Essetque
1398 1784 1483 1825 sine
1513 1784 1638 1826 muris
1673 1780 1876 1837 oppidum]
1935 1784 2004 1824 Ex

1121 1852 1345 1900 praecepto
1357 1848 1557 1901 Lycurgi.
1569 1849 1774 1891 Keuchen.
1786 1849 1879 1889 Viri
1890 1849 2005 1890 enim

1122 1912 1437 1954 Lacedaemone
1448 1911 1700 1953 fortitudine
1716 1925 1794 1952 sua
1807 1924 1888 1963 pro
1902 1923 2003 1951 moe·

1123 1975 1247 2016 nibus
1262 1980 1400 2015 erant.
1455 1976 1624 2015 Seneca
1649 1975 1813 2015 Rhetor
1831 1975 2007 2015 Suasor.

1124 2049 1176 2078 11.
1221 2042 1271 2078 ut
1314 2049 1392 2077 nos
1438 2037 1610 2090 quidem
1647 2036 2004 2077 emendabamus:

1123 2101 1248 2141 ‘Non
1283 2106 1352 2141 est
1384 2101 1541 2152 Sparta
1580 2100 1794 2151 lapidibus
1825 2099 2007 2141 circum·

1125 2165 1242 2206 data.
1314 2164 1405 2206 Ubi
1437 2165 1550 2206 viros
1587 2165 1732 2215 habet,
1766 2165 1827 2204 ibi
1864 2176 2007 2205 muros

1125 2241 1210 2270 non
1229 2229 1394 2270 habet!
1449 2230 1509 2270 Et
1538 2241 1665 2270 mox:
1692 2229 1705 2250 ‘
1722 2228 1840 2269 Muri
1871 2227 2007 2269 nostri

1125 2306 1244 2334 arma
1276 2293 1407 2334 sunt.’
1441 2293 1643 2334 Schottus.
1715 2293 1830 2332 Olim
1861 2291 2008 2333 Graeci

1125 2357 1251 2397 urbes
1271 2356 1360 2396 sine
1378 2356 1510 2396 muris
1529 2356 1790 2406 habuerunt,
1809 2361 1859 2396 ut
1889 2356 2006 2396 Thu-

1127 2418 1306 2472 cydides
1319 2419 1362 2459 in
1373 2420 1584 2460 Prooemio
1596 2420 1804 2471 scriptum
1820 2418 2011 2472 reliquit.

1125 2485 1324 2537 Spartam
1345 2484 1470 2524 nullis
1503 2483 1636 2525 fuisse
1667 2489 1833 2537 septam
1862 2483 2010 2524 moeni·

1126 2548 1225 2600 bus,
1245 2554 1463 2590 testantur
1493 2550 1619 2590 Plato
1649 2549 1835 2600 Dialogo
1853 2559 1918 2588 vr.
1956 2548 2011 2587 de

1127 2612 1328 2664 Legibus,
1347 2613 1605 2652 Plutarchus
1618 2612 1677 2663 lin
1699 2610 1945 2664 Lysandro,¹
1964 2610 2008 2649 in

1128 2674 1347 2728 Apophth.
1369 2681 1414 2715 et
1433 2675 1568 2717 instit.
1604 2677 1761 2716 Lacon.
1778 2680 1907 2727 atque
1924 2673 2011 2713 alii.

1130 2738 1311 2779 Ovidius
1326 2739 1527 2790 Spartam
1546 2739 1792 2778 immunitam
1813 2736 1983 2777 vocavit
1999 2749 2012 2787 ς

1129 2802 1190 2843 sic
1208 2802 1321 2843 euim
1341 2802 1403 2842 ait
1435 2802 1617 2842 Metam.
1638 2811 1686 2841 x.
1714 2800 1728 2824 ‘
1746 2801 1855 2840 Cum
1882 2800 2004 2840 Deus

1129 2867 1355 2915 Eurotam,
1386 2864 1734 2917 immunitamque
1762 2862 2008 2916 frequentat

1129 2928 1346 2981 Sparten.'
1400 2927 1488 2968 Sed
1523 2927 1668 2968 Livius
1701 2926 1775 2966 lib.
1798 2937 1861 2966 ιν.
1894 2936 1940 2966 v.
1966 2929 2013 2964 et

1130 3003 1234 3032 vm.
1264 2990 1450 3031 Decadis
1468 2989 1862 3043 quartae‚Spartam
1883 2986 2014 3029 muris

1134 3053 1267 3094 fuisse
1287 3052 1598 3094 circumdatam
1619 3052 1899 3091 demonstrat.
1956 3050 2015 3089 Et
2034 3047 2036 3049 ’

1133 3117 1210 3159 lib.
1227 3129 1292 3159 rx.
1326 3118 1403 3168 ait,
1433 3117 1578 3157 urbem
1599 3116 1708 3155 hauc
1730 3124 1855 3155 neec.
1884 3123 2016 3152 anno·

1134 3183 1262 3235 ηυνξ
1286 3182 1427 3234 spatio
1463 3181 1581 3221 nulla
1613 3178 1810 3219 habuisse
1846 3175 2015 3216 moenia.

1138 3245 1321 3290 Quando
1342 3245 1523 3297 primum
1541 3241 1738 3294 Spartani
1760 3240 1887 3280 armis
1907 3236 2014 3280 diffi-

1137 3310 1189 3359 si,
1209 3309 1357 3350 urbem
1389 3318 1602 3347 murorum
1633 3303 1834 3357 praesidio
1853 3304 2016 3344 clause-

1136 3372 1241 3422 rint,
1268 3370 1397 3411 docet
1413 3369 1606 3412 Justinus
1625 3368 1700 3410 lib.
1720 3378 1814 3409 xxv.
1830 3371 1871 3408 5.
1895 3365 2016 3413 ,Livi-

1137 3449 1188 3477 us
1220 3435 1297 3476 lib.
1316 3437 1358 3476 4.
1396 3433 1562 3476 Decad.
1582 3445 1647 3475 xv.
1677 3433 1917 3485 Tyrannos,
1945 3430 2019 3481 ait,

1136 3503 1309 3556 Spartae
1335 3513 1493 3553 muros,
1518 3496 1758 3551 cumfprius
1786 3495 1890 3536 nulli
1916 3493 2017 3534 fuis—

1141 3574 1254 3620 sent,
1269 3567 1402 3622 planis
1417 3566 1664 3621 apertisque
1675 3564 1782 3605 locis
1798 3565 2017 3604 construx-
