2306 3900
659 331 845 375 xxiv.
906 332 1224 388 cA'roNEM‚
1265 333 1405 375 cAr.
1441 320 1497 375 2.

152 455 206 497 τὰ
220 456 293 505 τῆς
311 453 456 508 ἀρετῆς
467 454 636 508 πρωτεῖα
650 452 705 504 μὴ
729 450 935 504 μεθιέντων
947 454 1032 494 τοῖς

151 518 418 573 ἆσημοτέροις,
444 520 524 559 τῶν
547 518 597 571 δ’,
624 518 766 571 ὥσπερ
786 518 902 559 αὐτός
929 518 1033 570 ἐστι,

152 585 372 634 δημωτικῶν
399 579 671 633 ἁμιλλωμένων
687 581 806 635 ἀρετῇ
821 581 917 634 πρὸς
940 579 1034 622 τοὺς

149 646 325 698 τῷιγένει
339 646 404 687 καὶ
417 649 470 701 τῇ
485 644 574 700 δόξῃ
590 643 844 699 προήκοντας.
894 645 1032 688 Quin·

152 712 283 752 etiam
300 714 515 752 mortuum
533 709 778 762 Scipionem
795 709 1036 749 insectatus

152 779 220 816 est
239 773 304 814 M.
325 773 448 814 Cato.
467 771 613 812 Livius
632 781 842 813 xxxvm.
860 771 876 795 ‘
889 772 1037 812 Morte

152 835 353 877 Africani·
366 846 548 877 crevere
580 834 850 875 inimicorum
877 835 1035 875 animi:

153 912 336 954 quorum
355 900 559 953 princeps
577 897 662 939 fuit
679 898 744 940 M.
759 898 943 939 Porcius
957 899 1039 939 Ca·

152 969 226 1016 to,
246 963 337 1019 qui,
373 963 473 1004 vivo
514 974 683 1016 quoque
719 973 787 1013 eo,
833 961 1038 1002 allatrare

153 1028 249 1080 ejus
269 1058 276 1062 .
303 1026 648 1080 magnitudinem
707 1025 860 1066 solitus
910 1024 1037 1067 erat.'

153 1091 337 1133 Lmbin.
427 1119 433 1125 .
612 1119 614 1121 .
726 1120 731 1125 .
945 1122 948 1125 .

207 1154 359 1196 AEdilis
380 1153 510 1206 plebis
528 1152 667 1203 fuctus
683 1155 743 1193 est
761 1163 849 1192 cum
869 1151 916 1193 C.
935 1150 1038 1192 Het-

152 1218 235 1271 vio]
263 1217 556 1262 Quadriennio
575 1221 674 1270 post
690 1220 965 1270 quaesturam.
994 1214 1040 1254 Is

155 1289 222 1324 est
257 1293 390 1323 annus
421 1283 570 1322 Romae
601 1284 695 1321 6⁵1.
750 1279 849 1322 Quo
884 1277 1041 1331 agebat

155 1346 300 1389 oetatis
346 1357 484 1387 xxxt.
531 1344 684 1386 Schott.
774 1349 851 1385 aut
884 1354 1041 1399 xxxa.

153 1409 296 1452 Lamb.
350 1410 405 1450 Τ.
424 1408 569 1450 Livius
587 1419 742 1449 xxxix.
769 1408 785 1431 ‘-
799 1406 910 1447 Inde
928 1418 1042 1459 prae-

154 1480 298 1515 torum
348 1472 523 1514 comitia
557 1471 727 1512 thabita.
796 1469 945 1510 Creati
991 1470 1041 1511 L.

155 1535 381 1578 Cornelius
399 1535 589 1586 Merula,
606 1534 671 1574 M.
692 1531 901 1575 Claudius
922 1533 1042 1573 Mar-

156 1600 307 1652 celluS,
326 1599 390 1640 M.
410 1599 599 1640 Porcius
612 1597 741 1649 Cato,
765 1596 819 1638 C.
838 1594 1041 1648 Helvius,

158 1663 232 1717 qui
251 1661 555 1714 aedilesplebis
570 1659 772 1701 fuerant?
820 1659 1042 1701 Caeterum

156 1727 269 1767 male
298 1725 343 1766 in
375 1724 562 1778 Nepotis
589 1722 833 1775 fragmento
863 1722 911 1764 C.
937 1721 1043 1762 Hel-

157 1789 255 1830 vius
272 1788 528 1841 appellatur,
546 1787 620 1840 qui
650 1787 700 1827 C.
715 1786 864 1827 AElius.
919 1784 1043 1824 Idem

158 1851 305 1893 Livius
325 1863 423 1892 eum
440 1849 540 1891 alibi
557 1849 714 1890 AElium
728 1851 871 1889 vocat.
886 1846 1042 1891 Schott.

160 1914 279 1966 Mag.
335 1913 499 1954 AEdiles
526 1911 668 1965 plebis
696 1911 957 1964 Theophilus
974 1910 1044 1951 ἄσ-

158 1975 390 2028 τυνομικοὺς,
401 1981 545 2029 vocat,
578 1976 653 2029 qui
681 1987 860 2016 numero
890 1974 945 2016 ab
966 1975 1046 2016 ini-

159 2045 223 2086 tio
237 2043 412 2085 fixerunt
432 2044 532 2085 duo.
587 2042 947 2096 LegePompon.
967 2041 1044 2084 lib.

159 2119 214 2149 n.
241 2105 287 2149 ff.
317 2107 373 2148 de
403 2107 531 2160 Orig.
556 2106 647 2159 Jar.
674 2111 722 2148 et
749 2106 1045 2147 Fenestellam

161 2171 218 2217 de
249 2170 501 2224 Magistrat.
545 2171 726 2213 Roman.
759 2181 864 2212 xm.
917 2169 1045 2210 Post-

161 2233 335 2275 modum
354 2234 462 2275 illud
479 2246 631 2276 munus
662 2235 913 2287 ampliatum
944 2233 1047 2285 fuit,

163 2302 211 2339 et
227 2309 306 2338 sex
324 2298 462 2339 creati
477 2302 593 2340 ,sunt
621 2309 677 2339 ex
709 2297 917 2339 instituto.
938 2296 1048 2339 Julii

161 2360 361 2403 Caesaris.
412 2361 511 2402 Duo
530 2360 720 2413 patricii,
739 2360 812 2414 qui
828 2359 1048 2412 Cereales,

162 2431 210 2467 et
228 2429 415 2479 quatuor
431 2437 486 2465 ex
505 2424 649 2478 plebe.
704 2423 822 2465 Dion
841 2435 955 2465 xLu.
983 2422 1050 2464 καὶ

162 2489 205 2536 ἐς
220 2488 293 2540 μὲν
308 2486 358 2528 τὸ
372 2489 527 2542 πρὸτον
543 2486 646 2539 ἔτος,
661 2486 848 2540 πρότερον
872 2486 936 2528 καὶ
954 2487 1048 2538 &70-

163 2551 336 2605 ράνομοι,
351 2551 447 2593 τότε
463 2553 628 2604 πριῗπον,
644 2548 712 2592 δύο
735 2548 810 2601 μὲν
834 2549 904 2592 καὶ
932 2551 973 2602 ἐξ
990 2551 1048 2591 εὖ·

163 2619 373 2670 πατριδῶν,
398 2612 591 2668 τέσσαρες
621 2612 663 2654 δὲ
694 2613 740 2653 ἑκ
768 2614 841 2654 τοῦ
862 2613 1048 2662 πλήθους·

163 2679 217 2720 ὃν
233 2681 270 2720 οἳ
287 2678 356 2720 δύο
371 2678 447 2728 τὴν
463 2676 542 2719 ἀπὸ
567 2679 640 2726 τῆς
657 2675 864 2730 Δήμητρος
883 2676 1046 2727 ἐπίκλη·

165 2756 230 2784 σιν
247 2741 441 2796 φέρουσιν.
469 2741 674 2782 Keuchen.

218 2806 381 2846 Proetor
418 2802 666 2857 provinciam
705 2801 878 2844 obtinuit
914 2801 1053 2844 Surdi-

162 2868 298 2921 ιιίιιηι]
332 2867 460 2909 Anno
489 2866 624 2908 Urbis
641 2869 735 2906 666.
763 2866 920 2907 Sclwtt.
977 2866 1050 2907 Li-

162 2933 260 2973 -vius
287 2930 441 2973 eodem
469 2930 545 2971 lib.
574 2929 780 2972 ‘Praetor
810 2930 859 2971 L.
892 2930 1051 2971 Corne-

167 2999 249 3040 lius
282 2998 456 3039 Merula
486 2996 711 3047 urbanam,
750 2995 822 3036 M.
844 2989 1051 3036 Claudius

170 3061 374 3113 Siciliam,
392 3061 458 3102 M.
470 3059 651 3101 Porcius
666 3059 777 3101 Cato
794 3058 1053 3111 Sardiniam,

171 3124 222 3165 C.
275 3122 459 3163 Helvius
502 3121 689 3163 Galliam
741 3127 808 3163 est
846 3121 1052 3163 sortitus!

166 3185 455 3226 Plutarchus:
483 3183 697 3237 Ἔπαρχίαν
725 3184 768 3226 δὲ
791 3185 927 3231 λαβὼν
954 3182 1054 3238 Σάρ-

166 3252 281 3302 vom,
297 3251 376 3289 τῶν
390 3246 464 3300 πρὸ
482 3247 601 3288 αὐτοῦ
617 3249 852 3301 στρατηγῶν
870 3246 1055 3289 εἰωθότων

173 3314 339 3366 χρῆσθαι
371 3309 596 3359 σκηνώμασι
631 3308 845 3361 δημοσίοις,
877 3308 943 3350 καὶ
967 3309 1052 3351 κλί-

173 3391 270 3428 ναις,
288 3374 353 3416 καὶ
369 3374 547 3425 ἱματίοις,
582 3373 718 3427 πολλῇ
734 3387 779 3413 τε
796 3371 859 3413 καὶ
873 3371 1054 3426 θεραπείᾳ

167 3439 240 3480 καὶ
270 3438 397 3491 φίλων
430 3436 586 3488 πλήθει,
612 3435 678 3476 καὶ
705 3434 793 3488 περὶ
820 3436 957 3476 δεῖπνα
989 3434 1054 3477 καὶ

174 3501 360 3543 δαπάναις
401 3501 465 3542 καὶ
492 3502 751 3554 παρασκευαῖς
797 3499 1056 3553 βαρυνόντων,

177 3566 328 3627 ἐκεῖνος.
339 3563 504 3609 &mov
518 3564 676 3620 ἐποίησε
692 3563 768 3617 τὴν
784 3563 967 3619 διαφορὰν
984 3565 1060 3615 τῆς

1875 319 1983 373 671

1096 451 1308 494 εὐτελείας.
1337 452 1523 503 Lumbin.
1587 449 1701 492 Vide
1729 449 1984 492 Ciceronem

1096 517 1143 558 in
1177 517 1344 558 Catone
1357 529 1377 567 5
1400 516 1668 568 ScrIptorem
1702 515 1758 556 de
1787 514 1883 556 Vir.
1925 514 1989 555 11..

1096 581 1222 622 lustr.
1239 583 1307 621 47.
1363 580 1536 620 Nomen
1556 579 1762 619 Sardiniae
1780 590 1806 618 a
1825 577 1987 619 Sardus

1098 643 1352 695 deductum,
1368 642 1484 696 quod
1503 654 1626 683 mere
1637 642 1903 683 Phoenicium
1919 646 1988 683 est

1101 711 1253 762 ΡἺἾῧ,
1283 725 1378 766 quae
1416 724 1500 753 vox
1537 712 1668 753 etiam
1703 712 1744 752 in
1777 710 1989 752 Sardana-

1099 777 1201 828 palo
1228 775 1430 818 occurrit.
1485 775 1573 816 Hic
1601 775 1763 816 Sardus
1782 775 1988 817 Herculis

1099 837 1296 880 Africani
1315 837 1429 879 filius
1444 836 1578 879 fuisse
1593 836 1862 890 perhibetur,
1874 843 1990 878 teste

1099 902 1146 943 in
1172 902 1374 944 Phocicis
1393 902 1639 952 Pausania3
1672 901 1746 954 qui
1779 901 1990 942 coloniam

1099 966 1354 1008 Phoenicum
1374 971 1421 1007 et
1438 964 1640 1006 Afrorum
1672 965 1718 1005 in
1747 963 1992 1005 Sardiniam

1100 1029 1240 1071 duxit.
1292 1029 1382 1071 Alii
1402 1029 1548 1070 Sardis
1563 1028 1773 1069 scribunt.
1829 1027 1989 1068 Isidor.

1102 1103 1203 1134 xxv.
1233 1093 1362 1146 Orig.
1382 1093 1395 1116 ‘
1411 1092 1560 1134 Sardis
1577 1091 1770 1132 Hercule
1788 1102 1993 1144 procrea-

1103 1161 1173 1197 tus
1187 1168 1460 1209 cummagna
1487 1154 1765 1196 multitudine
1797 1165 1822 1195 e
1852 1154 1992 1207 Lybia

1102 1218 1326 1272 profectus
1345 1218 1588 1260 Sardiniam
1608 1217 1853 1270 occupavit,
1874 1223 1991 1258 etex

1105 1293 1182 1322 suo
1214 1281 1425 1322 vocabulo
1455 1280 1606 1320 insulae
1636 1291 1794 1320 nomen
1833 1278 1990 1321 dedit!

1103 1342 1146 1385 A
1162 1343 1330 1385 Graecis
1349 1343 1635 1384 communiter
1649 1342 1782 1394 Σαρδὼ
1797 1348 1992 1385 vocatur.

1104 1407 1307 1448 Kaoehen.
1939 1433 1948 1441 ·

1108 1494 1121 1498 -ν
1160 1470 1214 1517 Q.
1234 1471 1410 1512 Ennium
1425 1470 1583 1523 pob‘tam
1597 1469 1836 1522 deduxerat]
1850 1469 1996 1523 Scrip-

1104 1537 1174 1574 tor
1193 1533 1248 1574 de
1267 1533 1384 1574 Viris
1404 1534 1656 1575 Illustribus
1674 1547 1685 1574 :
1706 1534 1718 1556 ‘
1733 1533 1786 1573 In
1803 1538 1997 1585 praetura

1103 1597 1347 1639 Sardiniam
1357 1597 1543 1651 subegit,
1557 1597 1630 1638 ubi
1647 1596 1701 1637 ab
1718 1596 1856 1637 Ennio
1871 1596 1997 1637 Gra-

1106 1662 1168 1704 cis
1186 1663 1324 1703 literis
1344 1661 1600 1703 institutus:
1644 1660 1785 1713 Atqui
1804 1660 1868 1700 M.
1882 1660 1995 1701 Cato

1105 1726 1150 1766 in
1178 1726 1362 1779 quadam
1382 1725 1596 1766 Oratione
1627 1724 1783 1777 objicit
1815 1730 1866 1765 ut
1896 1737 1997 1778 pro-

1105 1788 1230 1829 brum
1257 1789 1322 1829 M.
1344 1787 1574 1840 Nobiliori,
1609 1787 1724 1840 quod
1757 1787 1793 1828 is
1824 1787 1869 1828 in
1899 1800 1998 1841 pro-

1106 1853 1292 1894 vinciam
1330 1851 1482 1906 poetas
1512 1851 1721 1893 duxisset.
1794 1853 1999 1894 Duxerat

1105 1922 1252 1958 autem
1272 1916 1432 1958 Consul
1450 1916 1523 1956 ille
1541 1916 1585 1956 in
1605 1915 1824 1967 AEtoliam‚
1845 1922 1896 1957 ut
1917 1917 1999 1957 sci-

1105 1991 1216 2030 mus,
1242 1979 1447 2030 Ennium,
1475 1978 1616 2032 inquit
1641 1979 1707 2019 M.
1727 1978 1894 2019 Tullius
1920 1978 1996 2020 lib.

1108 2053 1142 2083 1.
1170 2042 1298 2083 Tusc.
1353 2039 1481 2082 Idem
1516 2041 1668 2081 Cicero
1704 2052 1784 2093 pro
1808 2040 1996 2083 Archia:

1109 2106 1122 2129 ‘
1142 2105 1171 2147 J
1177 2117 1244 2145 am
1258 2116 1363 2145 vero
1382 2103 1471 2155 ille,
1489 2104 1672 2157 quicum
1686 2103 1839 2144 AEtolis
1858 2104 1999 2145 Ennio

1111 2168 1272 2210 comite
1293 2166 1489 2220 bellavit,
1509 2166 1706 2217 Fulvius,
1727 2178 1813 2207 non
1833 2167 2002 2208 dubita·

1112 2231 1178 2272 vit
1211 2231 1370 2272 Martis
1406 2229 1633 2270 manubias
1671 2229 1811 2270 Musis
1850 2242 1999 2272 conse·

1113 2294 1268 2337 crare!
1296 2294 1422 2335 Idem
1443 2294 1488 2334 in
1504 2294 1659 2336 Bruto.
1686 2293 1871 2335 Lumbin.

1118 2377 1123 2381 ·
1167 2359 1282 2400 cst.
1303 2361 1343 2400 2.
1391 2358 1644 2399 Consulatum
1672 2358 1801 2409 gessit
1828 2370 1916 2399 cum
1946 2358 1997 2399 L.

1119 2422 1276 2463 Valerio
1296 2421 1456 2474 Flacco]
1498 2420 1626 2462 Anno
1658 2421 1713 2463 ab
1744 2421 1801 2462 U.
1824 2422 1874 2462 C.
1903 2425 1999 2462 668.

1111 2488 1160 2530 Τ.
1193 2487 1290 2529 Liv.
1325 2486 1442 2528 Anu.
1477 2486 1552 2528 lib.
1583 2497 1756 2528 xxxin.
1782 2486 2003 2527 ‘Comitia

1111 2549 1212 2591 inde
1239 2549 1385 2591 habita
1413 2562 1440 2590 a
1468 2550 1535 2592 M.
1566 2550 1777 2591 Marcello
1808 2551 2002 2591 consule.

1114 2613 1263 2654 Creati
1283 2614 1479 2654 consules
1516 2614 1567 2654 L.
1583 2613 1783 2655 Valerius
1803 2614 2002 2667 Flaccus,

1112 2678 1179 2718 M.
1203 2677 1388 2718 Porcius
1403 2676 1540 2718 Cato!
1566 2676 1706 2718 Lamb.

1168 2740 1288 2781 Sorte
1314 2740 1559 2793 provinciam
1587 2745 1726 2781 nactus
1757 2740 2003 2793 Hispaniam

1113 2802 1353 2855 citeriorem]
1374 2803 1518 2844 Livius
1537 2816 1548 2843 z
1570 2804 1583 2827 ‘
1599 2803 1710 2844 Cato
1729 2804 2001 2856 Hispaniam,

1114 2867 1316 2908 Valerius
1348 2866 1522 2908 Italiam
1560 2872 1628 2909 est
1660 2867 1866 2909 sortitus.’
1895 2867 2001 2908 Plu-

1115 2931 1289 2972 tarchus
1306 2944 1318 2972 ε
1338 2930 1515 2972 ’Ὕπατος
1530 2929 1572 2971 δὲ
1589 2931 1691 2981 μετὰ
1717 2928 1898 2971 Φλάκκου
1925 2931 2002 2971 Οὐ·

1115 2994 1268 3048 αλερίου
1283 2995 1354 3035 τοῦ
1375 2994 1492 3047 φίλου
1511 2993 1583 3035 ’καὶ
1611 2992 1792 3043 συνήθους
1820 2994 2003 3046 ἀποδειχ-

1115 3058 1207 3107 θεὶς,
1226 3055 1351 3109 ἔλαχε
1367 3058 1442 3107 τὴν
1462 3058 1651 3111 ἐπαρχίαν
1667 3055 1716 3107 ἣν
1733 3057 1843 3100 ἐντὸς
1870 3059 2005 3099 ‘Imm-

1116 3121 1200 3165 νίαν
1215 3124 1414 3165 καλοῦσιν.
1470 3124 1596 3164 Idem
1616 3123 1763 3164 Livius
1781 3137 1791 3163 ε
1822 3124 1834 3146 ‘
1852 3124 1901 3164 L.
1920 3123 2004 3163 Va-

1117 3187 1247 3228 lerius
1260 3187 1439 3228 Flaccus
1453 3192 1499 3228 et
1514 3186 1765 3227 M Porcius
1778 3186 1902 3238 Cato,
1915 3196 2001 3238 quo

1118 3250 1190 3291 die
1221 3250 1518 3303 magistratum
1560 3249 1765 3299 inierunt,
1812 3247 1867 3289 de
1905 3259 2002 3300 pro·

1118 3313 1269 3355 vinciis
1288 3311 1386 3354 cum
1414 3314 1469 3353 ad
1497 3313 1704 3353 Senatum
1735 3310 2003 3363 retulissent,

1116 3377 1279 3417 ‘Patres
1298 3380 1575 3427 censuerunt,
1609 3386 1707 3415 cum
1724 3374 1774 3414 in
1786 3373 2003 3427 Hispania

1121 3444 1287 3481 tantum
1309 3439 1511 3492 glisceret
1530 3437 1705 3489 bellum,
1723 3442 1772 3477 ut
1784 3436 1878 3490 jam
1898 3449 2000 3478 con-

1120 3503 1250 3544 sulari
1270 3508 1317 3544 et
1346 3502 1455 3544 duce
1484 3507 1530 3543 et
1561 3501 1760 3542 exercitu
1796 3512 1904 3553 opus
1937 3513 2002 3541 es·
2027 3550 2029 3553 ι

1121 3572 1202 3622 set,
1241 3567 1414 3623 placere
1433 3566 1626 3611 consules
1654 3564 1912 3620 Hispaniam
1942 3564 2001 3605 ci,
