2306 3900
642 324 748 363 vu,
808 324 1219 377 ΑιοιΒιΑοΕΜ,
1258 327 1393 366 οΑν.
1432 315 1482 365 ’7.

155 436 263 493 aaa]
306 439 359 481 Τὸ
374 437 417 481 δὲ
434 442 659 482 τελευταῖον
677 441 794 481 αὐτὸν
810 440 1034 494 στρατηγὸν

156 505 474 554 καταστήσαντες
521 504 797 558 αὐτοκράτορα,
840 505 906 546 καὶ
933 501 1034 545 κατὰ

153 570 244 620 γῆν,
263 567 327 608 καὶ
343 570 444 610 κατὰ
461 567 674 610 θάλατταν.
711 570 895 610 Diodor.

212 632 268 672 Ut
295 634 369 673 duo
403 633 479 673 sibi
505 633 679 684 collegoe]
731 632 872 673 Εἵλετο
898 631 941 672 δὲ
966 631 1031 672 καὶ

153 695 397 748 στρατηγοὺς
424 694 574 748 ἑτέρους
604 698 759 749 ἐκεῖνος,
785 697 850 738 οὓς
876 697 1032 750 ἤθελεν,

152 757 377 808 Ἀδείματον
393 759 459 798 καὶ
472 758 761 812 Θρασύβουλον.
799 760 935 800 Idem.

209 814 340 862 Classe
353 815 396 862 Ιἰιι
413 823 552 862 Asiam
568 815 782 874 profectus]
817 824 917 863 Fuit
937 823 1029 864 haec

151 890 324 926 centum
360 887 544 926 navium.
588 887 750 927 sustin.
784 887 857 928 lib.
895 898 937 928 v.
983 893 1029 927 et

153 949 372 990 Plutarch.
393 951 434 989 in
455 951 544 990 vita
563 955 763 992 testatur.

203 1011 323 1064 Apud
356 1011 523 1064 Cymen]
583 1012 732 1064 Cyme,
760 1014 913 1065 Cyma,
958 1014 1028 1054 vel

152 1075 286 1114 Cuma
319 1073 435 1115 πόλις
465 1073 639 1115 Αἰολίδος
666 1073 740 1128 πρὸ
766 1077 839 1124 τῆς
862 1073 1028 1122 Λέσβου.

149 1138 261 1178 Vide
291 1138 437 1190 Steph.
458 1143 503 1178 et
534 1139 652 1179 alios.
701 1139 903 1179 Nonnulli
935 1151 1027 1180 cor·

150 1205 278 1252 rupte
299 1200 439 1253 Symen
460 1201 623 1252 legunt.
681 1201 789 1243 Quae
804 1201 943 1241 insula
958 1208 1027 1241 est

150 1262 289 1303 Cariae
318 1263 458 1303 vicina
490 1263 602 1315 apud
632 1264 778 1305 Strab.
809 1274 905 1304 xiv.
957 1265 1025 1304 De

150 1326 284 1379 Cyme
301 1320 409 1366 facit
429 1327 687 1366 mentionem
707 1325 872 1366 Plinius
887 1327 962 1366 lib.
982 1339 1025 1368 v.

149 1391 216 1428 30.
244 1393 289 1429 et
306 1389 348 1428 in
363 1389 534 1429 Troade
550 1402 647 1430 cum
662 1390 882 1442 Myrrhina
895 1390 1025 1432 locat.

147 1451 348 1491 Meminit
376 1453 507 1492 etiam
550 1453 774 1504 Eusebius,
812 1453 1023 1506 quisshanc

118 1523 122 1526 ·
150 1514 264 1556 Asioe
279 1515 424 1555 urbem
439 1529 463 1555 a
475 1516 643 1557 Christo
654 1522 756 1558 nato
770 1528 881 1558 cvu.
895 1522 1023 1558 terrae

146 1582 266 1617 motu
284 1590 478 1618 eversam
497 1578 620 1618 dicit.
650 1579 828 1630 Magius.
870 1580 1024 1620 Paullo

147 1639 273 1680 aliter
291 1640 416 1682 Diod.
435 1646 481 1682 et
499 1641 755 1694 Xenophon,
772 1643 844 1695 qui
863 1654 948 1682 non
967 1643 1022 1683 ad

147 1702 323 1754 Cymen,
342 1702 417 1743 sed
435 1715 570 1755 prope
596 1704 774 1744 Notium
803 1705 935 1746 Ioniae
957 1717 1024 1745 ur·

146 1764 243 1805 bem
288 1771 538 1818 pugnatum,
575 1769 786 1820 culpaque
822 1767 1023 1809 Antiochi

146 1829 444 1882 gubernatoris
475 1831 641 1872 cladem
673 1835 1022 1886 acceptamscri-

142 1893 276 1944 bunt;
305 1893 359 1934 ad
380 1894 542 1945 Cymen
559 1896 712 1936 veroin
728 1902 1020 1948 eo.peccatum

144 1957 199 1998 ab
212 1957 450 2004 Alcibiade,
467 1959 577 2011 quod
594 1959 660 1998 vel
675 1970 832 2011 capere
848 1971 931 2000 non
948 1964 1020 2012 po'-

142 2019 292 2071 tuerit,
309 2026 382 2060 ant
400 2033 493 2060 cum
526 2026 639 2062 esset
662 2021 761 2062 urbs
796 2022 1020 2075 sociorum,

143 2094 236 2123 cam
253 2083 526 2135 oppugnarit.

194 2145 337 2186 Minus
351 2159 403 2186 ex
416 2146 626 2198 sententia]
660 2147 797 2200 Culpa
819 2147 1019 2188 Antiochi

141 2209 456 2262 gubernatoris,
504 2222 629 2263 quem
671 2215 872 2251 vetuerat
901 2210 1018 2251 Alci-

140 2271 288 2312 biades
318 2285 364 2313 se
395 2273 571 2313 absente
602 2273 751 2326 praelio
779 2273 1018 2314 decertare.

140 2335 338 2387 Xenoph.
359 2334 582 2376 ἐπιστείλας
598 2336 653 2387 μὴ
672 2331 849 2376 ἐπιπλεῖν
866 2335 929 2376 ἐπὶ
945 2337 1017 2378 τὰς

139 2396 357 2449 Λυσάνδρου
368 2399 470 2439 ναῦς.
486 2398 664 2440 Lambin.
710 2400 782 2441 Sic
799 2399 1015 2441 Diodorus

138 2465 183 2500 et
202 2460 472 2502 Plutarchus.

193 2522 244 2563 In
260 2523 469 2577 invidiam]
515 2524 564 2565 Oi
593 2525 625 2565 δ’
646 2525 687 2564 ἐν
705 2525 795 2576 οἴκῳ
811 2525 1014 2578 Ἀθηναῖοι,

138 2585 269 2634 ἐπειδὴ
301 2586 481 2638 ἠγγέλθη
524 2588 550 2637 ἦ
585 2588 794 2640 ναυμαχία,
827 2592 1012 2642 χαλεπῶς

139 2645 248 2698 εἶχον
261 2651 319 2700 τῷ
334 2648 574 2704 Ἀλκιβιάδῃ.
607 2653 805 2705 Xenoph.

192 2711 310 2752 Nihil
324 2713 426 2753 enim
443 2726 528 2755 eum
543 2726 618 2754 non
635 2714 799 2768 efficere]
838 2713 1013 2765 Οἷόμενοι

138 2773 186 2813 δι’
206 2767 389 2824 ἆμῖλειάν
414 2789 460 2816 τε
486 2775 551 2815 καὶ
578 2775 784 2829 ἀκράτειαν
808 2779 1010 2818 ἀπολωλε-

137 2835 242 2877 κέναι
254 2836 327 2878 τὸς
343 2839 447 2879 ναῦς.
482 2839 619 2880 Idem.

190 2901 449 2952 Negligenter
464 2907 534 2941 aut
549 2902 759 2954 malitiose]
791 2903 903 2944 Illud
917 2916 1012 2957 pro-

137 2965 232 3015 prie
253 2964 405 3018 culpae,
423 2965 503 3006 hoc
523 2966 609 3006 doli
627 2972 706 3008 est.
736 2967 935 3007 Raevard.
954 2967 1009 3008 ad

136 3027 209 3067 lib.
228 3036 346 3067 xxu.
361 3026 416 3067 de
435 3028 543 3080 Reg.
571 3029 689 3070 Juris
706 3030 799 3070 haec
819 3030 1009 3070 auctoris

135 3089 267 3129 verba
279 3089 416 3130 minus
436 3097 636 3133 accurate
651 3092 891 3145 distinguit.
922 3093 1008 3134 Sed

135 3151 290 3204 inspici
309 3151 461 3203 dignus
480 3152 791 3196 Rittershusius
819 3157 863 3197 in
884 3156 1008 3197 istam

134 3215 273 3267 legem
311 3214 536 3256 Protheor.
574 3227 671 3268 cap.
704 3221 746 3258 4.
778 3225 824 3260 et
848 3231 943 3272 cap.
968 3225 1008 3261 6.

134 3277 234 3318 vid.
253 3281 467 3330 praeterea
483 3278 644 3320 sustin.
661 3290 704 3320 v.
718 3284 758 3321 5.

190 3339 426 3392 Cmptum
441 3352 466 3380 ο
490 3340 616 3393 Rege]
645 3340 736 3383 Aut
750 3341 805 3383 ab
822 3342 914 3396 ejus
930 3344 1006 3385 Sa-

134 3408 256 3454 trape
265 3402 559 3455 Pharnabazo,
570 3403 613 3445 in
630 3405 750 3458 cnjus
761 3405 1008 3460 amicitiam,

133 3469 181 3507 ut
200 3466 434 3519 arguebant
463 3468 557 3521 ejus
586 3469 762 3525 inimici,
780 3469 921 3513 fuerat
938 3482 1005 3513 re-

1859 314 1968 365 ..501

1095 448 1259 495 ceptus.
1299 445 1462 484 Diodor.

1149 507 1330 547 Nimiam
1373 509 1588 559 opinionem
1631 508 1801 560 ingenii]
1860 506 1972 549 Vide

1093 569 1388 610 Plutarchum.

1147 634 1211 673 Ne
1227 634 1393 672 secunda
1401 633 1583 682 fortuna,
1596 632 1801 684 opibusque
1819 632 1974 688 maguis

1091 695 1232 747 elatas]
1281 695 1460 736 Divitiae
1495 694 1682 734 animum
1718 692 1885 744 inflant,
1925 697 1974 733 et

1090 759 1252 810 majora
1266 757 1504 810 appetendi·
1514 757 1758 809 cupidinem
1771 755 1973 797 inferunt.

1094 821 1269 861 Habere
1304 820 1417 860 euim
1454 833 1499 860 se
1540 820 1682 860 sciunt
1723 818 1970 870 facultates,

1092 884 1244 936 quibus
1262 883 1404 924 omnia
1418 883 1502 923 sibi
1523 894 1656 935 prona
1674 882 1855 922 reddere
1876 893 1971 936 pos-

1091 958 1136 986 se
1151 946 1413 995 existimant,
1423 951 1552 998 atque
1563 946 1782 997 iudignum
1797 944 1973 996 ducunt,

1089 1022 1185 1050 cum
1206 1010 1388 1062 pecunia
1417 1015 1462 1050 et
1490 1010 1614 1061 copia
1638 1021 1780 1049 rerum
1810 1008 1971 1048 emine-

1089 1079 1180 1120 ant,
1198 1085 1281 1112 non
1309 1073 1496 1112 eminere
1512 1072 1636 1111 simul
1654 1072 1968 1123 houm-eatque

1089 1136 1281 1188 imperio.
1306 1135 1419 1175 Vide
1436 1135 1612 1175 Diodor.
1633 1135 1763 1175 Sicul.
1778 1133 1852 1174 lib.
1870 1143 1968 1174 ΧΠ.

1088 1202 1142 1241 de
1187 1202 1450 1254 Timophane
1493 1199 1767 1241 Timoleontis
1818 1197 1968 1239 fratre.

1089 1264 1234 1304 Caesar
1263 1264 1317 1304 de
1349 1261 1462 1304 bello
1499 1263 1668 1303 Gallico
1696 1262 1769 1302 lib.
1796 1273 1830 1302 1.
1863 1273 1901 1301 c.
1926 1263 1969 1302 2.

1086 1326 1099 1348 ‘
1115 1325 1246 1378 Apud
1270 1325 1492 1365 Helvetios
1516 1325 1643 1376 longe
1680 1322 1967 1363 nobilissimus

1087 1395 1133 1430 et
1161 1390 1391 1431 ditissimus
1422 1388 1672 1440 Orgetorix,
1696 1387 1760 1426 M.
1777 1386 1968 1426 Messala

1087 1459 1132 1493 et
1158 1452 1222 1494 M.
1240 1452 1398 1493 Pisone
1423 1452 1541 1492 Coss.
1567 1450 1772 1502 regnandi
1799 1448 1968 1500 cupidi-

1085 1522 1177 1558 tate
1196 1516 1398 1556 inductus
1412 1514 1748 1567 conjurationem
1764 1511 1966 1552 nobilita-

1085 1580 1141 1620 tis
1159 1578 1296 1620 fecit!
1325 1578 1460 1631 AEque
1476 1577 1591 1618 clare
1610 1575 1684 1616 lib.
1698 1587 1748 1616 11.
1768 1586 1860 1626 cap.
1882 1578 1920 1614 1.
1934 1573 1967 1614 f.

1084 1646 1097 1668 ⁴
1122 1643 1190 1684 Ab
1218 1643 1429 1684 nonnullis
1449 1642 1596 1692 etiam,
1615 1638 1728 1692 quod
1755 1638 1800 1678 in
1819 1638 1966 1679 Gallia

1084 1721 1110 1748 a
1134 1705 1450 1760 potentioribus
1469 1709 1599 1758 atque
1618 1704 1685 1754 iis,
1702 1703 1772 1756 qui
1789 1701 1843 1741 ad
1862 1712 1963 1742 con-

1084 1770 1302 1811 ducendos
1340 1768 1530 1808 homines
1565 1765 1798 1806 facultates
1836 1763 1964 1803 habe-

1084 1834 1204 1884 bant,
1220 1844 1351 1884 regna
1367 1827 1717 1882 occupabantur!
1757 1826 1963 1867 Gebhard.

1139 1895 1402 1949 Pyramidem
1454 1888 1755 1942 concupisceret]
1827 1889 1964 1928 Extat

1080 1958 1337 1999 narrationis
1367 1956 1551 2008 obliquae
1584 1954 1672 1993 tale
1704 1953 1746 1991 in
1779 1951 1962 2001 Sopatro

1083 2023 1271 2063 Rhetore
1290 2019 1549 2071 exemplum,
1574 2016 1812 2067 interprete
1831 2014 1961 2055 Joan.

1081 2083 1303 2125 Nunnesio
1349 2082 1519 2121 Valent.
1564 2078 1638 2118 lib.
1675 2089 1746 2117 111.
1815 2075 1961 2116 Instit.

1081 2148 1210 2188 Rhet'.
1229 2157 1282 2186 ex
1302 2144 1577 2194 Hermogene
1594 2154 1605 2180 ε
1648 2141 1660 2162 ‘
1682 2136 1963 2187 Alcibiades,'

1078 2210 1233 2263 inquit,
1260 2208 1272 2230 ‘
1291 2212 1390 2259 post
1417 2218 1470 2246 ea
1496 2216 1591 2257 quae
1624 2202 1771 2254 Cyzici
1793 2200 1959 2242 accide-

1078 2279 1191 2326 rant,
1210 2285 1307 2314 cum
1326 2269 1550 2320 satellites,
1568 2267 1636 2320 qui
1657 2279 1752 2306 eum
1773 2264 1961 2306 custodi·

1078 2342 1192 2388 rent,
1212 2335 1420 2389 petiisset,
1446 2339 1675 2374 accusatur
1692 2327 1961 2382 tyrannidis:

1078 2400 1277 2442 schottus.

1132 2464 1190 2503 Et
1213 2462 1337 2503 olium
1364 2461 1408 2501 in
1439 2458 1521 2509 eius
1546 2455 1687 2508 locum]
1738 2455 1957 2514 Cononem

1077 2525 1263 2567 suffitum
1292 2525 1352 2565 ait
1370 2523 1398 2566 J
1404 2523 1529 2563 nstin.
1558 2533 1602 2561 v.
1622 2525 1663 2560 6.
1684 2525 1729 2559 et
1748 2523 1786 2559 6.
1829 2518 1955 2558 Oros.

1075 2602 1127 2630 11.
1173 2587 1321 2629 Graeci
1355 2586 1592 2638 adjungunt
1639 2594 1791 2622 novem
1824 2581 1954 2620 alios:

1074 2651 1326 2703 Διομέδοντα,
1349 2648 1515 2699 Λέοντα,
1542 2644 1748 2699 Περικλέα,
1773 2643 1956 2696 Ἐρασινί-

1074 2719 1160 2767 δην,
1177 2711 1492 2768 Ἀριστοκράτην,
1511 2707 1814 2761 Ἀρχέστρατον,
1847 2712 1952 2757 Πρω-

1072 2778 1265 2830 τόμαχον,
1292 2776 1511 2829 Θράσυλον,
1533 2769 1818 2825 Ἀριστογένην.
1864 2770 1950 2808 Xe-

1072 2843 1201 2895 noph.
1220 2840 1351 2882 Diod.
1371 2838 1488 2878 Plut.

1126 2905 1298 2945 Domum
1326 2900 1473 2942 reverti
1496 2897 1639 2950 noluit]
1675 2894 1800 2938 Αὖτὸς
1832 2893 1952 2935 αὑτοῦ

1073 2966 1248 3017 mem
1260 2964 1407 3018 φυγήν.

1129 3031 1187 3070 Ee
1203 3041 1244 3070 se
1261 3028 1495 3069 Perinthum
1518 3023 1700 3076 eontulit]
1739 3020 1950 3063 Emenda-

1075 3094 1135 3135 tio
1171 3091 1446 3144 Longoliana,
1480 3101 1565 3142 qua
1595 3086 1824 3127 Lambinus
1852 3095 1950 3125 cum

1070 3158 1286 3199 Savarone
1305 3154 1595 3207 acquiescunt.
1627 3148 1751 3190 Libri
1765 3147 1948 3187 variant.

1071 3221 1175 3264 Cod.
1193 3221 1246 3261 Ρ.
1269 3218 1456 3259 Danielis
1478 3216 1631 3266 Pactya
1657 3212 1776 3264 legit.
1818 3211 1950 3251 Sava-

1068 3285 1182 3326 ronis
1218 3284 1359 3335 Petye.
1415 3277 1602 3319 Puteani
1642 3278 1778 3327 patere
1808 3271 1949 3325 poetis.

1067 3348 1226 3388 Venet.
1246 3343 1392 3384 Aldin.
1414 3342 1613 3381 Pataram.
1648 3335 1820 3388 Magius
1846 3335 1945 3375 Pat-

1067 3421 1146 3449 ras.
1189 3405 1382 3448 Ortelius
1408 3414 1462 3443 ex
1497 3401 1734 3443 Ptolemaeo
1766 3404 1812 3439 et
1838 3397 1945 3439 Plu-

1068 3470 1215 3513 tarcho
1248 3468 1455 3521 Paceyam.
1511 3462 1596 3506 Sed
1633 3460 1781 3504 Codex
1820 3466 1941 3502 vetus
