2306 3900
273 236 380 289 574

272 369 373 420 νόμῳ
383 367 577 421 Περσικῷ.

273 436 340 473 15.
370 433 383 454 ‘
403 430 456 472 In
475 441 603 484 quam
622 441 712 469 rem
741 428 911 469 unicum
932 427 1086 480 pignus
1103 426 1154 469 fi-

272 494 345 535 dei
377 495 508 546 regiae
541 492 740 533 dextram
772 503 818 532 se
847 489 1070 532 ferendam
1094 491 1153 534 A·

269 557 479 599 lexandro
494 555 630 597 dare?
658 555 786 598 Gebh.

325 621 446 661 Hanc
463 625 508 662 ut
525 620 694 673 accepit]
731 619 883 660 Malim
903 619 1062 672 legere,
1082 633 1151 661 ce-

271 684 377 724 teris
389 683 622 736 jugulatis:
659 684 773 724 Hanc
789 687 836 724 ut
851 684 1154 736 accepit,copias

266 751 401 799 parat,
415 752 453 788 et
470 747 607 787 absens
624 747 844 787 amicitiam
860 759 949 788 cum
976 748 1152 788 Datame

260 811 382 861 facit.
435 811 522 852 Sed
542 811 608 852 cl.
628 810 831 851 Bai-thius
846 809 961 851 Adv.
980 809 1053 850 lib.
1072 820 1152 852 Lu.

271 878 339 916 14.
394 874 496 916 Aldi
514 874 746 915 lectionem
767 874 950 926 probat;
971 873 1090 914 Hanc
1107 878 1153 914 ut

634 365 800 406 Clarius
816 364 976 407 Justin.
995 364 1070 406 lib.
1086 376 1152 406 11.

269 939 417 992 recepit
434 953 460 980 a
480 939 590 989 Rege
619 938 789 979 missam.
834 937 976 978 Gebh.
1031 938 1153 978 Acce-

266 1004 350 1058 pit]
407 1003 493 1043 Ms.
538 1014 658 1043 meus
692 1006 739 1042 et
776 999 956 1052 Gifanii,
990 1002 1152 1054 recepit.

271 1068 366 1109 Col.
386 1067 526 1107 Paris.
553 1066 667 1107 Ven.
697 1070 744 1106 et
772 1064 875 1106 Ald.
895 1065 1015 1106 Hanc
1029 1070 1075 1106 ut
1092 1078 1154 1107 re-

267 1131 371 1184 cepit
386 1144 411 1171 a
428 1143 521 1182 rege
538 1130 709 1171 missam.
736 1130 913 1171 Savaro.

322 1194 555 1235 Amicitiam
570 1207 656 1234 cum
679 1194 851 1233 Datame
860 1193 987 1247 facit]
1012 1195 1066 1236 In
1080 1191 1155 1233 Al-

269 1257 355 1299 cib.
383 1258 396 1281 ‘
418 1258 735 1300 Lacedaemonii
765 1270 862 1299 cum
891 1258 1028 1299 Perse
1048 1268 1154 1310 rege

268 1320 504 1362 amicitiam
530 1320 761 1362 fecerunt!
827 1322 956 1374 Supr.
988 1322 1032 1362 in
1062 1322 1154 1362 Da-

269 1388 374 1424 tam.
402 1387 414 1407 ‘
437 1385 572 1426 Clam.
609 1397 706 1426 cum
726 1383 1017 1426 Ariobarzane
1046 1383 1155 1426 facit

268 1447 535 1488 amicitiam!
564 1448 729 1489 Sauara.

322 1510 501 1562 Magnas
524 1512 682 1564 praedas
710 1510 837 1564 capit]
903 1511 1152 1564 Lambinus,

267 1573 371 1625 agit.
427 1573 516 1614 Sed
534 1573 641 1626 capit
662 1574 844 1625 retineo,
867 1575 1084 1616 veteribus
1103 1576 1152 1617 li-

268 1636 359 1677 bris
390 1636 603 1690 editisque
628 1638 822 1679 omnibus
848 1637 1152 1691 adstipulanti-

239 1700 366 1753 ·*bus,
394 1700 531 1741 invito
550 1701 773 1743 Lambino.
830 1700 1045 1743 Auctores
1078 1702 1151 1743 da·

269 1762 341 1805 bo.
399 1764 582 1805 Plautus
600 1765 889 1807 Truculento:
924 1765 938 1789 ‘
959 1766 1151 1818 praedam

267 1828 321 1869 de
341 1828 617 1881 praedonibus
635 1828 824 1881 capere.’
893 1830 951 1870 Et
970 1830 1035 1870 M.
1052 1831 1152 1871 Tul-

266 1892 350 1933 lius
377 1905 456 1945 pro
487 1893 753 1933 Domosua:
796 1892 810 1915 ‘
829 1893 973 1945 Capta
1000 1893 1153 1935 crude·

264 1957 424 1999 lissime
444 1969 500 1998 ex
513 1955 695 1997 fortunis
715 1955 893 2009 praedass
924 1955 1125 1999 Schottus.

321 2020 377 2062 Se
402 2019 604 2074 infinitum
633 2020 820 2060 adversus
848 2020 999 2071 Regem
1025 2033 1154 2061 susce·

264 2083 366 2136 pisse
396 2082 556 2134 bellum]
608 2081 994 2136 Irreconciliabile,
1020 2089 1067 2125 et
1095 2085 1154 2135 al·

266 2146 479 2189 terutrius
509 2145 646 2186 exitio
682 2145 1017 2197 terminandum,
1050 2145 1154 2188 ἀδιά-

265 2217 402 2262 λυτον,
423 2211 494 2251 vel
521 2211 625 2262 δῆριν
658 2208 891 2262 ἀπειρεσίην.
947 2210 1154 2254 Homero.

271 2273 399 2314 Gebh.
455 2271 594 2326 Atqui
611 2272 799 2313 nondum
820 2272 981 2313 bellum
1012 2285 1154 2314 susce·

267 2340 413 2389 perat,
442 2341 493 2376 ut
519 2340 704 2388 apparet
721 2334 861 2388 exiis,
878 2348 973 2388 quae
1001 2336 1152 2389 paucis

266 2404 370 2452 post
386 2398 582 2440 versibus
595 2403 848 2452 sequnntur.
901 2398 972 2440 Ibi
990 2412 1002 2440 ε
1021 2399 1035 2423 ⁸
1054 2400 1154 2440 Cer·

267 2463 424 2503 tiorem
457 2460 564 2503 facit
590 2462 825 2514 Datamen,
854 2466 1025 2516 tempus
1056 2475 1152 2504 esse

266 2525 450 2578 majores
476 2526 697 2566 exercitus
729 2525 890 2578 parari,
919 2531 965 2567 et
992 2526 1152 2567 bellum

267 2601 364 2630 cum
384 2590 508 2643 Rege
526 2589 716 2642 suscipi!
756 2591 903 2632 Quare
920 2589 1152 2642 legendum

265 2652 336 2694 bic
355 2653 558 2705 arbitror,
584 2653 782 2705 persuasit
807 2653 956 2695 homini
982 2653 1048 2706 [id
1068 2659 1151 2706 est,

266 2716 465 2768 Datami]
497 2728 539 2756 se
575 2716 774 2770 infinitum
804 2718 988 2757 adversus
1019 2729 1151 2768 regem

266 2780 473 2831 suscepisse
490 2780 646 2820 odium:
688 2779 902 2834 quomodo
927 2791 1058 2832 supra
1088 2780 1151 2820 lo-

268 2849 393 2883 cutus
411 2847 493 2894 est,
523 2845 535 2866 ‘
558 2844 673 2897 quod
705 2843 977 2896 implacabile
1006 2843 1151 2885 odium

266 2905 311 2946 in
331 2906 543 2948 Datamen
558 2913 811 2959 susceperat
821 2906 848 2958 ς’
876 2912 923 2948 et
940 2905 1052 2948 infra
1065 2919 1152 2948 non

266 2969 424 3023 longe:
454 2969 468 2991 ‘
486 2970 563 3010 sed
582 2970 682 3011 odio
698 2971 927 3022 communi,
946 2971 1060 3024 quod
1085 2983 1151 3013 er·

267 3043 322 3084 ga
341 3032 504 3085 Regem
523 3033 803 3086 susceperat?
831 3035 1015 3076 Lambin.

323 3095 462 3148 Neque
479 3096 707 3148 colloquium
723 3096 803 3147 eius
815 3097 979 3149 petivit]
1027 3098 1090 3138 Ut
1105 3107 1151 3138 se

267 3167 531 3213 suspectum,
576 3168 624 3202 et
667 3163 886 3203 Datamen
940 3161 1150 3202 tentando

268 3224 511 3265 cautionem
530 3223 709 3266 faceret.
765 3224 986 3278 Colloquio
1005 3229 1149 3266 autem

268 3292 315 3326 et
335 3288 453 3338 pacis
485 3287 695 3330 faciendae
727 3288 912 3341 imagine
945 3289 1151 3341 plurimos

269 3349 429 3401 decipi,
446 3362 570 3391 nosse
604 3357 778 3404 poterat
809 3352 879 3393 vel
898 3351 1067 3393 modico
1085 3363 1149 3392 re·

268 3424 362 3453 rum
392 3424 470 3453 usn
499 3413 744 3456 instructus.
800 3415 941 3456 Notus
959 3421 1026 3457 est
1046 3415 1150 3456 Cor-

651 246 829 287 NOTAE
871 245 1206 286 vARloRuM
1246 246 1313 286 ΙΝ
1356 247 1409 285 C.
1450 246 1714 286 NEPOTIS

1214 365 1301 407 nel.
1320 364 1456 407 Asina
1475 377 1530 405 ex
1550 366 1664 407 Flor.
1690 364 1764 406 lib.
1785 376 1836 406 11.
1867 368 1908 406 2.
1964 365 2095 419 Poly·

1216 429 1300 470 aeni
1317 429 1392 470 lib.
1409 439 1474 470 vx.
1494 428 1613 470 Hirt.
1632 428 1707 470 lib.
1724 440 1827 470 vm.
1846 432 1914 470 23.
1968 429 2094 471 Com·

1213 492 1367 534 mitum
1381 493 1544 546 Caesar,
1557 495 1570 517 ‘
1588 494 1689 547 quia
1705 505 1788 533 non
1803 491 2095 534 arbitrabatur

1213 561 1411 597 vocatum
1440 557 1486 596 in
1503 562 1644 598 castra
1663 562 1909 608 venturum,
1928 568 1983 597 ne
2004 561 2096 597 tem

1213 618 1345 660 tando
1364 619 1599 661 cautiorem
1626 619 1810 672 faceret,
1847 620 1897 660 C.
1916 619 2097 660 Voluse-

1213 693 1314 722 num
1334 682 1603 724 Quadratum
1632 684 1764 735 misit,
1792 684 1866 739 qni
1893 695 1991 724 eum
2017 695 2098 736 per

1211 744 1524 786 simulationem
1542 745 1743 802 colloquii
1773 752 1948 788 curaret
1965 747 2097 788 inter·

1211 806 1473 849 finiendum:
1527 810 1597 850 De
1616 809 1729 862 Coty
1748 823 1825 864 per
1843 811 2096 863 Rhescupo-

1211 870 1308 922 rim,
1323 869 1476 912 fraude
1494 871 1625 923 petiti
1643 873 1862 926 colloquii,
1876 885 2099 926 oppresso,

1212 934 1330 975 locus
1366 940 1436 976 est
1472 935 1763 977 memorabilis
1799 936 1915 988 apud
1947 935 2095 978 Tacit.

1211 996 1327 1038 Anu.
1361 998 1438 1040 lib.
1457 1009 1510 1040 11.
1543 1002 1612 1040 65.
1666 999 1766 1041 Val.
1801 998 1985 1041 Maxim.
2017 999 2096 1040 lib.

1213 1071 1281 1102 11.
1311 1064 1354 1104 6.
1381 1061 1394 1084 ‘
1417 1060 1496 1102 Cn.
1524 1060 1739 1102 Domitius
1769 1061 1984 1102 Bituitum
2013 1059 2097 1102 Ar-

1213 1136 1444 1165 vernorum
1462 1135 1610 1177 regem
1636 1137 1716 1178 per
1741 1124 1941 1180 colloquii
1970 1123 2100 1165 simu-

1213 1188 1422 1229 lationem
1455 1188 1706 1230 arcessitum
1738 1188 1897 1241 vinxit,
1931 1193 1978 1230 et
2013 1188 2100 1230 Ro·

1214 1264 1326 1294 mam
1346 1253 1444 1294 navi
1462 1253 1777 1307 deportandum
1793 1252 1989 1295 curavit!
2029 1253 2099 1294 Sic

1215 1314 1394 1368 triginta
1413 1315 1610 1369 Tyranni
1630 1315 1813 1358 Athenis
1830 1316 1977 1369 ejecti,
1985 1315 2098 1370 jam-

1216 1391 1301 1431 que
1318 1380 1475 1420 molem
1493 1379 1596 1421 belli
1615 1380 1797 1431 cientes,
1814 1392 1913 1421 cum
1942 1392 2098 1433 magno

1214 1441 1387 1483 demum
1418 1443 1585 1496 labore,
1613 1449 1661 1484 et
1691 1443 1869 1497 ancipiti
1903 1444 2097 1496 periculo

1214 1507 1355 1559 palam
1376 1519 1426 1548 ac
1445 1507 1488 1548 vi
1507 1513 1660 1559 aperta
1677 1507 1894 1560 compesci
1912 1507 1986 1548 vix
2001 1519 2099 1560 pos-

1215 1581 1262 1610 se
1281 1569 1556 1621 viderentnr3
1596 1571 1609 1594 ‘
1633 1571 1687 1611 ad
1720 1571 1992 1625 colloquium,
2013 1571 2099 1611 vel-

1214 1634 1280 1675 uti
1325 1633 1660 1676 dominationem
1718 1635 1953 1688 recepturi,
1998 1647 2098 1688 pro·

1216 1699 1369 1750 gressi,
1389 1711 1469 1751 per
1499 1698 1675 1740 insidias
1707 1699 2023 1752 comprehensi,
2051 1704 2101 1740 ut

1216 1761 1337 1814 pacis
1353 1761 1556 1814 victimae,
1579 1760 1884 1803 trucidantur!
1937 1761 2101 1804 sustin.

1213 1826 1291 1868 lib.
1331 1837 1377 1867 v.
1415 1830 1482 1866 10.
1549 1826 1761 1867 Hermeas
1794 1823 2101 1867 Atarnensium

1215 1894 1423 1943 tyrannus
1442 1887 1667 1930 defecerat
1685 1887 1741 1928 ab
1760 1886 2022 1939 Artaxerxe,
2048 1900 2101 1929 ac

1215 1954 1402 2006 plurima
1417 1953 1581 1996 munita
1609 1953 1788 1994 castella
1818 1957 1949 2006 atque
1968 1952 2101 2006 opida

1214 2019 1446 2063 invaserat.
1516 2020 1634 2062 Huic
1664 2019 1880 2073 pollicitus
1909 2019 2103 2071 Mentor,

1215 2095 1262 2125 se
1302 2097 1450 2138 regem
1494 2084 1799 2134 adducturum,
1834 2087 1885 2124 nt
1928 2081 2099 2136 veniam

1215 2147 1537 2200 praeteritorum
1570 2147 1713 2199 daret,
1753 2146 1807 2188 ad
1840 2146 2099 2200 colloquium

1215 2211 1445 2263 pertrahit,
1460 2224 1512 2252 ac
1532 2212 1765 2265 deceptum
1794 2209 2101 2264 comprehendi

1209 2273 1355 2325 jubet.
1423 2275 1641 2316 Caeternm
1673 2275 1838 2327 potitus
1863 2275 2036 2324 annulo,
2053 2278 2100 2315 et

1215 2335 1389 2388 scriptis
1426 2336 1483 2377 ad
1516 2337 1714 2378 civitates
1753 2338 1906 2389 literis,
1945 2337 2099 2391 quibus

1215 2397 1418 2440 Hermeae
1438 2400 1612 2441 nomine
1632 2399 1878 2453 denuntiat,
1907 2401 2099 2443 reconci-

1211 2460 1365 2502 liatum
1404 2473 1498 2502 esse
1529 2474 1662 2515 opera
1693 2463 1905 2504 Mentoris
1938 2474 2100 2516 regem,

1213 2523 1380 2576 signnm
1399 2525 1491 2577 ejus
1508 2525 1741 2578 impressit,
1755 2539 1838 2567 una
1856 2526 2013 2578 missis,
2025 2527 2098 2580 qui

1212 2588 1482 2630 munimenta
1497 2590 1759 2642 reciperent.
1814 2591 1902 2633 Qui
1918 2590 1964 2631 in
1983 2590 2098 2631 urbi-

1213 2649 1293 2691 bus
1311 2651 1514 2704 praesidia
1539 2652 1775 2705 agitabant,
1793 2653 1848 2694 de
1878 2653 2020 2696 literis
2037 2653 2100 2695 nil

1214 2715 1479 2769 dubitantes,
1517 2722 1720 2770 prompto
1760 2717 1901 2758 animo
1946 2729 2099 2770 pacem

1215 2779 1402 2831 amplexi
1435 2785 1551 2833 sunt,
1588 2780 1787 2833 illicoque
1833 2781 2099 2821 munimenta

1214 2848 1346 2897 atque
1391 2843 1517 2885 urbes
1554 2844 1840 2885 tradiderunt.
1916 2845 2100 2886 Diodor.

1214 2907 1290 2948 lib.
1308 2918 1406 2949 xvi.
1470 2908 1616 2948 Sensit
1643 2908 1753 2948 hanc
1782 2906 1976 2948 fraudem
2006 2907 2097 2948 Ne-

1214 2971 1376 3011 bemias
1393 2983 1489 3023 cap.
1508 2974 1549 3011 6.
1575 2983 1686 3011 vers.
1706 2974 1748 3011 2.
1782 2969 1858 3010 Καὶ
1887 2969 2097 3011 ἀπέπειλε

1214 3034 1481 3081 Σαναβαλλὰτ
1498 3033 1563 3074 καὶ
1582 3033 1717 3084 Γησὰμ.
1733 3033 1829 3086 πρὸς
1853 3033 1918 3084 μὲ,
1950 3033 2098 3090 λέγων,

1214 3097 1321 3149 δεῦρο
1341 3096 1406 3137 καὶ
1433 3099 1685 3148 συναχθῶμεν
1703 3098 1909 3139 {turoam-b
1937 3099 1980 3143 ἐν
2008 3102 2097 3141 ταῖς

1213 3159 1354 3210 κώμαις
1382 3160 1424 3199 ἐν
1451 3161 1568 3210 πεδίῳ
1595 3160 1709 3201 Ὠνῶ·
1729 3159 1794 3201 καὶ
1811 3161 1922 3203 αὐτοὶ
1937 3161 2096 3215 λογιζό-

1211 3237 1319 3273 μενοι
1335 3223 1499 3271 ποιῆσαί
1509 3238 1572 3273 μοι
1587 3223 1784 3277 τὲονηρίαν.
1813 3225 2014 3266 Gebhard.

1268 3288 1379 3330 Car.
1399 3291 1465 3329 11.
1485 3288 1551 3328 De
1570 3300 1645 3340 qua
1654 3287 1717 3339 re]
1747 3287 1935 3329 Praefert
1948 3289 2097 3331 Schot-

1213 3354 1300 3398 tus,
1318 3351 1439 3402 deque
1455 3362 1501 3390 ea
1517 3363 1577 3401 re,
1595 3350 1632 3390 si
1648 3351 1685 3391 ei
1702 3351 1915 3402 votaretur,
1933 3365 2006 3404 quo
2014 3352 2096 3394 loco

1212 3413 1328 3453 vellet
1341 3413 1385 3454 in
1401 3413 1626 3466 colloquium
1641 3413 1804 3455 veniret.
1835 3413 1974 3457 Idem.
