2306 3900
318 252 426 306 694

708 265 887 306 NOTAE
927 265 1261 306 VAmoRUM
1303 266 1367 305 IN
1409 269 1458 306 C.
1498 267 1760 306 NEPOTIS

318 384 463 436 legere
474 383 666 423 malunt:
694 387 814 423 oetate
826 385 1030 435 oequalem.
1052 385 1199 425 Ernst.
1256 382 1270 406 ‘
1289 384 1559 436 magistratus
1576 383 1746 425 ornare'
1763 388 1828 424 est
1842 383 1883 424 in
1902 384 2143 436 provincias

319 446 405 487 Sed
426 458 508 486 vox
526 449 645 485 aetate
676 446 782 486 Mss.
799 445 966 487 Schott.
979 445 1133 488 Gifan.
1152 452 1199 488 et

317 511 462 551 Savar.
483 508 604 549 afuit.
625 509 721 549 Bos.
758 508 1199 563 AEqaalis,a·b⁶yxpovos‚

319 572 470 624 ὀμήλιξ.
525 572 638 612 Vide
657 571 712 612 ad
734 572 966 619 Aristidem
985 581 1144 616 notata.

320 649 324 651 ⁴
375 637 605 688 Quanquam
639 649 768 676 omnes
801 638 838 677 ei
859 638 1072 690 paremus]
1131 640 1196 679 En

316 702 579 752 Scriptorem
609 702 869 752 accuratum,
898 702 1028 743 etiam
1058 704 1100 742 in
1130 703 1199 753 iis,

318 777 413 817 quae
427 764 477 805 ὣς
492 763 533 803 ἐν
547 762 699 815 παρόδῳ
714 764 918 806 inculcat.
948 766 1048 806 Non
1067 766 1199 805 semel

317 829 493 870 Cicerov
518 827 657 868 dixit:
702 830 714 849 ⁶
736 827 946 867 Naturam
992 828 1196 880 optimam

317 903 412 931 esse
442 890 616 930 vivendi
637 890 804 929 ducem.
848 890 930 930 Cui
946 902 1200 942 repugnare,

315 953 419 994 nihil
438 953 552 993 aliud
573 957 655 1003 est,
682 964 807 1005 quam
828 952 1061 1003 Gigantum
1077 958 1198 993 more

318 1028 415 1058 cum
433 1016 530 1056 Diis
557 1014 747 1055 bellare!
801 1014 1069 1067 Chrysippus
1097 1016 1197 1055 olim

317 1079 545 1127 clamabat,
562 1077 610 1118 τὸ
637 1076 753 1118 τέλος
771 1075 880 1128 εἶναι,
899 1076 1118 1118 ἀκολούθως
1148 1079 1200 1131 τῇ

317 1142 434 1194 φύσει
462 1141 548 1196 ζῇν.
602 1140 716 1181 Vide
751 1142 955 1180 Senecam
990 1141 1062 1180 De
1094 1141 1199 1180 Vita

317 1207 447 1257 beata
464 1216 558 1256 cap.
577 1207 617 1244 3.
651 1203 849 1243 Kenchen.

377 1269 435 1309 Ut
456 1267 506 1307 iis
523 1268 574 1306 «id
592 1266 716 1306 vitam
743 1266 949 1320 agendam,
979 1278 1056 1305 non
1073 1267 1124 1305 ad
1142 1277 1199 1305 os·

317 1328 588 1380 tentationem]
621 1329 718 1369 Non
736 1340 838 1380 ergo
869 1329 922 1368 iis
950 1329 1100 1369 Studiis
1133 1330 1200 1368 vir

315 1394 504 1447 prudens
524 1393 695 1433 deditus
708 1398 790 1444 est,
808 1405 900 1445 quae
917 1393 1096 1444 argutiis
1115 1393 1199 1433 dis-

315 1456 586 1509 putationum
601 1466 694 1494 sese
713 1454 953 1495 venditant.
979 1475 981 1480 f
1008 1455 1198 1497 Quorum

315 1519 501 1559 cultores
521 1518 654 1557 Clem.
671 1515 983 1557 Alexandrinus
1001 1518 1201 1570 apposita

314 1593 423 1621 voce
461 1580 652 1632 appellat
694 1576 1024 1630 ὂνοματομιίχους.
1087 1580 1199 1621 Vide

316 1644 553 1684 Ernstium.

361 1707 463 1746 ⁴Non
493 1707 545 1746 ad
573 1704 888 1756 ostentationem]
916 1705 1200 1748 Quemadmo-

315 1770 417 1810 dum
437 1770 509 1810 alii
528 1769 794 1821 Philosophi.
849 1770 921 1809 De
948 1769 1100 1821 quibus
1130 1769 1199 1810 Ci-

315 1845 416 1873 cero
433 1833 544 1873 dixit
577 1834 648 1872 De
666 1832 845 1872 Finibus
862 1831 935 1872 lib.
950 1843 982 1872 1.
1008 1832 1021 1853 ‘
1037 1832 1109 1872 Ita
1137 1832 1199 1871 vi·

314 1902 436 1947 vunt,
454 1901 505 1936 ut
525 1896 694 1936 illorum
713 1895 804 1935 vita
833 1893 1086 1935 refellatur.'
1139 1894 1200 1934 Et

315 1959 429 2011 apud
460 1959 578 1999 illum
612 1959 779 2000 Stoicus
808 1958 885 1998 lib.
903 1968 979 1998 nv.
1019 1959 1032 1981 ⁶
1052 1958 1198 1998 Vitam

314 2027 520 2073 nostram,
530 2022 721 2072 consilia,
733 2021 992 2073 voluntates,
1006 2033 1091 2062 non
1107 2033 1200 2062 ver-

314 2084 370 2124 ba
399 2083 589 2136 corrigi!
642 2083 868 2125 Juvenalis
897 2084 988 2125 Sat.
1009 2091 1061 2125 11.
1092 2085 1105 2107 ‘
1126 2083 1198 2123 In-

313 2147 428 2187 docti
449 2149 657 2199 primum:
689 2158 926 2199 quanquam
956 2147 1085 2199 plena
1111 2159 1197 2187 om·

313 2211 386 2250 nia
406 2223 538 2263 gypso
559 2211 786 2263 Chrysippi
819 2211 1025 2253 invenies.
1083 2211 1196 2252 Nam

314 2273 651 2326 perfectissimus
669 2274 927 2324 horumest,
957 2273 1003 2313 Si
1021 2273 1116 2326 quis
1137 2273 1197 2313 A·

313 2337 548 2376 ristotelem
569 2336 763 2386 similem,
778 2336 846 2376 vel
860 2335 1064 2376 Pittacon
1078 2336 1197 2387 emit,

312 2400 395 2440 Vel
423 2399 554 2452 jubet
586 2399 844 2451 archetypos
881 2399 1071 2450 pluteum
1109 2410 1196 2439 ser-

313 2475 414 2504 vare
434 2462 695 2504 Cleanthas.’
751 2461 859 2502 Vide
881 2474 975 2514 quae
994 2461 1047 2502 ad
1068 2462 1197 2512 Epic-

312 2530 452 2566 tetum
472 2530 594 2565 notat
612 2523 923 2576 metaphrastes
941 2524 1033 2576 ejus
1050 2523 1197 2564 Arria-

312 2601 408 2641 nus,
425 2593 470 2628 et
489 2588 642 2629 Cicero
662 2587 774 2639 apud
790 2588 1060 2628 Lactantium
1081 2587 1197 2628 1:111.

314 2657 381 2695 16.
422 2654 484 2695 D.
524 2652 814 2704 Hieronymus
856 2651 996 2704 Epist.
1034 2662 1197 2692 xxxiv.

310 2717 323 2755 ‘,
340 2715 627 2767 Philosophus
648 2715 790 2766 gloriae
812 2715 983 2767 animal,
1003 2720 1047 2755 et
1064 2728 1198 2767 popu-

312 2780 414 2820 laris
434 2791 549 2819 aurae
569 2778 655 2819 vile
674 2778 967 2830 mancipium.'
997 2779 1198 2820 Keaehen.

369 2845 484 2884 CAP.
505 2846 569 2883 18.
598 2841 730 2882 Moris
745 2843 864 2881 etiam
876 2841 1086 2893 mqioram]
1113 2843 1199 2882 En·

310 2907 405 2946 nius
441 2906 556 2957 apud
600 2905 855 2945 Ciceronem
897 2916 942 2947 v,
982 2905 1036 2945 de
1085 2906 1196 2957 Rep.

310 2971 324 2993 ⁴
344 2970 539 3010 Moribus
558 2969 745 3021 antiquis
772 2973 861 3008 stat
891 2980 959 3009 res
989 2970 1198 3020 Romana,

313 3031 540 3086 virisque.'
592 3033 707 3082 Lege
739 3030 1025 3081 Augustinum
1052 3031 1127 3071 lib.
1147 3043 1200 3072 ιι.

311 3101 379 3137 21.
400 3097 466 3136 De
486 3095 615 3136 Civit.
637 3094 735 3135 Dei.
791 3094 908 3134 Hinc
934 3093 988 3134 de
1018 3094 1200 3146 antiqui-

313 3166 404 3200 tate
418 3159 472 3199 ab
488 3171 538 3198 eo
555 3159 698 3199 Caesar
712 3156 902 3210 quotidie
920 3156 1195 3209 requirebat:

312 3220 439 3262 infra.
470 3223 626 3262 Schott.

370 3284 455 3328 Quo
474 3286 730 3334 mag-istratus
754 3283 925 3335 ornavit]
966 3283 1116 3324 Malim
1135 3296 1198 3323 or-

311 3347 479 3396 dinavit,
497 3348 706 3398 quomodo
726 3348 922 3388 Vossium
954 3348 1105 3399 legisse
1135 3348 1196 3388 vi-

313 3409 395 3449 deo
411 3409 465 3448 de
484 3409 600 3448 Hist.
618 3410 715 3450 Lat.
730 3421 761 3449 1.
774 3413 814 3449 2.
844 3411 912 3449 Sic
929 3410 1043 3462 apud
1057 3411 1193 3453 JCtos

309 3472 323 3496 ‘
343 3472 541 3514 ordinare
563 3471 731 3513 libellos
752 3477 798 3512 et
815 3474 1104 3514 testamenta!
1130 3472 1192 3515 At

1260 454 1336 487 aut
1367 447 1521 487 bellum
1552 454 1703 487 euntes
1733 446 1860 486 rebus
1886 446 2142 487 necessariis

1260 511 1487 551 instruere.
1562 511 1705 551 Livius
1728 521 1850 550 -xun
1871 513 1910 549 1.
1952 510 2142 561 ‘Magis-

1260 579 1399 614 tratus
1418 574 1542 614 mulis
1564 573 1949 624 tabernaculisque,
1969 577 2013 611 et
2027 572 2140 611 omni

1260 636 1342 675 alio
1373 636 1658 676 instrumento
1695 635 1981 676 ornabantur!
2040 635 2140 676 N'on

1259 711 1415 739 novum
1436 705 1518 750 est,
1534 699 1628 739 haec
1643 698 1727 738 dno
1746 699 1876 738 verba
1895 697 2098 739 confundi
2116 711 2143 739 a

1259 762 1445 802 librariis
1461 775 1474 814 3
1502 768 1552 801 ut
1570 762 1685 812 apud
1702 762 1876 801 Sueton.
1892 761 1921 802 J
1927 761 2027 812 ulio,
2046 772 2141 813 cap.

1261 829 1382 866 18.1.
1411 825 1484 864 ubi
1522 825 1622 863 vide
1654 824 1829 864 doctiss.
1865 824 2141 876 interpretes,

1262 890 1447 932 Casaub.
1465 891 1661 930 Torrent.
1681 895 1726 930 et
1746 890 2008 942 Bernegger.
2047 890 2141 930 Bos.

1314 953 1492 993 Illustris
1509 958 1566 993 est
1594 953 1729 1004 populi
1759 952 1945 1004 Romani]
1987 953 2142 994 Cicero

1259 1016 1303 1056 in
1337 1016 1551 1057 Oratore:
1580 1016 1846 1067 ‘Cognoscat
1879 1013 2047 1056 Orator
2074 1027 2141 1056 re-

1260 1091 1353 1119 rnm
1373 1084 1588 1131 gestarum
1610 1083 1655 1119 et
1667 1078 1884 1119 memoriae
1898 1079 2056 1119 veteris
2075 1090 2142 1119 or-

1260 1142 1418 1193 dinem,
1435 1143 1618 1183 maxime
1638 1142 1806 1182 scilicet
1822 1147 1978 1182 nostrae
1993 1142 2142 1182 οἰήια-

1259 1205 1344 1246 tis:
1375 1206 1450 1246 sed
1471 1212 1517 1245 et
1536 1205 1858 1258 imperiosorum
1885 1204 2141 1257 populorum

1260 1274 1306 1309 et
1324 1281 1472 1320 regum
1505 1268 1765 1309 illustrium:
1798 1279 1925 1321 quem
1953 1267 2141 1308 laborem

1259 1331 1380 1371 nobis
1398 1330 1537 1371 Attici
1555 1330 1692 1371 nostri
1710 1330 1871 1371 levavit
1897 1330 2034 1383 labor,
2068 1330 2143 1384 qui

1260 1395 1526 1435 conservatis
1571 1394 1816 1447 notatisque
1863 1393 2142 1446 temporibus,

1258 1457 1364 1497 nihil
1384 1469 1478 1497 cum
1495 1457 1663 1497 illustre
1682 1457 2052 1509 praetermitteret,
2071 1467 2143 1496 an·

1260 1531 1412 1560 norum
1471 1520 1838 1572 septingentorum
1896 1520 2142 1560 memoriam

1260 1582 1387 1623 unico
1404 1582 1516 1622 libro
1535 1581 1782 1634 colligavit!
1819 1583 1915 1623 Nec
1931 1593 2032 1623 ncc.
2047 1590 2142 1623 tan·

1261 1650 1352 1685 tum
1382 1657 1604 1696 annorum,
1639 1644 1713 1684 sed
1750 1649 1796 1685 et
1825 1645 2024 1686 Virorum
2057 1650 2141 1686 tot-

1260 1708 1374 1748 idem
1405 1708 1622 1748 historiam
1655 1708 1895 1759 colligasse,
1924 1720 1979 1748 ex
2009 1708 2144 1750 Plinii
2187 1749 2195 1759 ‚

1261 1769 1335 1810 lib.
1355 1781 1499 1811 xxxv.
1520 1769 1703 1822 patebit.
1743 1771 1802 1810 Et
1820 1770 1865 1809 in
1881 1770 2020 1810 Bruto
2036 1768 2144 1810 mal-

1261 1840 1320 1884 ta,
1351 1834 1505 1886 quibus
1535 1833 1782 1885 subjungit:
1823 1833 1958 1874 ‘Eam
1979 1832 2142 1874 utilita-

1262 1902 1349 1937 tem
1369 1896 1522 1936 habnit
1542 1897 1678 1937 Attici
1708 1897 1834 1948 liber,
1852 1909 1978 1949 qnam
2005 1896 2145 1950 requi·

1260 1961 1423 2011 rebam,
1439 1964 1488 1999 ut
1505 1959 1732 2012 explicatis
1745 1959 1965 2000 ordinibus
1981 1965 2145 2012 tempo·

1260 2035 1372 2072 rum,
1389 2034 1475 2062 nno
1509 2022 1552 2062 in
1586 2029 1823 2074 conspectu
1853 2023 1994 2062 omnia
2026 2020 2144 2062 vide-

1260 2085 1394 2127 rem.’'
1430 2087 1493 2126 Et
1522 2085 1680 2126 ibidem
1711 2086 1857 2138 paullo
1874 2090 1973 2138 post
1988 2096 2045 2126 ex
2062 2084 2146 2126 At-

1261 2149 1336 2189 tici
1360 2160 1572 2201 persona:
1603 2150 1615 2172 ‘
1638 2149 1795 2202 Eisque
1817 2147 2070 2201 nosmetipsi
2087 2147 2144 2188 ad

1261 2216 1456 2251 veterum
1485 2205 1717 2252 Annalium
1746 2211 1992 2252 memoriam
2029 2221 2144 2254 eom·

1259 2275 1604 2327 prehendendam
1624 2276 1796 2328 impulsi
1826 2281 1957 2328 atque
1971 2274 2142 2315 accensi

1259 2338 1434 2379 sumus!
1487 2338 1554 2379 Ac
1590 2339 1791 2379 Ciceroni
1828 2351 1924 2378 eum
1959 2338 2142 2388 misisse,

1259 2414 1314 2442 ex
1334 2402 1537 2454 prooemio
1556 2402 1610 2442 de
1635 2402 1762 2442 claris
1792 2401 2050 2442 Oratoribus
2069 2413 2144 2454 pa-

1259 2469 1339 2508 tet.
1394 2463 1588 2504 Ibidem:
1626 2466 1639 2487 ‘
1662 2464 1864 2504 Omnium
1897 2475 2037 2504 rerum
2055 2475 2143 2504 me-

1258 2527 1432 2567 moriam
1467 2526 1641 2568 Atticus
1671 2526 1862 2567 breviter
1894 2534 1939 2568 et
1968 2526 2143 2580 perdili-

1260 2596 1414 2643 genter
1445 2591 1695 2642 complexus
1729 2589 1823 2631 est!
1877 2590 2144 2631 Meminitet

1260 2654 1446 2706 epistola
1463 2657 1531 2693 23.
1554 2653 1629 2693 lib.
1650 2664 1736 2694 xn.
1765 2653 1820 2693 ad
1853 2653 2065 2705 Atticum,
2097 2659 2144 2695 et

1261 2716 1471 2757 Asconius
1507 2716 1726 2757 Pedianus
1764 2716 1807 2756 in
1846 2717 2142 2760 Pisonianam:

1259 2781 1272 2802 ‘
1291 2780 1485 2821 Tradunt
1514 2785 1559 2821 et
1591 2779 1794 2820 Antiochi
1828 2780 1940 2832 regis
1960 2779 2048 2820 filio
2066 2780 2144 2821 ob·

1259 2844 1342 2883 sidi
1368 2844 1538 2884 domum
1567 2842 1740 2895 publice
1771 2842 2054 2883 aedificatam:
2083 2841 2146 2882 in-

1261 2912 1331 2947 ter
1378 2918 1483 2959 quos
1543 2905 1716 2945 Atticus
1774 2906 1818 2945 in
1874 2903 2141 2946 Annalibus!

1261 2969 1459 3010 Sclaottus.
2017 3015 2019 3017 ¹

1318 3032 1575 3072 Familiarum
1604 3031 1815 3083 originem]
1871 3030 2141 3083 Γενεαλογίαν.

1260 3096 1460 3136 Meminit
1489 3096 1615 3137 Joan.
1635 3095 1926 3147 Glandorpius
1954 3097 2069 3137 libro
2087 3096 2141 3136 de

1261 3159 1408 3200 Famil.
1431 3159 1648 3198 Romanis.

1312 3223 1374 3263 M.
1394 3222 1520 3262 Bruti
1544 3221 1708 3272 rogata]
1744 3221 1908 3274 Supra:
1937 3221 1951 3245 ⁴
1969 3221 2141 3273 Rogata

1258 3286 1307 3327 Τ.
1326 3285 1552 3337 Pomponii
1573 3283 1740 3325 Attici!

1314 3348 1476 3388 daniam
1484 3347 1688 3396 familiam
1704 3345 1884 3397 astirpe]
1904 3347 1969 3386 Ex
1988 3357 2041 3386 ea
2054 3345 2140 3388 fuit

1257 3411 1321 3451 M.
1342 3411 1519 3450 Brutus.
1549 3409 1720 3448 Manat.
1748 3408 1858 3449 Quae
1877 3407 2139 3449 nobilissima

1255 3478 1319 3514 est
1334 3483 1479 3513 earum
1495 3470 1685 3523 gentium
1698 3474 1743 3510 et
1756 3468 2026 3525 familiarum,
2042 3484 2137 3524 quae
