2306 3900
280 285 388 338 518

276 418 394 470 runt]
423 418 635 470 Loquitur
648 417 703 458 de
723 417 1166 471 Amnestia‚celeber-

278 483 391 522 'rimo
410 481 626 532 instituto,
642 493 727 534 quo
758 488 933 523 cautum
969 489 1079 534 erat,
1116 487 1167 524 ut

285 555 434 585 omnes
454 543 624 596 placide
645 544 841 587 viverent
869 543 1031 597 ἔχοντες
1050 544 1167 588 ἕκασ-

282 623 345 647 τοι
363 606 390 648 ἃ
410 606 561 658 ἔχουσι.
589 607 791 650 ΚειισΙιὲπ.
846 610 972 650 Illam
998 610 1013 632 ‘
1027 610 1168 663 legem

283 670 537 713 oblivionis'
578 672 752 725 Nepos;
786 673 1062 714 ‘memorIam
1081 685 1168 714 om-

282 749 382 777 nem
414 736 728 777 discordiarum
759 737 977 779 oblivione
1013 738 1169 790 sempi-

283 807 410 842 terna
429 799 646 841 deletam!
701 801 868 842 Tullius
887 801 1118 853 Philippic.
1132 813 1168 841 1.

286 865 299 887 ‘
316 864 620 915 plebiscitum,
657 876 712 904 ne
745 876 831 917 qua
849 864 1171 917 praeteritarum

282 939 428 968 rerum
464 925 820 976 mentio-fieret3’
858 926 920 967 de
956 939 1041 980 quo
1075 926 1171 967 loco

283 991 384 1032 vide
403 992 569 1031 Muret.
588 991 691 1032 Var.
710 1002 762 1031 11.
786 994 851 1032 15.
867 995 915 1031 et
932 989 1095 1032 Fabrit.
1114 989 1170 1030 ad

279 1054 507 1106 orosium,
543 1054 642 1095 Val.
674 1054 891 1094 Maximus
927 1054 1002 1095 lib.
1033 1065 1097 1096 lv.
1129 1058 1172 1096 1.

287 1118 417 1160 Oros.
436 1118 512 1158 lib.
535 1129 589 1158 11.
610 1121 678 1159 17.
703 1117 865 1160 Justin.
885 1116 964 1158 lib.
981 1129 1026 1159 v.
1062 1116 1171 1158 Κάλ·

285 1188 426 1221 λιστον
445 1181 488 1220 ἐκ
507 1180 680 1222 παιδείας
710 1180 813 1233 ῥῆμα
833 1181 888 1232 μὴ
907 1184 1172 1231 μνησικακεῖν·

285 1246 298 1266 ‘
315 1245 654 1298 pulcherrimum
686 1257 742 1285 ex
771 1245 998 1298 sapientias
1018 1246 1171 1287 studiis

287 1308 475 1360 petitum
493 1308 766 1360 vocabulum,
793 1309 1042 1349 memoriam
1059 1309 1172 1361 inju-

287 1372 451 1412 riarum
488 1383 583 1412 esse
619 1371 846 1412 delendam
862 1375 890 1422 ς’
933 1371 1173 1426 AEschines,

285 1435 335 1475 τὸ
350 1437 424 1484 τῆς
441 1435 657 1486 ἂμνηστῖας
672 1435 869 1489 ψήφισμα,
886 1435 1088 1477 oblivionis
1105 1438 1173 1478 de-

288 1504 456 1550 cretum,
471 1499 752 1550 Plutarchus,
771 1500 1062 1553 appellavere.
1091 1500 1173 1541 Ar-

290 1568 540 1616 gumentum
560 1564 666 1617 legis
684 1563 787 1616 fuit,
813 1568 889 1604 ΜΗ
918 1568 1175 1607 ΜΝΗΣΙΚΑ-

289 1631 430 1678 ΚΕῙΝ,
455 1631 594 1668 ΜΗΤΕ
621 1631 819 1668 ΑΔΙΚΟΝ
846 1631 986 1668 ΜΗΤΕ
1012 1633 1177 1669 ΔῙΚΑῙ-

291 1696 365 1732 ON
390 1696 588 1733 ΛΕΓΕΙΝ.
642 1690 780 1746 Atqui
798 1703 852 1733 ea
868 1704 970 1733 mox
987 1691 1044 1733 ab
1060 1691 1178 1732 omni

289 1755 589 1808 multitudine,
617 1760 665 1796 et
696 1755 945 1808 singulatim
963 1767 995 1797 -a
1010 1755 1179 1799 Jndiei-

289 1818 372 1860 bus
391 1823 439 1859 et
456 1819 638 1871 Senatu,
650 1819 906 1860 solemnibus
914 1818 1179 1872 juramentis

289 1881 543 1923 confirmata
556 1887 638 1935 est,
650 1895 831 1936 quorum
848 1881 1045 1924 formulae
1061 1882 1179 1936 apud

291 1944 582 1998 Andocidem,
646 1946 884 1987 Rhetorem
955 1946 1179 1994 Graecum,

292 2009 523 2061 Oratione,
542 2021 638 2062 quae
671 2010 727 2050 de
756 2009 984 2062 Mysteriis
1017 2009 1182 2062 scripta

291 2078 376 2125 est,
396 2072 533 2114 adhuc
551 2073 771 2126 leguntur,
784 2078 831 2113 et
848 2072 918 2114 hic
934 2073 1181 2114 necessario

293 2136 661 2189 representandae
690 2140 804 2176 sunt.
858 2135 1077 2177 Jurabaut
1093 2147 1182 2176 om·

294 2211 399 2240 nes:
429 2204 498 2240 ΟΥ
534 2201 915 2242 ΜΝΗΣῙΚΑΚΗΣΩ
953 2203 1057 2240 ΤΩΝ
1094 2204 1184 2240 110-

295 2267 452 2303 ΛΙΤΩΝ
495 2267 702 2315 ΟΤΔΕΝΙ,
736 2268 881 2304 ΠΛΗΝ
915 2267 1019 2305 ΤΩΝ
1052 2268 1184 2304 TRIA-

297 2332 487 2379 κοΝΤΑ,
515 2332 604 2368 xm
643 2333 747 2369 mu
787 2333 1010 2380 ΕΝΔΕΚΑ,
1050 2333 1184 2369 orn-1:

294 2396 513 2444 ΤΟΎΤΩΝ,
551 2394 620 2433 ΟΣ
645 2396 716 2432 ΑΝ
743 2396 929 2432 nel-:1101
956 2395 1185 2434 ΕΥΘΥΝΑΣ

297 2459 516 2497 ΔῙΔΟΝΑῘ
555 2458 657 2498 ΤΗΣ
681 2460 870 2508 ΑΡΧΗΣ,
911 2459 979 2498 ΗΞ
1007 2460 1186 2499 ΗΡΞΕΝ.

297 2518 558 2560 Senatores:
588 2524 656 2560 off
681 2523 911 2564 ΔΕΕΟΜΑῙ
929 2523 1188 2573 ΕΝΔΕῙΞΙΝ,

301 2587 431 2624 orem
450 2589 742 2638 ΑΠΑΓΩΓΗΝ,
760 2588 933 2627 ΕΝῈΚΑ
949 2586 1053 2627 ΤΩΝ
1070 2591 1189 2628 1¹1?ss-

298 2652 466 2688 ΤΕΡΟΝ
492 2653 872 2693 ΓΕΓΕΝΗΜΕΝΩΝ
901 2654 1060 2691 mmu-
1083 2653 1189 2691 ΤΩΝ

297 2717 610 2755 ΦΕΥΓΟΝΤΩΝ.
665 2714 864 2756 Judices:
898 2719 966 2755 ΟΥ
1005 2717 1189 2757 mmxl-

299 2780 526 2827 xAKuza,
573 2782 707 2819 oms
751 2783 887 2820 ΑΛΛο
923 2782 1190 2833 nmmum,

300 2846 586 2882 ΨΗΦῙΟΥΜΑΙ
613 2848 682 2883 ΔΕ
710 2847 844 2885 ΚΑΤΑ
860 2847 991 2886 ΤΟΥΣ
1013 2848 1191 2885 ΚΕῘΜΕ-

300 2908 437 2947 Now}
463 2908 692 2947 ΝΟΜΟΤΣ.
749 2907 905 2959 Neque
924 2907 970 2947 in
988 2907 1118 2948 alium
1145 2905 1192 2948 fi-

302 2980 404 3010 nem
423 2981 525 3010 mox
543 2976 699 3023 rogata
731 2970 786 3011 ab
807 2969 998 3011 Archino
1025 2973 1113 3024 lex,
1144 2977 1192 3013 et

307 3031 493 3074 admissa
514 3037 580 3073 est
595 3046 607 3073 ε
625 3033 638 3056 ‘
653 3033 697 3073 Si
714 3033 809 3086 quis
829 3034 873 3074 in
886 3034 962 3086 ,ius
976 3041 1104 3076 vocat
1118 3034 1193 3075 ad·

304 3107 452 3137 versus
471 3095 554 3136 hoc
564 3095 887 3149 jusjurandum,
916 3109 1016 3139 reus
1034 3109 1192 3150 excep·

305 3159 424 3200 tione
444 3159 606 3200 utitor:
637 3171 773 3213 eaque
802 3159 859 3201 de
885 3171 931 3201 re
948 3159 1192 3202 Archontes

306 3222 490 3273 primum
505 3222 675 3275 judicia
694 3222 936 3266 reddunto:
966 3225 1088 3278 prior
1118 3225 1193 3280 qui

307 3287 565 3337 exceptione
586 3288 742 3339 utitur,
759 3288 924 3330 dicito:
955 3289 1028 3343 qui
1064 3301 1196 3333 causa

308 3348 537 3401 ceciderit,
572 3352 769 3403 epobelia
789 3353 1027 3395 multator?
1084 3354 1195 3399 Hoec

308 3410 422 3451 enim
442 3411 537 3464 ejus
557 3415 775 3456 sententia
798 3416 914 3469 apud
950 3418 1195 3459 Isocratem

309 3479 471 3515 exstat.
509 3476 577 3516 Ex
597 3476 750 3529 quibus
770 3479 874 3519 satis
895 3485 1092 3532 apertum
1110 3486 1193 3532 est,

310 3538 537 3582 Amnestia
570 3552 596 3582 a
627 3539 908 3600 Thrasybulo
937 3545 1118 3597 sancita,
1148 3549 1194 3586 et

660 299 838 339 NOTAE
879 298 1217 338 VARIORUM
1258 299 1323 338 IN
1366 301 1419 339 C.
1456 299 1722 339 NEPOTIS

1227 417 1492 459 multitudini
1523 417 1723 471 probata,
1753 427 1942 470 omnem,
1976 416 2108 460 etiam

1228 485 1390 532 caetera
1397 480 1681 533 justissimam
1689 479 2112 532 actionem,civilium

1228 550 1423 585 motuum
1440 556 1493 586 ac
1519 544 1745 596 bellorum,
1773 542 2114 598 injuriarumque

1229 607 1398 649 nomine
1430 607 1756 659 instituendam,
1782 606 2111 660 Magistratib‘us

1229 671 1276 713 in
1293 672 1426 723 cives,
1443 684 1494 714 ac
1513 671 1678 713 civibus
1697 671 1741 712 in
1761 672 2044 724 Magistratus
2061 683 2117 713 ac

1232 736 1366 787 cives,
1383 736 1556 777 omnino
1575 735 1764 777 clausam
1781 733 1915 776 fuisse
1934 747 1985 776 ac
2001 747 2112 788 prae-

1232 799 1380 840 cisam.
1408 799 1617 841 Boaehorn.
1669 797 1909 849 Ἀμνηστίαν
1932 805 2115 841 venuste

1233 860 1440 902 describit
1453 860 1716 902 Claudianus
1732 861 1790 901 in.
1808 860 1953 902 Rufin.
1972 861 2046 904 lib.
2062 873 2114 903 ιι.

1233 927 1331 965 125.
1381 923 1537 964 ‘Mens
1565 924 1717 967 eadem
1748 925 2117 976 cunctis,ani1nis-

1233 999 1318 1040 que
1337 987 1530 1028 recentia
1540 991 1703 1039 ponunt
1716 987 2012 1038 vulneramur:
2024 988 2118 1030 odit

1233 1052 1390 1103 victus,
1409 1052 1605 1092 victorve
1625 1049 1836 1103 superbit.
1890 1051 1950 1091 Et
1974 1061 2119 1105 quam-

1234 1115 1299 1156 vis
1330 1126 1519 1167 praesens
1550 1119 1694 1155 tumor
1729 1118 1774 1155 et
1804 1113 1950 1155 civilia
1979 1125 2118 1167 nuper

1236 1180 1444 1232 Classica,
1462 1180 1750 1234 bellatrixque
1770 1179 1902 1220 etiam
1921 1190 2035 1221 num:
2053 1179 2119 1220 ira

1234 1249 1415 1299 caleret,
1441 1247 1496 1288 In
1515 1247 1634 1288 ducis
1655 1247 1863 1287 eximium
1895 1246 2118 1299 conspira-

1235 1323 1338 1352 vere
1356 1310 1582 1352 favorem!
1633 1310 1807 1351 Flavius
1831 1309 2043 1363 Vopiscus
2073 1310 2119 1350 in

1235 1373 1473 1417 Aureliano
1505 1374 1774 1415 Amnestiam
1810 1373 1941 1414 fuisse
1969 1372 2120 1414 decre-

1235 1444 1324 1480 tam
1373 1436 1510 1479 refert
1544 1438 1745 1490 exemplo
1778 1435 2123 1478 Atheniensium.

1239 1500 1420 1544 Orosius
1437 1501 1511 1543 lib.
1526 1512 1611 1542 vu.
1631 1505 1670 1542 6.
1697 1501 1710 1523 ‘
1729 1500 1935 1542 Claudius
1954 1511 2053 1540 mox
2072 1504 2122 1540 ut

1238 1565 1510 1609 confirmavit·
1535 1564 1779 1618 imperium,
1810 1575 1965 1616 magna
1990 1568 2123 1616 atque

1239 1630 1380 1671 adhuc
1400 1630 1548 1670 Roma·
1569 1627 1789 1681 incognita
1819 1639 1918 1667 usus
1936 1626 2123 1667 clemen·

1239 1694 1318 1742 tia,
1351 1704 1410 1733 ne
1434 1691 1481 1733 in
1499 1696 1667 1732 tantam
1697 1690 1904 1732 nobilium
1930 1689 2125 1730 multitu·

1239 1758 1384 1799 dinem
1402 1757 1513 1798 ultio
1539 1757 1575 1797 si
1607 1760 1721 1797 esset
1755 1760 1902 1808 coepta
1931 1754 2125 1805 saeviret,

1238 1822 1416 1863 biduum
1435 1820 1559 1872 illud,
1585 1831 1669 1874 quo
1699 1819 1756 1860 de
1790 1818 1979 1873 Reipub.
2007 1822 2126 1859 statu

1238 1885 1473 1929 infeliciter
1491 1885 1780 1927 consultatum
1793 1881 2020 1938 actumque
2035 1880 2127 1924 fue-

1241 1955 1324 2003 rat,
1373 1949 1592 1991 memoriae
1629 1948 1808 2001 exemit,
1851 1943 2127 2000 omniumque

1242 2013 1457 2055 factorum
1475 2012 1741 2053 dictorumve
1759 2011 1804 2051 in
1823 2023 1874 2052 eo
1894 2009 2061 2051 veniam
2080 2014 2128 2051 et

1243 2077 1562 2122 oblivionemin
1580 2080 1837 2130 perpetuum
1857 2068 2014 2116 sanxit.
2055 2072 2128 2114 Ita

1244 2144 1363 2184 illam
1383 2141 1636 2195 praeclaram
1659 2144 1706 2180 et
1725 2138 1932 2180 famosam
1949 2138 2130 2181 Atheni·

1245 2207 1409 2248 ensium
1429 2202 1662 2256 ἂμνηστίαν,
1692 2213 1819 2257 quam
1839 2200 2011 2256 quidem
2045 2203 2129 2245 Ro-

1245 2283 1328 2312 rnae
1350 2269 1555 2310 inducere
1573 2267 1692 2310 Julio
1713 2266 1876 2308 Caesari
1898 2262 2129 2308 interfecto

1245 2335 1444 2381 Senatus,
1459 2331 1667 2388 Cicerone
1686 2329 1913 2381 suadente,
1931 2329 2131 2370 tentave-

1247 2403 1331 2450 rat,
1346 2400 1430 2438 &c.
1457 2397 1655 2437 ultronea
1674 2394 1904 2436 clementia
1919 2391 2038 2436 nullo
2055 2406 2132 2436 ex·

1248 2465 1431 2515 petente
1450 2458 1669 2517 firmavit!
1699 2457 1901 2500 Gebhard.
1955 2459 2132 2511 Eurosque

1247 2524 1312 2566 mi
1329 2525 1452 2575 legem
1466 2531 1734 2564 oamvroms
1744 2518 2011 2576 appellor-um]
2024 2517 2132 2563 Nul-

1248 2589 1337 2629 lum
1357 2585 1535 2627 dubium
1555 2589 1638 2637 est,
1672 2585 1777 2638 quin
1803 2583 1852 2624 τὸ
1881 2584 2007 2636 legem
2035 2584 2131 2625 heic

1250 2649 1623 2693 exterminandum
1643 2661 1907 2703 censeamus,
1928 2650 2050 2704 cnjus
2067 2661 2133 2692 re-

1251 2717 1394 2770 petita
1425 2715 1558 2757 lectio
1595 2715 1844 2757 melioribus
1875 2727 1961 2756 non
1995 2716 2134 2758 solum

1252 2781 1363 2822 Mss.
1383 2786 1428 2821 et
1455 2779 1688 2832 Excerptis
1721 2785 1955 2832 repugnat,
1983 2778 2059 2821 sed
2088 2783 2136 2821 et

1253 2842 1470 2884 concinne
1503 2841 1645 2882 minus
1672 2841 1793 2896 loqui
1821 2839 1930 2884 facit
1948 2842 2136 2884 Corneli·

1253 2918 1340 2948 um.
1387 2905 1537 2947 Scribe
1555 2906 1704 2958 igitur,
1722 2917 1774 2955 ac
1789 2905 2028 2959 distingue:
2058 2907 2135 2948 Le·

1250 2982 1342 3022 gem
1359 2969 1467 3022 mlii,
1481 2981 1529 3010 ne
1545 2970 1632 3022 quis
1647 2964 1913 3010 anteactarum
1925 2982 2059 3010 reram
2071 2983 2136 3012 ac-

1254 3037 1470 3084 assaretur,
1487 3045 1582 3073 neve
1601 3035 1881 3082 mulctat-etam
1901 3045 2057 3089 eamque
2072 3033 2138 3075 illi

1255 3095 1528 3137 Onuvroms
1591 3095 1849 3147 appellarunt.
1914 3097 2138 3139 Keucben.

1254 3159 1459 3200 Meminit
1477 3159 1572 3212 ejus
1592 3159 1792 3212 Xenoph.
1813 3160 1857 3200 in
1875 3158 1961 3201 fiue
1979 3160 2055 3203 lib.

1315 3223 1371 3262 Ut
1405 3221 1571 3275 voleret]
1628 3222 1691 3262 Ut
1722 3228 1993 3264 servaretur:
2038 3233 2136 3264 nam

1257 3285 1394 3326 multa
1440 3283 1610 3337 legibus
1661 3285 1997 3337 constituuntur,
2038 3299 2136 3341 quae

1259 3349 1380 3390 brevi
1396 3347 1555 3390 frustra
1573 3348 1800 3389 habentur.
1827 3348 1970 3390 Tacit.
1986 3350 2014 3390 Ι.
2032 3360 2138 3393 xnr.

1257 3418 1324 3455 51.
1379 3414 1392 3437 ⁴
1419 3412 1633 3454 Militibus
1665 3411 1907 3453 immunitas
1945 3423 2137 3455 servare-

1259 3484 1344 3529 tur,
1366 3478 1444 3518 nisi
1464 3478 1506 3517 in
1526 3477 1594 3528 iis,
1617 3487 1710 3529 quae
1727 3488 1850 3518 vaeuo
1866 3485 2138 3520 exercerent:

1258 3543 1429 3594 aliaque
1463 3540 1691 3584 admodum
1721 3552 1858 3595 aequa,
1885 3553 1983 3595 quae
2017 3542 2139 3585 brevi
