2306 3900
260 252 390 308 cxiv

312 389 391 443 (sc.
417 383 654 436 maledictis)
681 385 756 424 hoc
771 384 917 438 posuit,
933 384 1057 477 §inter
1070 384 1148 423 alia

312 445 388 482 hoc
425 438 644 492 usurpavit)
672 453 736 486 xv,
774 444 801 479 6
842 438 929 492 (Αά
961 452 982 478 e
1016 439 1148 482 Vorst.

268 537 271 546 ς
316 498 367 536 ad
382 494 472 535 Val.
493 495 605 532 Max.
634 493 688 540 iv,
705 498 747 541 4,
768 497 806 534 l.
846 493 917 539 At,
936 493 1055 532 vitam
1075 505 1147 545 po-

315 563 407 589 nere
448 548 501 597 iv,
529 552 554 587 5
599 547 741 597 dicitur
770 554 814 586 ut
849 554 861 571 ⁶
879 559 1025 600 ponere
1044 546 1147 586 cala-

314 602 449 650 mum,'
467 601 494 640 i.
514 614 550 640 e.
569 601 788 653 deponere)

261 657 435 700 Positam
454 668 562 708 spem
581 655 752 695 victoriae
767 656 808 695 in
824 654 957 707 alicuj.
975 654 1148 708 pernicie

315 711 458 749 habere
485 708 592 754 xviii,
609 712 658 749 11

261 766 369 805 Pons
385 764 426 803 in
445 762 546 802 Istro
565 763 691 802 factus
714 763 744 810 i,
763 765 787 803 3
809 762 938 814 pontis
950 762 1149 809 custodes,

314 818 411 858 ibid.
439 822 600 869 pontem
631 817 774 864 facere,
801 816 1012 856 dissolvere
1052 816 1096 862 ii,
1121 821 1145 857 5

315 871 535 912 rescindere
569 870 598 916 i,
617 874 641 911 3

260 926 414 965 Pontus
443 922 550 969 xxiii,
573 928 624 963 10

261 979 439 1031 Populus
475 977 592 1029 jubet
636 976 710 1029 (de
747 976 887 1030 populi
911 978 1070 1017 decreto
1107 982 1150 1016 et

314 1033 417 1084 lege,
445 1031 612 1070 formula
639 1028 921 1084 δημοκρατυεὴ)
948 1045 1012 1077 xv,
1030 1035 1055 1071 7
1085 1044 1148 1070 ur-

313 1085 439 1126 banus
464 1085 634 1138 populus
666 1099 816 1138 oppon.
861 1084 1021 1124 exercit.
1049 1098 1091 1131 v,
1121 1088 1148 1125 2

314 1137 485 1192 populus
511 1138 715 1191 largitione
742 1139 1036 1192 magistratuum
1062 1151 1148 1178 cor·

313 1202 451 1245 ruptus
479 1192 507 1239 i,
526 1196 553 1232 6
582 1205 634 1244 po
667 1193 752 1232 ulus
779 1193 1016 1246 (suspiciose
1034 1191 1150 1232 liber-

314 1245 387 1287 tati
415 1258 495 1286 suae
523 1246 634 1286 timet
692 1247 760 1294 vii,
779 1250 804 1288 3
846 1247 1017 1299 populus
1046 1259 1150 1293 acer,

313 1301 512 1354 suspicax,
531 1300 701 1348 mobilis,
721 1301 977 1348 adversarius,
994 1300 1150 1339 invidus

315 1353 432 1394 etiam
461 1354 647 1407 potentias
674 1354 758 1401 xiii,
788 1359 813 1394 3
843 1354 974 1406 (locus
1004 1367 1151 1394 memo·

316 1408 448 1447 rabilis
478 1407 520 1447 in
545 1407 711 1460 ingenio
730 1408 1005 1455 multitudinis,
1033 1421 1151 1461 quem

315 1463 506 1501 illustrare
533 1467 669 1514 ‚potest
698 1461 807 1513 Lips.
842 1461 954 1513 polit.
994 1462 1054 1508 iv,
1087 1463 1151 1514 5).

313 1513 456 1569 Populi
488 1513 682 1554 mobilitas
712 1520 848 1554 notata
871 1515 938 1562 vii,
956 1518 983 1554 6
1023 1528 1151 1567 popu·

317 1571 378 1609 lus
404 1570 515 1609 timet
532 1569 749 1621 potentiam
766 1569 818 1608 cl.
837 1569 949 1608 viror.
978 1568 1005 1615 i,
1025 1572 1051 1609 8
1079 1582 1152 1620 po-

317 1623 402 1675 puli
428 1636 585 1663 causam
603 1635 715 1674 agere
735 1622 809 1675 (de
826 1621 998 1661 factione
1016 1622 1153 1661 demo·

317 1675 485 1729 cratica)
523 1676 603 1722 xix,
622 1680 647 1717 3
695 1675 833 1729 populi
852 1675 1040 1728 potentias
1072 1688 1155 1715 non

320 1731 471 1770 amicus
501 1730 568 1777 vii,
585 1735 609 1770 5

265 1784 484 1837 Populares
512 1782 603 1836 (qui
632 1782 783 1836 populo
816 1781 1000 1835 student)
1028 1782 1108 1830 xix,
1127 1785 1152 1823 3

317 1834 622 1892 (δημοκρατικὰ),
638 1850 736 1890 quos
750 1836 982 1877 Plutarchus
1000 1836 1043 1876 in
1054 1835 1155 1876 Ara·

322 1899 364 1931 to
379 1891 641 1943 φιλοπολίτας
657 1891 796 1942 vocat)

267 1946 555 1999 Populiscitum
563 1945 783 1998 (decretum
793 1944 944 1998 populi,
953 1943 1134 1999 ψήφισμα

322 2000 381 2048 iii,
402 2004 440 2041 1.
454 2000 523 2047 vii,
540 2005 580 2040 5.
599 2013 664 2046 xv,
683 2004 724 2040 7.
743 2003 866 2047 xrx,-2
1081 2019 1083 2021 ·

267 2051 474 2106 Porrigere
495 2068 504 2092 ι
533 2065 614 2092 non
636 2055 886 2106 suppetebat,
919 2066 999 2106 quo
1019 2064 1156 2092 manus

323 2109 550 2161 porrigeret,
565 2107 640 2146 nisi
654 2108 869 2148 amicorum
887 2107 1157 2160 possessiones

322 2163 426 2216 (non
453 2168 549 2208 erat,
595 2162 703 2201 unde
734 2168 889 2215 raperet
918 2159 1017 2213 διο.)
1057 2173 1097 2208 x,
1129 2164 1156 2201 7

321 2216 497 2268 (Seneca
528 2215 655 2269 Epist.
696 2221 749 2256 55
793 2222 913 2255 ‘cum
947 2221 1157 2266 tempestas

323 2268 582 2322 piscatoribus
597 2269 707 2309 dedit
720 2269 849 2316 ferias,
865 2282 1003 2308 manus
1020 2268 1071 2308 ad
1087 2281 1160 2322 pa-

313 2329 406 2362 trata
423 2321 666 2376 porrigitur’)

269 2373 401 2416 Portae
430 2373 591 2415 'Ciliciae
618 2375 820 2427 (claustra,
851 2375 1003 2426 aditus)
1030 2374 1114 2421 xiv,
1131 2378 1156 2415 7

323 2426 472 2482 (Graee.
490 2425 623 2469 π’ὖλαι.
651 2428 809 2469 Curtius
836 2427 892 2475 iii,
910 2432 952 2474 4,
970 2432 996 2469 2
1043 2434 1054 2452 ·
1075 2427 1158 2481 Py-

325 2479 549 2524 las'incolae
569 2482 707 2521 dieunt
723 2496 735 2531 ;
763 2481 993 2522 arctissimas
1010 2481 1159 2529 fauces,

326 2536 569 2575 munimenta
593 2548 683 2588 quae
711 2548 830 2574 manu
860 2535 1057 2588 ponimus,
1089 2548 1159 2574 na-

326 2586 442 2630 turali
461 2590 536 2629 situ
555 2588 767 2641 imitante’)

274 2642 436 2684 Portare
472 2657 605 2683 secum
640 2640 832 2696 (auferre)
875 2642 983 2689 xxiii,
1002 2646 1030 2683 9
1067 2642 1158 2694 (ubi

328 2705 459 2738 tamen
472 2697 559 2737 Nos
578 2703 589 2719 ¹
603 2693 761 2736 ⁴ducere’
778 2695 1055 2750 reposuimus).
1071 2709 1160 2749 quae

318 2750 408 2804 -reg'i
428 2749 1011 2805 portarentur-(adveherentur)
1039 2750 1118 2798 xiv,
1133 2755 1160 2791 4

327 2805 471 2858 portari
491 2803 671 2844 vehiculo
700 2802 778 2851 xix,
799 2807 826 2844 4
872 2852 874 2857 ,

276 2858 455 2899 Porticus
474 2858 585 2911 (quae
602 2855 750 2897 Post-ile
767 2856 949 2910 vocatur)
977 2856 1005 2906 i,
1025 2860 1052 2898 6

274 2912 418 2952 Portus
436 2912 585 2952 Athen.
603 2910 833 2952 describitur
860 2911 904 2958 ii,
921 2916 948 2951 6
983 2909 1162 2951 Menelai

330 2967 423 3014 xvii,
443 2971 469 3008 8
498 2962 806 3018 portum-intrare
832 2965 899 3012 xii,
919 2969 946 3005 4

275 3021 469 3060 Poscere:
498 3024 954 3071 cumttempusposceret
981 3017 1048 3064 vii,
1064 3021 1082 3058 1

282 3072 404 3114 Posse
429 3073 844 3114 multumauctoritate
861 3072 967 3125 apud
991 3071 1161 3123 aliquem

331 3128 483 3180 (valere
499 3127 597 3180 διο.)
612 3140 651 3173 x,
662 3131 686 3166 3
709 3126 774 3166 Sic
790 3141 799 3165 ε
826 3139 943 3178 posse
957 3124 1162 3178 plurimum

331 3182 374 3219 in
394 3179 552 3221 civitate
574 3181 662 3228 viii,
677 3183 700 3219 3
732 3180 952 3233 (quomodo
966 3185 1007 3219 et
1024 3178 1163 3219 Cicero

333 3236 513 3286 passima.
557 3247 643 3273 -rron
665 3238 818 3285 poterat
851 3234 892 3272 id
923 3232 1005 3286 pati
1051 3232 1165 3279 vii‚s

334 3289 440 3338 quod
491 3300 601 3327 acere
634 3293 795 3339 possent
824 3287 980 3339 (liceret
997 3285 1095 3339 illis)
1122 3286 1167 3332 ii,

334 3345 360 3381 7
390 3354 470 3379 non
490 3347 700 3393 potuerunt
725 3342 919 3394 corrumpi
947 3341 1050 3394 (non
1076 3346 1167 3378 sunt

304 3441 306 3443 Ι
334 3394 437 3446 passi
456 3407 496 3432 se
515 3395 729 3446 corrumpi)
757 3394 809 3441 vi,
825 3399 849 3434 3

284 3447 515 3489 Possidere:
544 3460 594 3486 ne
624 3454 754 3486 esseut
783 3448 871 3487 loca
889 3447 1053 3494 munita,
1078 3460 1166 3499 quae

331 3502 465 3542 hostes
491 3500 734 3555 possiderent
764 3500 1048 3556 (occuparent)
1077 3501 1122 3549 ii,
1139 3505 1166 3542 6

1082 258 1286 299 INDEX

1212 381 1412 422 Possessio
1429 379 1571 422 Sicilire
1586 379 1816 435 (imperium
1830 380 2006 436 quodibi
2021 382 2096 424 'ubo

1265 436 1433 489 tinetur)
1472 450 1535 483 xx,
1570 440 1595 476 2
1643 442 1774 476 tenere
1813 438 2096 488 possessionem

1265 489 1425 538 Siciliae,
1447 491 1543 530 ibid.
1591 489 1852 543 possessiones
1885 491 2097 530 amicorum

1264 543 1411 597 (bona)
1456 559 1495 591 x,
1528 548 1554 586 7
1592 544 1854 596 possessiones
1897 545 2097 592 Africanae'

1266 609 1355 644 xxv,
1390 602 1443 639 12
1482 598 1708 650 Epiroticae,
1739 599 1895 637 urbanas
1933 599 2096 646 xxv,14

1265 652 1446 703 pretiosae
1491 666 1579 699 xxv,
1611 656 1663 693 12
1719 652 1957 692 vacuefactoe
1993 652 2098 691 bello

1266 719 1330 754 xx,
1350 711 1375 747 3
1422 705 1684 759 possessiones
1714 719 1801 746 suas
1826 718 1968 759 augere
2006 719 2099 753 xxv,

1213 811 1310 853 Post
1321 813 1467 852 bellum
1486 811 1816 864 Peloponnesium
1835 812 1910 867 (sc.
1929 812 2100 860 finitum,

1267 866 1514 916 confectum)
1541 867 1621 912 xvi,
1644 869 1663 906 1
1692 865 1778 906 Sic:
1807 873 1899 918 post
1922 866 2099 907 Athenas

1264 920 1454 966 devictas,
1473 919 1569 958 ibid.
1615 925 1704 971 post
1734 919 1993 959 calamitatem
2023 921 2102 974 (sc.

1266 973 1492 1026 acceptam)
1519 987 1610 1019 xxv,
1626 978 1654 1013 9
1692 973 1741 1026 (i.
1767 987 1805 1014 e.
1833 975 2100 1026 postquamin

1265 1027 1527 1073 calamitatem
1563 1027 1718 1073 incidit,
1769 1035 1809 1067 et
1849 1028 2006 1068 fortuna
2041 1028 2102 1067 uti

1264 1082 1390 1134 coepit
1407 1083 1582 1133 adversa.
1625 1082 1688 1120 Sic
1708 1081 1891 1128 ,lustinus
1916 1082 1998 1129 viii,
2015 1086 2056 1128 1.
2069 1087 2098 1123 6

1267 1141 1280 1159 ·
1298 1149 1451 1187 prorsus
1469 1135 1579 1187 quasi
1595 1142 1683 1186 post
1699 1148 1804 1175 arma
1822 1141 1862 1176 et
1882 1135 2106 1176 bellumlo-

1267 1203 1358 1229 cum
1377 1189 1530 1243 legibus
1545 1189 1820 1241 reliquissent!
1863 1187 1990 1228 'Idem
2017 1189 2101 1237 i,6,

1270 1247 1321 1285 12
1363 1249 1373 1267 ‘
1390 1243 1529 1295 ingens
1559 1250 1649 1295 post
1696 1243 1971 1284 necessitatem
2005 1256 2105 1296 pug-

1266 1298 1389 1336 nandi
1418 1298 1571 1337 animus
1591 1297 1775 1336 exercitui
1793 1296 1880 1349 ejus
1911 1297 2104 1337 accessit!

1268 1350 1424 1405 Vorst.)
1453 1358 1543 1403 post
1559 1352 1759 1390 bominum
1789 1351 2012 1390 memoriam
2057 1351 2105 1398 ii,

1268 1410 1310 1444 5.
1329 1405 1385 1453 iii,
1406 1410 1444 1446 1.
1464 1406 1541 1451 xxi,
1562 1409 1585 1445 1
1616 1411 1706 1458 post
1734 1417 1880 1444 annum
1903 1405 2101 1458 quintum,

1268 1471 1348 1511 quo
1367 1459 1553 1512 expulsus
1577 1465 1661 1498 erat
1701 1472 1741 1505 v,
1761 1462 1785 1498 3
1832 1465 1924 1510 post
1953 1471 2101 1510 annum

1267 1518 1449 1564 quartum
1466 1526 1583 1564 quam
1612 1512 1670 1559 iii,
1689 1515 1729 1551 3.
1750 1525 1790 1559 x,
1808 1516 1862 1552 10
1889 1512 1980 1552 Sic:
2010 1519 2102 1566 post

1269 1566 1375 1605 diem
1405 1567 1560 1606 tertium
1593 1579 1711 1618 quam
1753 1579 1794 1612 x,
1811 1570 1835 1607 5
1882 1572 1974 1618 post
2001 1567 2106 1606 hanc

1270 1631 1350 1658 rem
1367 1626 1514 1671 gestam
1532 1619 1684 1658 nonita
1695 1619 1826 1659 multis
1839 1619 1978 1659 dIebus
1995 1619 2108 1667 xxiii,

1271 1678 1297 1713 5
1326 1680 1416 1725 post
1433 1673 1473 1712 id
1491 1673 1637 1712 sactum
1652 1685 1851 1724 nunquam
1870 1674 1950 1720 xvi,
1962 1677 1986 1713 5
2011 1681 2108 1726 post

1271 1739 1353 1766 non
1372 1726 1494 1765 multo
1522 1727 1576 1774 iv,
1596 1731 1621 1768 3
1649 1733 1740 1779 post
1759 1740 1888 1779 neque
1907 1727 1961 1767 ita
1981 1728 2109 1767 multo

1271 1793 1312 1827 v,
1330 1785 1357 1821 3
1383 1794 1514 1832 neque
1540 1781 1668 1820 multo
1696 1786 1786 1833 post
1812 1793 1904 1828 xxv,
1923 1785 1949 1822 8
1971 1789 2109 1835 'neque

1271 1833 1328 1873 ita
1347 1835 1469 1874 multo
1489 1841 1579 1886 post
1605 1833 1687 1882 xvi,
1711 1838 1752 1875 2.
1767 1834 1845 1881 xxi,
1864 1838 1889 1876 3
1923 1841 2015 1888 post
2034 1835 2108 1875 ali-

1271 1895 1419 1941 quanto
1464 1888 1533 1936 vii,
1553 1893 1602 1930 11
1641 1887 1842 1942 (Justinus
1876 1889 1921 1937 ii,
1952 1893 2020 1936 1⁰,
2054 1892 2106 1930 14

1273 1949 1285 1965 ‘
1301 1955 1382 1981 non
1411 1956 1555 1996 magno
1583 1949 1673 1995 post
1691 1949 1866 1994 tempore
1885 1956 1954 1996 per
1973 1943 2107 1996 prodi·

1273 1996 1420 2036 tionem
1434 1993 1668 2049 captantur:
1725 2002 1737 2019 ‘
1754 1995 1914 2036 Deinde
1928 1997 2047 2051 post,’
2063 2002 2108 2036 ut

1273 2055 1286 2073 ⁸
1301 2056 1391 2103 post
1409 2050 1567 2090 deinde'
1585 2063 1651 2103 ap.
1667 2049 1758 2090 Ter.
1784 2050 1893 2098 xviii,
1908 2057 1949 2099 5,
1967 2049 2016 2104 5)

1220 2103 1483 2157 Posteaquam
1527 2105 1556 2152 i,
1585 2109 1628 2145 6.
1658 2118 1750 2152 xxv,
1782 2109 1822 2146 2.
1853 2118 1894 2152 x,
1923 2109 1951 2147 4
1993 2109 2106 2145 sexto

1273 2171 1380 2198 anno
1411 2164 1619 2211 postquam
1653 2165 1737 2199 erat
1771 2159 1958 2211 expulsus
1989 2158 2051 2205 iii.
2081 2162 2103 2198 1

1273 2211 1350 2266 (sic
1396 2211 1439 2252 in
1469 2213 1653 2267 quibusd.
1680 2212 1821 2265 codd.)
1864 2225 1970 2253 nono
2000 2224 2108 2251 anno

1275 2273 1482 2319 postquam
1529 2267 1622 2316 xxii,
1649 2270 1675 2309 4
1716 2266 1806 2307 Sic:
1850 2279 1955 2307 anno
1991 2266 2108 2307 tertio

1276 2326 1482 2373 postquam
1511 2321 1619 2368 xxiii,
1636 2324 1663 2362 8
1998 2342 2002 2348 ·

1219 2370 1382 2411 Postera
1400 2386 1478 2410 nox
1494 2373 1601 2420 xviii,
1620 2378 1647 2413 9
1666 2379 1821 2424 postero
1834 2374 1899 2414 die
1914 2373 1943 2420 i,
1959 2378 1999 2414 5.
2026 2372 2109 2421 xiv,

1276 2428 1300 2464 3
1347 2426 1433 2475 (Sic
1451 2438 1610 2480 quoque
1641 2427 1772 2467 Cicer.
1800 2427 1958 2480 saepius,
1984 2427 2107 2469 Colu-

1276 2479 1382 2518 mell.
1409 2479 1466 2526 vi,
1487 2483 1552 2519 14.
1570 2485 1611 2518 et
1635 2480 1708 2527 xii,
1720 2485 1789 2521 25.
1814 2481 1900 2520 Liv-
1918 2480 2025 2527 xxiii,
2041 2484 2111 2522 19.

1276 2532 1351 2572 ὅτε.
1393 2539 1406 2556 ⁸
1424 2538 1580 2586 postero
1598 2533 1716 2572 anno'
1751 2533 1875 2574 Varro
1901 2535 1954 2574 de
1978 2533 2035 2574 R.-
2050 2533 2104 2574 R.

1275 2585 1407 2639 i‚4o).
1463 2593 1619 2639 postem
1631 2593 1806 2640 tempore
1833 2587 1927 2636 iii,3

1223 2640 1423 2680 Posterius
1441 2640 1624 2693 (postea)
1652 2641 1707 2688 iv,
1726 2647 1750 2682 5

1222 2694 1428 2735 Postulare
1445 2695 1563 2734 fidem
1582 2694 1768 2748 (jusjur.)
1796 2694 1946 2742 xxiii,2
1973 2702 2111 2750 postu-

1277 2748 1371 2795 lare,
1409 2754 1454 2787 ut
1486 2750 1642 2788 tradant
1667 2750 1802 2789 urbem
1838 2749 1979 2789 incolae
2025 2750 2056 2798 i,
2083 2755 2111 2792 2

1277 2802 1433 2856 (confer
1444 2803 1474 2851 i,
1490 2802 1549 2855 l).
1573 2802 1730 2856 postulo
1745 2803 1789 2844 id
1803 2817 1827 2843 a
1845 2810 1884 2843 te
1898 2803 1981 2843 fieri
2004 2803 2114 2851 xxiii,

1279 2860 1331 2896 12
1362 2857 1586 2909 postulabat
1602 2869 1646 2896 se
1664 2855 1854 2908 imperare
1878 2869 1960 2897 non
1977 2870 2112 2911 parere

1279 2910 1446 2949 ducibus
1473 2909 1625 2956 xviiifss
1659 2910 1822 2964 (Plene,
1854 2923 1938 2964 pro,
2029 2917 2115 2950 stu-

1278 2964 1385 3002 labat
1399 2964 1601 3016 imperare,
1619 2965 1949 3016 quemadmodum
2009 2971 2114 3005 oster

1278 3017 1333 3063 iv,
1348 3021 1373 3058 2
1403 3023 1414 3040 ‘
1429 3031 1469 3056 se
1490 3024 1617 3058 tecum
1636 3017 1824 3058 affinitate
1842 3017 2030 3071 conjungi
2043 3032 2114 3058 eu·

1279 3070 1366 3124 pit:
1406 3071 1518 3111 Idem
1547 3071 1629 3118 xiii,
1647 3075 1673 3111 4
1702 3077 1713 3095 ⁶
1729 3073 1897 3112 malebat
1913 3085 1955 3112 se
1973 3072 2114 3124 capitis

1280 3125 1495 3178 periculum
1513 3124 1648 3165 adire.'
1675 3124 1728 3163 Et
1755 3130 1860 3173 xV,4
1889 3126 2114 3167 ‘sededuci

1280 3178 1466 3218 volebat.'
1496 3179 1628 3218 Vorst.
1671 3179 1855 3219 Ceterum
1873 3185 1934 3219 est
1966 3180 2008 3218 in
2035 3180 2110 3221 isto

1282 3233 1371 3272 loco
1389 3238 1401 3256 ‘
1419 3233 1626 3284 postulare'
1654 3232 1759 3272 idern
1778 3246 1824 3273 ac
1850 3239 1862 3257 ‘
1875 3233 2049 3286 cupere,'
2066 3238 2114 3271 ut

1282 3287 1390 3340 apud
1418 3287 1549 3326 Plaut.
1575 3287 1691 3326 Men.
1714 3286 1758 3333 ii,
1779 3291 1819 3334 8,
1835 3291 1889 3328 88
1933 3292 1947 3311 ⁴
1961 3285 2031 3339 qui
2051 3298 2111 3326 me

1282 3341 1375 3379 hero
1412 3341 1606 3393 postulem
1651 3340 1867 3380 moderari.’
1912 3354 1951 3379 ν.
1987 3339 2112 3379 Thes.

1283 3394 1518 3446 Buchneri).
1553 3394 1750 3447 postulata
1767 3395 1894 3434 facere
1924 3393 1998 3446 (de
2016 3406 2111 3433 con·

1283 3447 1370 3487 silio
1414 3448 1531 3500 dato)
1575 3446 1645 3494 vii,
1664 3452 1690 3488 8
1733 3446 1926 3499 postulare
1956 3448 2112 3486 veniam

1284 3502 1523 3554 gratiamque
1557 3500 1669 3542 rnalae
1699 3500 1992 3542 existimationis
2018 3501 2114 3554 (de-
