<?xml version="1.0" encoding="UTF-8"?>
<!DOCTYPE html PUBLIC "-//W3C//DTD XHTML 1.0 Transitional//EN"
    "http://www.w3.org/TR/xhtml1/DTD/xhtml1-transitional.dtd">
<html xmlns="http://www.w3.org/1999/xhtml" xml:lang="en" lang="en">
 <head>
  <title>
</title>
<meta http-equiv="Content-Type" content="text/html;charset=utf-8" />
  <meta name='ocr-system' content='tesseract 3.04.00' />
  <meta name='ocr-capabilities' content='ocr_page ocr_carea ocr_par ocr_line ocrx_word'/>
</head>
<body>
  <div class='ocr_page' id='page_1' title='image "./vitaeexcellentiu02nepouoft_0407.png"; bbox 0 0 2306 3900; ppageno 0'>
   <div class='ocr_carea' id='block_1_1' title="bbox 747 286 1084 326">
    <p class='ocr_par' dir='ltr' id='par_1_1' title="bbox 747 286 1084 326">
     <span class='ocr_line' id='line_1_1' title="bbox 747 286 1084 326; baseline 0.006 -2"><span class='ocrx_word' id='word_1_1' title='bbox 747 286 909 324; x_wconf 73' lang='lat' dir='ltr'>RERU</span> <span class='ocrx_word' id='word_1_2' title='bbox 927 286 964 322; x_wconf 90' lang='grc' dir='ltr'><em>Μ</em></span> <span class='ocrx_word' id='word_1_3' title='bbox 1011 286 1084 326; x_wconf 87' lang='lat' dir='ltr'>E&#39;l&#39;</span> 
     </span>
    </p>
   </div>
   <div class='ocr_carea' id='block_1_2' title="bbox 176 404 1066 3536">
    <p class='ocr_par' dir='ltr' id='par_1_2' title="bbox 217 404 1066 565">
     <span class='ocr_line' id='line_1_2' title="bbox 217 404 1066 453; baseline 0.004 -9"><span class='ocrx_word' id='word_1_4' title='bbox 217 404 371 445; x_wconf 62' lang='lat' dir='ltr'>&#39;noluit</span> <span class='ocrx_word' id='word_1_5' title='bbox 385 405 461 446; x_wconf 70' lang='grc' dir='ltr'>ἀΰ.</span> <span class='ocrx_word' id='word_1_6' title='bbox 511 421 574 453; x_wconf 77' lang='lat' dir='ltr'>xx,</span> <span class='ocrx_word' id='word_1_7' title='bbox 593 411 619 447; x_wconf 73' lang='lat'>2</span> <span class='ocrx_word' id='word_1_8' title='bbox 654 407 692 446; x_wconf 84' lang='lat' dir='ltr'>ei</span> <span class='ocrx_word' id='word_1_9' title='bbox 725 406 897 446; x_wconf 79' lang='lat' dir='ltr'>rei-sunt</span> <span class='ocrx_word' id='word_1_10' title='bbox 917 408 1066 447; x_wconf 80' lang='lat' dir='ltr'>indicio</span> 
     </span>
     <span class='ocr_line' id='line_1_3' title="bbox 243 459 1065 512; baseline 0.001 -14"><span class='ocrx_word' id='word_1_11' title='bbox 243 461 437 499; x_wconf 79' lang='lat' dir='ltr'>sexdecim</span> <span class='ocrx_word' id='word_1_12' title='bbox 465 461 657 500; x_wconf 75' lang='lat' dir='ltr'>volumina</span> <span class='ocrx_word' id='word_1_13' title='bbox 683 459 932 512; x_wconf 86' lang='lat' dir='ltr'>epistolarum</span> <span class='ocrx_word' id='word_1_14' title='bbox 978 475 1065 508; x_wconf 83' lang='lat' dir='ltr'>xxv,</span> 
     </span>
     <span class='ocr_line' id='line_1_4' title="bbox 248 512 685 565; baseline -0.002 -13"><span class='ocrx_word' id='word_1_15' title='bbox 248 515 298 552; x_wconf 80' lang='lat'>10</span> <span class='ocrx_word' id='word_1_16' title='bbox 325 513 386 565; x_wconf 86' lang='lat' dir='ltr'>(v.</span> <span class='ocrx_word' id='word_1_17' title='bbox 402 512 500 553; x_wconf 76' lang='lat' dir='ltr'>Esse</span> <span class='ocrx_word' id='word_1_18' title='bbox 519 512 685 564; x_wconf 82' lang='lat' dir='ltr'>auxilio)</span> 
     </span>
    </p>

    <p class='ocr_par' dir='ltr' id='par_1_3' title="bbox 189 562 1066 618">
     <span class='ocr_line' id='line_1_5' title="bbox 189 562 1066 618; baseline 0.006 -16"><span class='ocrx_word' id='word_1_19' title='bbox 189 562 368 604; x_wconf 80' lang='lat' dir='ltr'>Indicare</span> <span class='ocrx_word' id='word_1_20' title='bbox 385 579 427 606; x_wconf 89' lang='lat' dir='ltr'>se</span> <span class='ocrx_word' id='word_1_21' title='bbox 436 571 458 614; x_wconf 60' lang='grc'><strong><em>4</em></strong></span> <span class='ocrx_word' id='word_1_22' title='bbox 463 565 629 618; x_wconf 84' lang='lat' dir='ltr'>seipsum</span> <span class='ocrx_word' id='word_1_23' title='bbox 650 566 810 617; x_wconf 83' lang='lat' dir='ltr'>prodere</span> <span class='ocrx_word' id='word_1_24' title='bbox 839 565 939 615; x_wconf 71' lang='grc' dir='ltr'><strong>διο.)</strong></span> <span class='ocrx_word' id='word_1_25' title='bbox 966 567 1019 612; x_wconf 82' lang='lat' dir='ltr'>iv,</span> <span class='ocrx_word' id='word_1_26' title='bbox 1040 571 1066 607; x_wconf 85' lang='lat'>4</span> 
     </span>
    </p>

    <p class='ocr_par' dir='ltr' id='par_1_4' title="bbox 188 614 1066 670">
     <span class='ocr_line' id='line_1_6' title="bbox 188 614 1066 670; baseline 0.003 -15"><span class='ocrx_word' id='word_1_27' title='bbox 188 614 281 656; x_wconf 86' lang='lat' dir='ltr'>Indi</span> <span class='ocrx_word' id='word_1_28' title='bbox 309 619 466 670; x_wconf 85' lang='lat' dir='ltr'>quidam</span> <span class='ocrx_word' id='word_1_29' title='bbox 497 620 533 656; x_wconf 80' lang='lat' dir='ltr'>vi</span> <span class='ocrx_word' id='word_1_30' title='bbox 565 623 833 670; x_wconf 78' lang='lat' dir='ltr'>tempestatum</span> <span class='ocrx_word' id='word_1_31' title='bbox 851 632 897 658; x_wconf 81' lang='lat' dir='ltr'>ex</span> <span class='ocrx_word' id='word_1_32' title='bbox 918 619 1066 659; x_wconf 89' lang='lat' dir='ltr'>Indicis</span> 
     </span>
    </p>

    <p class='ocr_par' dir='ltr' id='par_1_5' title="bbox 199 671 1066 824">
     <span class='ocr_line' id='line_1_7' title="bbox 199 671 1066 724; baseline 0.003 -16"><span class='ocrx_word' id='word_1_33' title='bbox 199 703 205 708; x_wconf 81' lang='grc'><strong>.</strong></span> <span class='ocrx_word' id='word_1_34' title='bbox 239 672 458 723; x_wconf 65' lang='lat' dir='ltr'>equoribus</span> <span class='ocrx_word' id='word_1_35' title='bbox 476 673 514 710; x_wconf 88' lang='lat' dir='ltr'>in</span> <span class='ocrx_word' id='word_1_36' title='bbox 533 671 752 711; x_wconf 86' lang='lat' dir='ltr'>Germaniae</span> <span class='ocrx_word' id='word_1_37' title='bbox 769 671 900 710; x_wconf 80' lang='lat' dir='ltr'><strong>littora</strong></span> <span class='ocrx_word' id='word_1_38' title='bbox 915 673 1066 724; x_wconf 77' lang='lat' dir='ltr'>abrepti</span> 
     </span>
     <span class='ocr_line' id='line_1_8' title="bbox 238 722 1064 777; baseline 0.002 -15"><span class='ocrx_word' id='word_1_39' title='bbox 238 722 292 769; x_wconf 85' lang='lat' dir='ltr'>Q.</span> <span class='ocrx_word' id='word_1_40' title='bbox 318 724 486 764; x_wconf 84' lang='lat' dir='ltr'>Metello</span> <span class='ocrx_word' id='word_1_41' title='bbox 519 724 646 764; x_wconf 86' lang='lat' dir='ltr'>Celeri</span> <span class='ocrx_word' id='word_1_42' title='bbox 679 737 703 763; x_wconf 83' lang='lat' dir='ltr'>a</span> <span class='ocrx_word' id='word_1_43' title='bbox 738 723 849 777; x_wconf 83' lang='lat' dir='ltr'>Rege</span> <span class='ocrx_word' id='word_1_44' title='bbox 868 724 1064 764; x_wconf 80' lang='lat' dir='ltr'>Baetorum</span> 
     </span>
     <span class='ocr_line' id='line_1_9' title="bbox 238 776 840 824; baseline 0.007 -9"><span class='ocrx_word' id='word_1_45' title='bbox 238 776 344 815; x_wconf 83' lang='lat' dir='ltr'>dono</span> <span class='ocrx_word' id='word_1_46' title='bbox 359 778 515 824; x_wconf 84' lang='lat' dir='ltr'>dantur,</span> <span class='ocrx_word' id='word_1_47' title='bbox 538 778 599 816; x_wconf 75' lang='lat' dir='ltr'>Fr.</span> <span class='ocrx_word' id='word_1_48' title='bbox 618 783 641 819; x_wconf 99' lang='grc'><strong>7</strong></span> <span class='ocrx_word' id='word_1_49' title='bbox 836 796 840 798; x_wconf 59' lang='grc'><strong><em>’</em></strong></span> 
     </span>
    </p>

    <p class='ocr_par' dir='ltr' id='par_1_6' title="bbox 184 827 1064 879">
     <span class='ocr_line' id='line_1_10' title="bbox 184 827 1064 879; baseline 0.006 -12"><span class='ocrx_word' id='word_1_50' title='bbox 184 827 364 869; x_wconf 84' lang='lat' dir='ltr'>Indicere</span> <span class='ocrx_word' id='word_1_51' title='bbox 381 830 498 870; x_wconf 87' lang='lat' dir='ltr'>alicui</span> <span class='ocrx_word' id='word_1_52' title='bbox 517 832 660 870; x_wconf 86' lang='lat' dir='ltr'>bellum</span> <span class='ocrx_word' id='word_1_53' title='bbox 688 830 730 876; x_wconf 84' lang='lat' dir='ltr'>ii,</span> <span class='ocrx_word' id='word_1_54' title='bbox 748 835 788 872; x_wconf 84' lang='lat'>8.</span> <span class='ocrx_word' id='word_1_55' title='bbox 818 845 854 879; x_wconf 85' lang='lat' dir='ltr'>v,</span> <span class='ocrx_word' id='word_1_56' title='bbox 874 836 915 872; x_wconf 78' lang='lat'>3.</span> <span class='ocrx_word' id='word_1_57' title='bbox 942 832 1021 879; x_wconf 81' lang='lat' dir='ltr'>xiv,</span> <span class='ocrx_word' id='word_1_58' title='bbox 1038 836 1064 872; x_wconf 85' lang='lat'>2</span> 
     </span>
    </p>

    <p class='ocr_par' dir='ltr' id='par_1_7' title="bbox 257 883 869 937">
     <span class='ocr_line' id='line_1_11' title="bbox 257 883 869 937; baseline 0.005 -16"><span class='ocrx_word' id='word_1_59' title='bbox 257 883 503 922; x_wconf 75' lang='lat' dir='ltr'>denuntiatio</span> <span class='ocrx_word' id='word_1_60' title='bbox 519 884 666 923; x_wconf 76' lang='lat' dir='ltr'>hostilis</span> <span class='ocrx_word' id='word_1_61' title='bbox 684 884 869 937; x_wconf 81' lang='lat' dir='ltr'>intellig.)</span> 
     </span>
    </p>

    <p class='ocr_par' dir='ltr' id='par_1_8' title="bbox 183 933 1064 1677">
     <span class='ocr_line' id='line_1_12' title="bbox 183 933 1064 978; baseline 0.003 -5"><span class='ocrx_word' id='word_1_62' title='bbox 183 933 233 973; x_wconf 86' lang='lat' dir='ltr'>In</span> <span class='ocrx_word' id='word_1_63' title='bbox 263 935 367 975; x_wconf 89' lang='lat' dir='ltr'>idem</span> <span class='ocrx_word' id='word_1_64' title='bbox 382 952 393 974; x_wconf 69' lang='grc' dir='ltr'><strong><em>ι</em></strong></span> <span class='ocrx_word' id='word_1_65' title='bbox 420 937 558 976; x_wconf 86' lang='lat' dir='ltr'>habuit</span> <span class='ocrx_word' id='word_1_66' title='bbox 591 939 885 978; x_wconf 75' lang='lat' dir='ltr'>obtrectatorem</span> <span class='ocrx_word' id='word_1_67' title='bbox 922 938 1064 977; x_wconf 88' lang='lat' dir='ltr'>Mene-</span> 
     </span>
     <span class='ocr_line' id='line_1_13' title="bbox 237 988 1063 1043; baseline 0.001 -14"><span class='ocrx_word' id='word_1_68' title='bbox 237 988 380 1029; x_wconf 83' lang='lat' dir='ltr'>elidem</span> <span class='ocrx_word' id='word_1_69' title='bbox 396 991 592 1042; x_wconf 77' lang='lat' dir='ltr'>quendam</span> <span class='ocrx_word' id='word_1_70' title='bbox 607 990 782 1030; x_wconf 80' lang='lat' dir='ltr'>indidem</span> <span class='ocrx_word' id='word_1_71' title='bbox 798 991 942 1030; x_wconf 80' lang='lat' dir='ltr'>Thebis</span> <span class='ocrx_word' id='word_1_72' title='bbox 961 991 1010 1043; x_wconf 89' lang='lat' dir='ltr'>(i.</span> <span class='ocrx_word' id='word_1_73' title='bbox 1028 1004 1063 1030; x_wconf 86' lang='lat' dir='ltr'>e.</span> 
     </span>
     <span class='ocr_line' id='line_1_14' title="bbox 235 1041 1061 1097; baseline 0 -15"><span class='ocrx_word' id='word_1_74' title='bbox 235 1055 286 1082; x_wconf 82' lang='lat' dir='ltr'>ex</span> <span class='ocrx_word' id='word_1_75' title='bbox 304 1041 442 1082; x_wconf 90' lang='lat' dir='ltr'>iisdem</span> <span class='ocrx_word' id='word_1_76' title='bbox 474 1043 638 1096; x_wconf 81' lang='lat' dir='ltr'>Thebis)</span> <span class='ocrx_word' id='word_1_77' title='bbox 673 1057 736 1089; x_wconf 78' lang='lat' dir='ltr'>xv,</span> <span class='ocrx_word' id='word_1_78' title='bbox 756 1049 780 1084; x_wconf 87' lang='lat'>5</span> <span class='ocrx_word' id='word_1_79' title='bbox 809 1045 894 1097; x_wconf 88' lang='lat' dir='ltr'>(Ita</span> <span class='ocrx_word' id='word_1_80' title='bbox 923 1045 1061 1096; x_wconf 86' lang='lat' dir='ltr'>Cicero</span> 
     </span>
     <span class='ocr_line' id='line_1_15' title="bbox 236 1094 1062 1148; baseline 0.002 -15"><span class='ocrx_word' id='word_1_81' title='bbox 236 1108 305 1146; x_wconf 82' lang='lat' dir='ltr'>pro</span> <span class='ocrx_word' id='word_1_82' title='bbox 322 1094 445 1135; x_wconf 73' lang='lat' dir='ltr'>Rosc.</span> <span class='ocrx_word' id='word_1_83' title='bbox 471 1096 657 1136; x_wconf 87' lang='lat' dir='ltr'>Amerino</span> <span class='ocrx_word' id='word_1_84' title='bbox 675 1112 683 1134; x_wconf 93' lang='lat'>:</span> <span class='ocrx_word' id='word_1_85' title='bbox 714 1103 725 1119; x_wconf 76' lang='lat'><em>⁶</em></span> <span class='ocrx_word' id='word_1_86' title='bbox 740 1109 838 1148; x_wconf 90' lang='lat' dir='ltr'>quos</span> <span class='ocrx_word' id='word_1_87' title='bbox 855 1098 1031 1137; x_wconf 82' lang='lat' dir='ltr'>homines</span> <span class='ocrx_word' id='word_1_88' title='bbox 1047 1098 1062 1135; x_wconf 85' lang='lat'>?</span> 
     </span>
     <span class='ocr_line' id='line_1_16' title="bbox 233 1147 1062 1190; baseline 0.002 -4"><span class='ocrx_word' id='word_1_89' title='bbox 233 1147 459 1188; x_wconf 86' lang='lat' dir='ltr'>indidemne</span> <span class='ocrx_word' id='word_1_90' title='bbox 473 1149 658 1189; x_wconf 82' lang='lat' dir='ltr'>Ameria?</span> <span class='ocrx_word' id='word_1_91' title='bbox 674 1182 677 1184; x_wconf 55' lang='grc'><strong>,</strong></span> <span class='ocrx_word' id='word_1_92' title='bbox 701 1163 751 1188; x_wconf 87' lang='lat' dir='ltr'>an</span> <span class='ocrx_word' id='word_1_93' title='bbox 771 1151 886 1190; x_wconf 89' lang='lat' dir='ltr'>hosce</span> <span class='ocrx_word' id='word_1_94' title='bbox 905 1165 953 1190; x_wconf 86' lang='lat' dir='ltr'>ex</span> <span class='ocrx_word' id='word_1_95' title='bbox 969 1151 1062 1190; x_wconf 83' lang='lat' dir='ltr'>urbe</span> 
     </span>
     <span class='ocr_line' id='line_1_17' title="bbox 232 1201 1061 1244; baseline 0.002 -4"><span class='ocrx_word' id='word_1_96' title='bbox 232 1201 428 1241; x_wconf 69' lang='lat' dir='ltr'>sicarios?</span> <span class='ocrx_word' id='word_1_97' title='bbox 443 1202 620 1242; x_wconf 86' lang='lat' dir='ltr'>Lambin.</span> <span class='ocrx_word' id='word_1_98' title='bbox 634 1202 766 1242; x_wconf 91' lang='lat' dir='ltr'>Utitur</span> <span class='ocrx_word' id='word_1_99' title='bbox 778 1204 1061 1244; x_wconf 87' lang='lat' dir='ltr'>etalibieadem</span> 
     </span>
     <span class='ocr_line' id='line_1_18' title="bbox 234 1255 1060 1304; baseline 0.002 -9"><span class='ocrx_word' id='word_1_100' title='bbox 234 1267 330 1295; x_wconf 80' lang='lat' dir='ltr'>voce</span> <span class='ocrx_word' id='word_1_101' title='bbox 345 1255 498 1304; x_wconf 83' lang='lat' dir='ltr'>Cicero,</span> <span class='ocrx_word' id='word_1_102' title='bbox 515 1257 586 1296; x_wconf 84' lang='lat' dir='ltr'>sed</span> <span class='ocrx_word' id='word_1_103' title='bbox 603 1256 688 1295; x_wconf 84' lang='lat' dir='ltr'>sine</span> <span class='ocrx_word' id='word_1_104' title='bbox 702 1257 836 1296; x_wconf 86' lang='lat' dir='ltr'>addito</span> <span class='ocrx_word' id='word_1_105' title='bbox 850 1257 1060 1302; x_wconf 84' lang='lat' dir='ltr'>substanti·</span> 
     </span>
     <span class='ocr_line' id='line_1_19' title="bbox 235 1306 1059 1361; baseline 0.008 -18"><span class='ocrx_word' id='word_1_106' title='bbox 235 1306 272 1346; x_wconf 81' lang='lat' dir='ltr'>vi</span> <span class='ocrx_word' id='word_1_107' title='bbox 285 1321 378 1349; x_wconf 80' lang='lat' dir='ltr'>casu</span> <span class='ocrx_word' id='word_1_108' title='bbox 394 1323 405 1346; x_wconf 86' lang='grc'>;</span> <span class='ocrx_word' id='word_1_109' title='bbox 427 1322 462 1348; x_wconf 75' lang='grc' dir='ltr'>ν.</span> <span class='ocrx_word' id='word_1_110' title='bbox 477 1323 518 1361; x_wconf 87' lang='lat' dir='ltr'>g.</span> <span class='ocrx_word' id='word_1_111' title='bbox 537 1313 576 1349; x_wconf 81' lang='lat'>3.</span> <span class='ocrx_word' id='word_1_112' title='bbox 591 1310 643 1348; x_wconf 89' lang='lat' dir='ltr'>de</span> <span class='ocrx_word' id='word_1_113' title='bbox 659 1315 757 1348; x_wconf 85' lang='lat' dir='ltr'>orat.</span> <span class='ocrx_word' id='word_1_114' title='bbox 787 1316 798 1332; x_wconf 87' lang='lat'>‘</span> <span class='ocrx_word' id='word_1_115' title='bbox 815 1311 919 1350; x_wconf 88' lang='lat' dir='ltr'>unde</span> <span class='ocrx_word' id='word_1_116' title='bbox 935 1311 1059 1350; x_wconf 87' lang='lat' dir='ltr'>simile</span> 
     </span>
     <span class='ocr_line' id='line_1_20' title="bbox 233 1361 1058 1414; baseline 0.002 -14"><span class='ocrx_word' id='word_1_117' title='bbox 233 1361 325 1401; x_wconf 85' lang='lat' dir='ltr'>duci</span> <span class='ocrx_word' id='word_1_118' title='bbox 352 1368 495 1414; x_wconf 85' lang='lat' dir='ltr'>potest,</span> <span class='ocrx_word' id='word_1_119' title='bbox 520 1362 693 1402; x_wconf 83' lang='lat' dir='ltr'>indidem</span> <span class='ocrx_word' id='word_1_120' title='bbox 724 1363 879 1403; x_wconf 86' lang='lat' dir='ltr'>verbum</span> <span class='ocrx_word' id='word_1_121' title='bbox 898 1364 1058 1403; x_wconf 85' lang='lat' dir='ltr'>transla-</span> 
     </span>
     <span class='ocr_line' id='line_1_21' title="bbox 224 1414 1056 1465; baseline 0.002 -12"><span class='ocrx_word' id='word_1_122' title='bbox 224 1420 315 1454; x_wconf 25' lang='lat' dir='ltr'>*tum</span> <span class='ocrx_word' id='word_1_123' title='bbox 334 1414 464 1455; x_wconf 87' lang='lat' dir='ltr'>lumen</span> <span class='ocrx_word' id='word_1_124' title='bbox 481 1415 618 1455; x_wconf 85' lang='lat' dir='ltr'>afferet</span> <span class='ocrx_word' id='word_1_125' title='bbox 634 1415 826 1465; x_wconf 65' lang='lat' dir='ltr'>orationi&#39;</span> <span class='ocrx_word' id='word_1_126' title='bbox 854 1415 926 1455; x_wconf 86' lang='lat' dir='ltr'>Usi</span> <span class='ocrx_word' id='word_1_127' title='bbox 940 1417 1056 1457; x_wconf 80' lang='lat' dir='ltr'>etiam</span> 
     </span>
     <span class='ocr_line' id='line_1_22' title="bbox 233 1466 1056 1515; baseline 0.002 -9"><span class='ocrx_word' id='word_1_128' title='bbox 233 1466 395 1506; x_wconf 87' lang='lat' dir='ltr'>Plautus</span> <span class='ocrx_word' id='word_1_129' title='bbox 424 1467 521 1508; x_wconf 84' lang='lat' dir='ltr'>cist.</span> <span class='ocrx_word' id='word_1_130' title='bbox 548 1468 576 1513; x_wconf 91' lang='lat' dir='ltr'>i,</span> <span class='ocrx_word' id='word_1_131' title='bbox 594 1473 633 1515; x_wconf 88' lang='lat' dir='ltr'>l,</span> <span class='ocrx_word' id='word_1_132' title='bbox 652 1472 718 1509; x_wconf 79' lang='lat'>64.</span> <span class='ocrx_word' id='word_1_133' title='bbox 754 1475 795 1507; x_wconf 86' lang='lat' dir='ltr'>et</span> <span class='ocrx_word' id='word_1_134' title='bbox 827 1468 916 1508; x_wconf 90' lang='lat' dir='ltr'>Mil.</span> <span class='ocrx_word' id='word_1_135' title='bbox 948 1469 1056 1509; x_wconf 88' lang='lat' dir='ltr'>Glor.</span> 
     </span>
     <span class='ocr_line' id='line_1_23' title="bbox 231 1519 1057 1574; baseline 0.004 -15"><span class='ocrx_word' id='word_1_136' title='bbox 231 1519 275 1566; x_wconf 83' lang='lat' dir='ltr'>ii.</span> <span class='ocrx_word' id='word_1_137' title='bbox 310 1523 352 1567; x_wconf 77' lang='lat'>2,</span> <span class='ocrx_word' id='word_1_138' title='bbox 380 1524 447 1561; x_wconf 87' lang='grc'>79.</span> <span class='ocrx_word' id='word_1_139' title='bbox 493 1520 598 1561; x_wconf 91' lang='lat' dir='ltr'>Gell.</span> <span class='ocrx_word' id='word_1_140' title='bbox 636 1521 688 1567; x_wconf 87' lang='lat' dir='ltr'>vi,</span> <span class='ocrx_word' id='word_1_141' title='bbox 722 1524 787 1562; x_wconf 89' lang='grc'>10.</span> <span class='ocrx_word' id='word_1_142' title='bbox 840 1520 974 1574; x_wconf 63' lang='lat' dir='ltr'>Apul.v</span> <span class='ocrx_word' id='word_1_143' title='bbox 1006 1524 1057 1562; x_wconf 92' lang='lat' dir='ltr'>de</span> 
     </span>
     <span class='ocr_line' id='line_1_24' title="bbox 231 1572 1057 1626; baseline 0.002 -13"><span class='ocrx_word' id='word_1_144' title='bbox 231 1572 390 1616; x_wconf 86' lang='lat' dir='ltr'>Mundo</span> <span class='ocrx_word' id='word_1_145' title='bbox 425 1574 499 1616; x_wconf 76' lang='lat' dir='ltr'>&amp;c-</span> <span class='ocrx_word' id='word_1_146' title='bbox 547 1575 616 1614; x_wconf 87' lang='lat' dir='ltr'>sed</span> <span class='ocrx_word' id='word_1_147' title='bbox 643 1575 794 1613; x_wconf 87' lang='lat' dir='ltr'>diverso</span> <span class='ocrx_word' id='word_1_148' title='bbox 825 1575 1057 1626; x_wconf 86' lang='lat' dir='ltr'>significatu.</span> 
     </span>
     <span class='ocr_line' id='line_1_25' title="bbox 230 1625 856 1677; baseline 0.003 -11"><span class='ocrx_word' id='word_1_149' title='bbox 230 1625 284 1666; x_wconf 81' lang='lat' dir='ltr'>V.</span> <span class='ocrx_word' id='word_1_150' title='bbox 304 1625 433 1667; x_wconf 84' lang='lat' dir='ltr'>Gloss.</span> <span class='ocrx_word' id='word_1_151' title='bbox 460 1627 643 1668; x_wconf 85' lang='lat' dir='ltr'>Indidem</span> <span class='ocrx_word' id='word_1_152' title='bbox 660 1626 856 1677; x_wconf 77' lang='grc' dir='ltr'>ἐντεῦθεν)</span> 
     </span>
    </p>

    <p class='ocr_par' dir='ltr' id='par_1_9' title="bbox 177 1677 1056 1892">
     <span class='ocr_line' id='line_1_26' title="bbox 177 1677 1055 1733; baseline 0.005 -17"><span class='ocrx_word' id='word_1_153' title='bbox 177 1677 227 1718; x_wconf 89' lang='lat' dir='ltr'>In</span> <span class='ocrx_word' id='word_1_154' title='bbox 244 1680 347 1721; x_wconf 86' lang='lat' dir='ltr'>diem</span> <span class='ocrx_word' id='word_1_155' title='bbox 362 1680 510 1733; x_wconf 79' lang='lat' dir='ltr'>aliquid</span> <span class='ocrx_word' id='word_1_156' title='bbox 524 1694 651 1721; x_wconf 88' lang='lat' dir='ltr'>emere</span> <span class='ocrx_word' id='word_1_157' title='bbox 677 1694 767 1726; x_wconf 80' lang='lat' dir='ltr'>xxv,</span> <span class='ocrx_word' id='word_1_158' title='bbox 787 1684 813 1720; x_wconf 90' lang='grc'><strong>9</strong></span> <span class='ocrx_word' id='word_1_159' title='bbox 839 1682 896 1732; x_wconf 86' lang='lat' dir='ltr'>(v.</span> <span class='ocrx_word' id='word_1_160' title='bbox 923 1680 1055 1729; x_wconf 88' lang='lat' dir='ltr'>Dies).</span> 
     </span>
     <span class='ocr_line' id='line_1_27' title="bbox 232 1733 1056 1787; baseline 0.002 -16"><span class='ocrx_word' id='word_1_161' title='bbox 232 1733 272 1771; x_wconf 89' lang='lat' dir='ltr'>in</span> <span class='ocrx_word' id='word_1_162' title='bbox 291 1734 375 1772; x_wconf 91' lang='lat' dir='ltr'>dies</span> <span class='ocrx_word' id='word_1_163' title='bbox 392 1733 468 1787; x_wconf 89' lang='lat' dir='ltr'>(sc.</span> <span class='ocrx_word' id='word_1_164' title='bbox 487 1733 610 1786; x_wconf 87' lang='lat' dir='ltr'>sing.)</span> <span class='ocrx_word' id='word_1_165' title='bbox 638 1748 727 1780; x_wconf 62' lang='grc' dir='ltr'>κη,</span> <span class='ocrx_word' id='word_1_166' title='bbox 745 1737 796 1774; x_wconf 85' lang='lat'>21</span> <span class='ocrx_word' id='word_1_167' title='bbox 826 1733 884 1785; x_wconf 87' lang='lat' dir='ltr'>(v.</span> <span class='ocrx_word' id='word_1_168' title='bbox 903 1733 1056 1773; x_wconf 87' lang='lat' dir='ltr'>Linacr.</span> 
     </span>
     <span class='ocr_line' id='line_1_28' title="bbox 230 1786 1055 1834; baseline 0.001 -9"><span class='ocrx_word' id='word_1_169' title='bbox 230 1786 283 1825; x_wconf 86' lang='lat' dir='ltr'>de</span> <span class='ocrx_word' id='word_1_170' title='bbox 299 1788 454 1834; x_wconf 79' lang='lat' dir='ltr'>emend.</span> <span class='ocrx_word' id='word_1_171' title='bbox 470 1793 605 1828; x_wconf 82' lang='lat' dir='ltr'>struet.</span> <span class='ocrx_word' id='word_1_172' title='bbox 633 1787 718 1826; x_wconf 83' lang='lat' dir='ltr'>Lat.</span> <span class='ocrx_word' id='word_1_173' title='bbox 746 1800 856 1826; x_wconf 87' lang='lat' dir='ltr'>serm.</span> <span class='ocrx_word' id='word_1_174' title='bbox 886 1787 912 1826; x_wconf 90' lang='lat' dir='ltr'>l.</span> <span class='ocrx_word' id='word_1_175' title='bbox 936 1792 972 1828; x_wconf 75' lang='grc' dir='ltr'>Ι.</span> <span class='ocrx_word' id='word_1_176' title='bbox 1006 1788 1055 1826; x_wconf 90' lang='lat' dir='ltr'>de</span> 
     </span>
     <span class='ocr_line' id='line_1_29' title="bbox 232 1838 894 1892; baseline -0.002 -14"><span class='ocrx_word' id='word_1_177' title='bbox 232 1838 414 1892; x_wconf 78' lang='lat' dir='ltr'>adverb.)</span> <span class='ocrx_word' id='word_1_178' title='bbox 890 1873 894 1877; x_wconf 79' lang='grc'><strong>.</strong></span> 
     </span>
    </p>

    <p class='ocr_par' dir='ltr' id='par_1_10' title="bbox 176 1891 1056 2104">
     <span class='ocr_line' id='line_1_30' title="bbox 176 1891 1056 1946; baseline 0.001 -16"><span class='ocrx_word' id='word_1_179' title='bbox 176 1891 359 1946; x_wconf 85' lang='lat' dir='ltr'>Indigere</span> <span class='ocrx_word' id='word_1_180' title='bbox 372 1893 459 1945; x_wconf 88' lang='lat' dir='ltr'>opis</span> <span class='ocrx_word' id='word_1_181' title='bbox 471 1892 634 1945; x_wconf 90' lang='lat' dir='ltr'>alicujus</span> <span class='ocrx_word' id='word_1_182' title='bbox 661 1907 699 1939; x_wconf 90' lang='lat' dir='ltr'>v,</span> <span class='ocrx_word' id='word_1_183' title='bbox 712 1897 738 1934; x_wconf 98' lang='lat'>4</span> <span class='ocrx_word' id='word_1_184' title='bbox 765 1906 955 1932; x_wconf 86' lang='lat' dir='ltr'>armorum</span> <span class='ocrx_word' id='word_1_185' title='bbox 973 1892 1056 1939; x_wconf 85' lang='lat' dir='ltr'>viii,</span> 
     </span>
     <span class='ocr_line' id='line_1_31' title="bbox 233 1945 1053 1999; baseline 0 -13"><span class='ocrx_word' id='word_1_186' title='bbox 233 1949 271 1994; x_wconf 74' lang='lat'>2:</span> <span class='ocrx_word' id='word_1_187' title='bbox 300 1945 511 1991; x_wconf 79' lang='lat' dir='ltr'>alienarum</span> <span class='ocrx_word' id='word_1_188' title='bbox 530 1960 649 1998; x_wconf 90' lang='lat' dir='ltr'>opum</span> <span class='ocrx_word' id='word_1_189' title='bbox 678 1946 751 1999; x_wconf 87' lang='lat' dir='ltr'>(de</span> <span class='ocrx_word' id='word_1_190' title='bbox 769 1946 903 1997; x_wconf 82' lang='lat' dir='ltr'>exule)</span> <span class='ocrx_word' id='word_1_191' title='bbox 931 1946 1009 1992; x_wconf 82' lang='lat' dir='ltr'>xxi,</span> <span class='ocrx_word' id='word_1_192' title='bbox 1029 1950 1053 1986; x_wconf 79' lang='lat'><strong>3</strong></span> 
     </span>
     <span class='ocr_line' id='line_1_32' title="bbox 230 1998 1054 2052; baseline 0.002 -16"><span class='ocrx_word' id='word_1_193' title='bbox 230 1998 338 2046; x_wconf 84' lang='lat' dir='ltr'>xxiii,</span> <span class='ocrx_word' id='word_1_194' title='bbox 360 2003 380 2039; x_wconf 89' lang='lat'>1</span> <span class='ocrx_word' id='word_1_195' title='bbox 422 1999 482 2052; x_wconf 84' lang='lat' dir='ltr'>(v.</span> <span class='ocrx_word' id='word_1_196' title='bbox 502 1999 646 2051; x_wconf 84' lang='lat' dir='ltr'>Opes).</span> <span class='ocrx_word' id='word_1_197' title='bbox 672 2000 846 2052; x_wconf 84' lang='lat' dir='ltr'>indigere</span> <span class='ocrx_word' id='word_1_198' title='bbox 862 1999 1054 2039; x_wconf 87' lang='lat' dir='ltr'>medicina</span> 
     </span>
     <span class='ocr_line' id='line_1_33' title="bbox 232 2053 750 2104; baseline 0.002 -14"><span class='ocrx_word' id='word_1_199' title='bbox 232 2065 322 2099; x_wconf 82' lang='lat' dir='ltr'>xxv,</span> <span class='ocrx_word' id='word_1_200' title='bbox 338 2056 386 2095; x_wconf 83' lang='lat'>21</span> <span class='ocrx_word' id='word_1_201' title='bbox 422 2053 588 2104; x_wconf 83' lang='lat' dir='ltr'>pecunia</span> <span class='ocrx_word' id='word_1_202' title='bbox 614 2053 706 2100; x_wconf 83' lang='lat' dir='ltr'>xvii,</span> <span class='ocrx_word' id='word_1_203' title='bbox 724 2056 750 2092; x_wconf 88' lang='grc'><strong>7</strong></span> 
     </span>
    </p>

    <p class='ocr_par' dir='ltr' id='par_1_11' title="bbox 179 2103 1055 2317">
     <span class='ocr_line' id='line_1_34' title="bbox 179 2103 1055 2158; baseline 0.002 -16"><span class='ocrx_word' id='word_1_204' title='bbox 179 2103 406 2156; x_wconf 74' lang='lat' dir='ltr'>Indignari:</span> <span class='ocrx_word' id='word_1_205' title='bbox 435 2106 476 2145; x_wconf 91' lang='lat' dir='ltr'>id</span> <span class='ocrx_word' id='word_1_206' title='bbox 503 2107 649 2147; x_wconf 77' lang='lat' dir='ltr'>factum</span> <span class='ocrx_word' id='word_1_207' title='bbox 667 2106 778 2144; x_wconf 87' lang='lat' dir='ltr'>multi</span> <span class='ocrx_word' id='word_1_208' title='bbox 796 2105 1055 2158; x_wconf 85' lang='lat' dir='ltr'>indignaban-</span> 
     </span>
     <span class='ocr_line' id='line_1_35' title="bbox 233 2158 1052 2211; baseline 0 -14"><span class='ocrx_word' id='word_1_209' title='bbox 233 2158 489 2211; x_wconf 66' lang='lat' dir='ltr'>titr,(indigne</span> <span class='ocrx_word' id='word_1_210' title='bbox 502 2159 696 2211; x_wconf 81' lang='lat' dir='ltr'>ferebant:</span> <span class='ocrx_word' id='word_1_211' title='bbox 724 2171 801 2211; x_wconf 84' lang='lat' dir='ltr'>qno</span> <span class='ocrx_word' id='word_1_212' title='bbox 843 2160 920 2210; x_wconf 87' lang='lat' dir='ltr'>odo</span> <span class='ocrx_word' id='word_1_213' title='bbox 947 2158 1052 2208; x_wconf 84' lang='lat' dir='ltr'>xviii,</span> 
     </span>
     <span class='ocr_line' id='line_1_36' title="bbox 235 2173 1051 2265; baseline 0.001 -14"><span class='ocrx_word' id='word_1_214' title='bbox 235 2214 273 2251; x_wconf 85' lang='lat'>1.</span> <span class='ocrx_word' id='word_1_215' title='bbox 301 2210 439 2264; x_wconf 83' lang='lat' dir='ltr'>Nepos</span> <span class='ocrx_word' id='word_1_216' title='bbox 454 2211 645 2265; x_wconf 79' lang='lat' dir='ltr'>loquitur)</span> <span class='ocrx_word' id='word_1_217' title='bbox 671 2226 709 2260; x_wconf 84' lang='lat' dir='ltr'>x,</span> <span class='ocrx_word' id='word_1_218' title='bbox 724 2216 750 2252; x_wconf 88' lang='lat'>4</span> <span class='ocrx_word' id='word_1_219' title='bbox 778 2173 1051 2264; x_wconf 57' lang='lat' dir='ltr'>(groe’t‘ycwax-</span> 
     </span>
     <span class='ocr_line' id='line_1_37' title="bbox 230 2264 886 2317; baseline 0.002 -13"><span class='ocrx_word' id='word_1_220' title='bbox 230 2264 328 2304; x_wconf 78' lang='grc' dir='ltr'><strong>τεῒν.</strong></span> <span class='ocrx_word' id='word_1_221' title='bbox 355 2264 515 2317; x_wconf 76' lang='lat' dir='ltr'>Lamb.)</span> <span class='ocrx_word' id='word_1_222' title='bbox 883 2288 886 2291; x_wconf 44' lang='lat' dir='ltr'><em>s</em></span> 
     </span>
    </p>

    <p class='ocr_par' dir='ltr' id='par_1_12' title="bbox 179 2315 1052 2425">
     <span class='ocr_line' id='line_1_38' title="bbox 179 2315 1052 2379; baseline 0.001 -24"><span class='ocrx_word' id='word_1_223' title='bbox 179 2315 391 2379; x_wconf 72' lang='lat' dir='ltr'>Indignum</span> <span class='ocrx_word' id='word_1_224' title='bbox 409 2317 486 2358; x_wconf 78' lang='lat' dir='ltr'>fide</span> <span class='ocrx_word' id='word_1_225' title='bbox 504 2331 576 2357; x_wconf 86' lang='lat' dir='ltr'>sua</span> <span class='ocrx_word' id='word_1_226' title='bbox 598 2317 694 2370; x_wconf 80' lang='lat' dir='ltr'>nihil</span> <span class='ocrx_word' id='word_1_227' title='bbox 722 2317 824 2362; x_wconf 79' lang='lat' dir='ltr'>fecit</span> <span class='ocrx_word' id='word_1_228' title='bbox 842 2317 920 2362; x_wconf 85' lang='lat' dir='ltr'>xiv.</span> <span class='ocrx_word' id='word_1_229' title='bbox 939 2322 963 2358; x_wconf 82' lang='lat'><strong>5</strong></span> <span class='ocrx_word' id='word_1_230' title='bbox 990 2317 1052 2367; x_wconf 45' lang='lat' dir='ltr'>‚in-</span> 
     </span>
     <span class='ocr_line' id='line_1_39' title="bbox 231 2369 1052 2425; baseline 0 -14"><span class='ocrx_word' id='word_1_231' title='bbox 231 2371 351 2420; x_wconf 74' lang='lat' dir='ltr'>digna</span> <span class='ocrx_word' id='word_1_232' title='bbox 365 2369 504 2423; x_wconf 77' lang='grc' dir='ltr'>(δεινὰ,</span> <span class='ocrx_word' id='word_1_233' title='bbox 520 2370 669 2423; x_wconf 81' lang='lat' dir='ltr'>iniqua,</span> <span class='ocrx_word' id='word_1_234' title='bbox 685 2369 921 2425; x_wconf 77' lang='lat' dir='ltr'>miseranda)</span> <span class='ocrx_word' id='word_1_235' title='bbox 934 2370 1013 2417; x_wconf 80' lang='lat' dir='ltr'>xix,</span> <span class='ocrx_word' id='word_1_236' title='bbox 1025 2374 1052 2411; x_wconf 91' lang='lat'>4</span> 
     </span>
    </p>

    <p class='ocr_par' dir='ltr' id='par_1_13' title="bbox 178 2422 1052 2477">
     <span class='ocr_line' id='line_1_40' title="bbox 178 2422 1052 2477; baseline 0.002 -16"><span class='ocrx_word' id='word_1_237' title='bbox 178 2422 395 2477; x_wconf 86' lang='lat' dir='ltr'>Indiligens</span> <span class='ocrx_word' id='word_1_238' title='bbox 421 2438 509 2472; x_wconf 79' lang='lat' dir='ltr'>xxv,</span> <span class='ocrx_word' id='word_1_239' title='bbox 527 2428 553 2465; x_wconf 90' lang='grc'>4</span> <span class='ocrx_word' id='word_1_240' title='bbox 581 2438 660 2464; x_wconf 90' lang='lat' dir='ltr'>non</span> <span class='ocrx_word' id='word_1_241' title='bbox 690 2423 897 2477; x_wconf 80' lang='lat' dir='ltr'>indiligens</span> <span class='ocrx_word' id='word_1_242' title='bbox 929 2437 1052 2464; x_wconf 84' lang='lat' dir='ltr'>rerum</span> 
     </span>
    </p>

    <p class='ocr_par' dir='ltr' id='par_1_14' title="bbox 179 2474 997 2570">
     <span class='ocr_line' id='line_1_41' title="bbox 179 2474 997 2570; baseline -0.004 -53"><span class='ocrx_word' id='word_1_243' title='bbox 179 2529 201 2568; x_wconf 69' lang='grc' dir='ltr'>Ι</span> <span class='ocrx_word' id='word_1_244' title='bbox 230 2478 515 2570; x_wconf 53' lang='grc' dir='ltr'>ἒηῖωοῐίῗεήᾲἒε</span> <span class='ocrx_word' id='word_1_245' title='bbox 534 2477 874 2569; x_wconf 47' lang='lat' dir='ltr'>bonghilstorico),</span> <span class='ocrx_word' id='word_1_246' title='bbox 893 2474 953 2516; x_wconf 87' lang='lat' dir='ltr'>Fr.</span> <span class='ocrx_word' id='word_1_247' title='bbox 972 2481 997 2518; x_wconf 80' lang='grc'>4</span> 
     </span>
    </p>

    <p class='ocr_par' dir='ltr' id='par_1_15' title="bbox 203 2543 669 2579">
     <span class='ocr_line' id='line_1_42' title="bbox 203 2543 669 2579; baseline -0.002 -11"><span class='ocrx_word' id='word_1_248' title='bbox 203 2543 226 2568; x_wconf 91' lang='lat' dir='ltr'>n</span> <span class='ocrx_word' id='word_1_249' title='bbox 258 2543 356 2576; x_wconf 84' lang='lat' dir='ltr'>oes,</span> <span class='ocrx_word' id='word_1_250' title='bbox 375 2545 395 2569; x_wconf 90' lang='lat' dir='ltr'>v</span> <span class='ocrx_word' id='word_1_251' title='bbox 449 2543 532 2579; x_wconf 16' lang='lat' dir='ltr'>unes</span> <span class='ocrx_word' id='word_1_252' title='bbox 560 2543 669 2576; x_wconf 76' lang='lat' dir='ltr'>xvni,</span> 
     </span>
    </p>

    <p class='ocr_par' dir='ltr' id='par_1_16' title="bbox 179 2580 1054 3055">
     <span class='ocr_line' id='line_1_43' title="bbox 179 2580 1053 2635; baseline 0 -15"><span class='ocrx_word' id='word_1_253' title='bbox 179 2581 372 2622; x_wconf 84' lang='lat' dir='ltr'>Inducere</span> <span class='ocrx_word' id='word_1_254' title='bbox 382 2583 423 2622; x_wconf 90' lang='lat' dir='ltr'>in</span> <span class='ocrx_word' id='word_1_255' title='bbox 436 2582 594 2622; x_wconf 80' lang='lat' dir='ltr'>insidias</span> <span class='ocrx_word' id='word_1_256' title='bbox 606 2581 810 2635; x_wconf 80' lang='lat' dir='ltr'>(pellicere</span> <span class='ocrx_word' id='word_1_257' title='bbox 823 2580 919 2634; x_wconf 86' lang='lat' dir='ltr'>&amp;c.)</span> <span class='ocrx_word' id='word_1_258' title='bbox 947 2582 1053 2629; x_wconf 81' lang='lat' dir='ltr'>xxiii,</span> 
     </span>
     <span class='ocr_line' id='line_1_44' title="bbox 233 2633 1053 2688; baseline -0.001 -12"><span class='ocrx_word' id='word_1_259' title='bbox 233 2642 257 2676; x_wconf 83' lang='lat'><strong>5</strong></span> <span class='ocrx_word' id='word_1_260' title='bbox 313 2636 365 2674; x_wconf 86' lang='lat' dir='ltr'>ad</span> <span class='ocrx_word' id='word_1_261' title='bbox 398 2635 542 2675; x_wconf 91' lang='lat' dir='ltr'>bellum</span> <span class='ocrx_word' id='word_1_262' title='bbox 576 2633 842 2688; x_wconf 80' lang='lat' dir='ltr'>(permovere)</span> <span class='ocrx_word' id='word_1_263' title='bbox 888 2633 994 2682; x_wconf 81' lang='lat' dir='ltr'>xxiii,</span> <span class='ocrx_word' id='word_1_264' title='bbox 1027 2639 1053 2675; x_wconf 82' lang='lat'><em>8</em></span> 
     </span>
     <span class='ocr_line' id='line_1_45' title="bbox 234 2687 1053 2737; baseline -0.001 -9"><span class='ocrx_word' id='word_1_265' title='bbox 234 2689 350 2728; x_wconf 87' lang='lat' dir='ltr'>Plato</span> <span class='ocrx_word' id='word_1_266' title='bbox 368 2688 623 2737; x_wconf 59' lang='lat' dir='ltr'>&lt;Alcibiadem</span> <span class='ocrx_word' id='word_1_267' title='bbox 650 2687 804 2733; x_wconf 79' lang='lat' dir='ltr'>induxit</span> <span class='ocrx_word' id='word_1_268' title='bbox 821 2700 1053 2728; x_wconf 86' lang='lat' dir='ltr'>commemo·</span> 
     </span>
     <span class='ocr_line' id='line_1_46' title="bbox 233 2738 1054 2794; baseline -0.002 -12"><span class='ocrx_word' id='word_1_269' title='bbox 233 2749 381 2782; x_wconf 79' lang='lat' dir='ltr'>tantem</span> <span class='ocrx_word' id='word_1_270' title='bbox 410 2756 451 2782; x_wconf 89' lang='lat' dir='ltr'>se</span> <span class='ocrx_word' id='word_1_271' title='bbox 476 2738 728 2794; x_wconf 70' lang='lat' dir='ltr'>&#39;pernoctasse</span> <span class='ocrx_word' id='word_1_272' title='bbox 744 2740 817 2780; x_wconf 65' lang='grc' dir='ltr'>ὕεα.</span> <span class='ocrx_word' id='word_1_273' title='bbox 846 2740 894 2793; x_wconf 87' lang='grc' dir='ltr'>(ἰ.</span> <span class='ocrx_word' id='word_1_274' title='bbox 912 2754 947 2779; x_wconf 89' lang='lat' dir='ltr'>e.</span> <span class='ocrx_word' id='word_1_275' title='bbox 968 2753 1054 2793; x_wconf 78' lang='lat' dir='ltr'>per-</span> 
     </span>
     <span class='ocr_line' id='line_1_47' title="bbox 232 2793 1052 2848; baseline -0.001 -14"><span class='ocrx_word' id='word_1_276' title='bbox 232 2808 367 2835; x_wconf 84' lang='lat' dir='ltr'>sonam</span> <span class='ocrx_word' id='word_1_277' title='bbox 386 2795 423 2835; x_wconf 86' lang='lat' dir='ltr'>ei</span> <span class='ocrx_word' id='word_1_278' title='bbox 440 2795 574 2836; x_wconf 87' lang='lat' dir='ltr'>tribuit</span> <span class='ocrx_word' id='word_1_279' title='bbox 589 2794 676 2848; x_wconf 87' lang='lat' dir='ltr'>ejus</span> <span class='ocrx_word' id='word_1_280' title='bbox 692 2795 877 2834; x_wconf 88' lang='lat' dir='ltr'>sermonis</span> <span class='ocrx_word' id='word_1_281' title='bbox 905 2793 1026 2847; x_wconf 85' lang='lat' dir='ltr'>gratia</span> <span class='ocrx_word' id='word_1_282' title='bbox 1043 2810 1052 2834; x_wconf 76' lang='lat' dir='ltr'><strong><em>z</em></strong></span> 
     </span>
     <span class='ocr_line' id='line_1_48' title="bbox 227 2847 1054 2902; baseline 0 -16"><span class='ocrx_word' id='word_1_283' title='bbox 227 2849 388 2902; x_wconf 83' lang='lat' dir='ltr'>propria</span> <span class='ocrx_word' id='word_1_284' title='bbox 419 2862 546 2889; x_wconf 86' lang='lat' dir='ltr'>scenae</span> <span class='ocrx_word' id='word_1_285' title='bbox 563 2855 603 2888; x_wconf 91' lang='lat' dir='ltr'>et</span> <span class='ocrx_word' id='word_1_286' title='bbox 618 2849 924 2902; x_wconf 76' lang='lat' dir='ltr'>spectaculorum</span> <span class='ocrx_word' id='word_1_287' title='bbox 958 2847 1054 2899; x_wconf 84' lang='lat' dir='ltr'>vox)</span> 
     </span>
     <span class='ocr_line' id='line_1_49' title="bbox 235 2899 1054 2954; baseline 0 -15"><span class='ocrx_word' id='word_1_288' title='bbox 235 2901 303 2949; x_wconf 88' lang='lat' dir='ltr'>vii,</span> <span class='ocrx_word' id='word_1_289' title='bbox 321 2906 347 2943; x_wconf 82' lang='lat'>2</span> <span class='ocrx_word' id='word_1_290' title='bbox 375 2901 507 2941; x_wconf 90' lang='lat' dir='ltr'>induci</span> <span class='ocrx_word' id='word_1_291' title='bbox 538 2902 589 2941; x_wconf 91' lang='lat' dir='ltr'>ad</span> <span class='ocrx_word' id='word_1_292' title='bbox 617 2901 854 2941; x_wconf 86' lang='lat' dir='ltr'>credendum</span> <span class='ocrx_word' id='word_1_293' title='bbox 873 2899 1054 2954; x_wconf 82' lang='lat' dir='ltr'>(adduci,</span> 
     </span>
     <span class='ocr_line' id='line_1_50' title="bbox 234 2951 1053 3009; baseline 0 -15"><span class='ocrx_word' id='word_1_294' title='bbox 234 2956 431 3006; x_wconf 88' lang='lat' dir='ltr'>quomodo</span> <span class='ocrx_word' id='word_1_295' title='bbox 451 2961 492 2995; x_wconf 87' lang='lat' dir='ltr'>et</span> <span class='ocrx_word' id='word_1_296' title='bbox 508 2954 647 3009; x_wconf 82' lang='lat' dir='ltr'>legitur</span> <span class='ocrx_word' id='word_1_297' title='bbox 665 2951 705 2994; x_wconf 82' lang='lat' dir='ltr'>in</span> <span class='ocrx_word' id='word_1_298' title='bbox 723 2954 906 3007; x_wconf 85' lang='lat' dir='ltr'>quibusd.</span> <span class='ocrx_word' id='word_1_299' title='bbox 926 2953 1053 3008; x_wconf 65' lang='lat' dir='ltr'>Mas.)</span> 
     </span>
     <span class='ocr_line' id='line_1_51' title="bbox 235 3007 878 3055; baseline 0.006 -9"><span class='ocrx_word' id='word_1_300' title='bbox 235 3007 290 3055; x_wconf 83' lang='lat' dir='ltr'>ix,</span> <span class='ocrx_word' id='word_1_301' title='bbox 307 3011 333 3048; x_wconf 77' lang='grc'><strong>3</strong></span> <span class='ocrx_word' id='word_1_302' title='bbox 876 3048 878 3050; x_wconf 77' lang='grc'>,</span> 
     </span>
    </p>

    <p class='ocr_par' dir='ltr' id='par_1_17' title="bbox 181 3058 1054 3267">
     <span class='ocr_line' id='line_1_52' title="bbox 181 3058 1053 3113; baseline 0.001 -15"><span class='ocrx_word' id='word_1_303' title='bbox 181 3058 430 3101; x_wconf 87' lang='lat' dir='ltr'>Induciarum</span> <span class='ocrx_word' id='word_1_304' title='bbox 448 3061 579 3113; x_wconf 85' lang='lat' dir='ltr'>specie</span> <span class='ocrx_word' id='word_1_305' title='bbox 597 3067 749 3113; x_wconf 85' lang='lat' dir='ltr'>paratur</span> <span class='ocrx_word' id='word_1_306' title='bbox 766 3060 890 3100; x_wconf 85' lang='lat' dir='ltr'>acrius</span> <span class='ocrx_word' id='word_1_307' title='bbox 910 3059 1053 3100; x_wconf 92' lang='lat' dir='ltr'>bellum</span> 
     </span>
     <span class='ocr_line' id='line_1_53' title="bbox 235 3111 1054 3167; baseline 0.002 -16"><span class='ocrx_word' id='word_1_308' title='bbox 235 3111 327 3161; x_wconf 83' lang='lat' dir='ltr'>xvii,</span> <span class='ocrx_word' id='word_1_309' title='bbox 345 3117 371 3154; x_wconf 81' lang='lat'>2</span> <span class='ocrx_word' id='word_1_310' title='bbox 397 3113 574 3154; x_wconf 80' lang='lat' dir='ltr'>inducias</span> <span class='ocrx_word' id='word_1_311' title='bbox 591 3113 640 3153; x_wconf 85' lang='lat' dir='ltr'>ab</span> <span class='ocrx_word' id='word_1_312' title='bbox 655 3113 786 3167; x_wconf 88' lang='lat' dir='ltr'>aliquo</span> <span class='ocrx_word' id='word_1_313' title='bbox 867 3119 945 3154; x_wconf 90' lang='lat' dir='ltr'>tere</span> <span class='ocrx_word' id='word_1_314' title='bbox 970 3125 1054 3153; x_wconf 84' lang='lat' dir='ltr'>eas·</span> 
     </span>
     <span class='ocr_line' id='line_1_54' title="bbox 236 3163 1053 3219; baseline 0.002 -14"><span class='ocrx_word' id='word_1_315' title='bbox 236 3179 314 3219; x_wconf 88' lang='lat' dir='ltr'>que</span> <span class='ocrx_word' id='word_1_316' title='bbox 331 3166 535 3218; x_wconf 84' lang='lat' dir='ltr'>impetrare</span> <span class='ocrx_word' id='word_1_317' title='bbox 552 3167 772 3213; x_wconf 86' lang='lat' dir='ltr'>trimestres,</span> <span class='ocrx_word' id='word_1_318' title='bbox 800 3166 814 3205; x_wconf 91' lang='lat' dir='ltr'>i</span> <span class='ocrx_word' id='word_1_319' title='bbox 842 3168 896 3206; x_wconf 87' lang='lat' dir='ltr'>id.</span> <span class='ocrx_word' id='word_1_320' title='bbox 937 3163 1053 3207; x_wconf 85' lang='lat' dir='ltr'>indu-</span> 
     </span>
     <span class='ocr_line' id='line_1_55' title="bbox 235 3217 895 3267; baseline -0.002 -7"><span class='ocrx_word' id='word_1_321' title='bbox 235 3221 315 3260; x_wconf 85' lang='lat' dir='ltr'>cias</span> <span class='ocrx_word' id='word_1_322' title='bbox 332 3219 414 3259; x_wconf 82' lang='lat' dir='ltr'>sine</span> <span class='ocrx_word' id='word_1_323' title='bbox 432 3217 524 3258; x_wconf 88' lang='lat' dir='ltr'>dolo</span> <span class='ocrx_word' id='word_1_324' title='bbox 541 3231 781 3267; x_wconf 84' lang='lat' dir='ltr'>conservare,</span> <span class='ocrx_word' id='word_1_325' title='bbox 795 3218 895 3259; x_wconf 87' lang='lat' dir='ltr'>ibid.</span> 
     </span>
    </p>

    <p class='ocr_par' dir='ltr' id='par_1_18' title="bbox 183 3270 1054 3379">
     <span class='ocr_line' id='line_1_56' title="bbox 183 3270 1053 3334; baseline -0.003 -21"><span class='ocrx_word' id='word_1_326' title='bbox 183 3270 393 3325; x_wconf 84' lang='lat' dir='ltr'>Indulgere</span> <span class='ocrx_word' id='word_1_327' title='bbox 410 3270 526 3313; x_wconf 89' lang='lat' dir='ltr'>alicui</span> <span class='ocrx_word' id='word_1_328' title='bbox 548 3270 711 3334; x_wconf 57' lang='lat' dir='ltr'>(fareris</span> <span class='ocrx_word' id='word_1_329' title='bbox 729 3272 960 3324; x_wconf 74' lang='lat' dir='ltr'>honorisque</span> <span class='ocrx_word' id='word_1_330' title='bbox 975 3271 1053 3324; x_wconf 84' lang='lat' dir='ltr'>sig-</span> 
     </span>
     <span class='ocr_line' id='line_1_57' title="bbox 235 3324 1054 3379; baseline -0.005 -13"><span class='ocrx_word' id='word_1_331' title='bbox 235 3325 308 3366; x_wconf 80' lang='lat' dir='ltr'>nif.</span> <span class='ocrx_word' id='word_1_332' title='bbox 339 3339 454 3379; x_wconf 87' lang='lat' dir='ltr'>quem</span> <span class='ocrx_word' id='word_1_333' title='bbox 487 3325 711 3365; x_wconf 75' lang='lat' dir='ltr'>exhibemus</span> <span class='ocrx_word' id='word_1_334' title='bbox 736 3324 817 3363; x_wconf 83' lang='lat' dir='ltr'>viro</span> <span class='ocrx_word' id='word_1_335' title='bbox 846 3326 945 3363; x_wconf 88' lang='lat' dir='ltr'>bene</span> <span class='ocrx_word' id='word_1_336' title='bbox 973 3337 1054 3363; x_wconf 90' lang='lat' dir='ltr'>me·</span> 
     </span>
    </p>

    <p class='ocr_par' dir='ltr' id='par_1_19' title="bbox 236 3375 1054 3536">
     <span class='ocr_line' id='line_1_58' title="bbox 236 3375 1053 3430; baseline -0.004 -11"><span class='ocrx_word' id='word_1_337' title='bbox 236 3378 351 3419; x_wconf 84' lang='lat' dir='ltr'>renti.</span> <span class='ocrx_word' id='word_1_338' title='bbox 364 3378 524 3430; x_wconf 85' lang='lat' dir='ltr'>Boecl.)</span> <span class='ocrx_word' id='word_1_339' title='bbox 552 3393 589 3425; x_wconf 82' lang='lat' dir='ltr'>x,</span> <span class='ocrx_word' id='word_1_340' title='bbox 609 3381 634 3419; x_wconf 80' lang='grc'><strong>2</strong></span> <span class='ocrx_word' id='word_1_341' title='bbox 654 3375 862 3428; x_wconf 76' lang='lat' dir='ltr'>‚indulgere</span> <span class='ocrx_word' id='word_1_342' title='bbox 881 3377 953 3429; x_wconf 89' lang='lat' dir='ltr'>(de</span> <span class='ocrx_word' id='word_1_343' title='bbox 971 3389 1053 3416; x_wconf 87' lang='lat' dir='ltr'>cre-</span> 
     </span>
     <span class='ocr_line' id='line_1_59' title="bbox 237 3429 1054 3472; baseline -0.002 -2"><span class='ocrx_word' id='word_1_344' title='bbox 237 3430 435 3472; x_wconf 82' lang='lat' dir='ltr'>ditoribus</span> <span class='ocrx_word' id='word_1_345' title='bbox 456 3431 685 3472; x_wconf 83' lang='lat' dir='ltr'>solutionem</span> <span class='ocrx_word' id='word_1_346' title='bbox 722 3429 843 3470; x_wconf 90' lang='lat' dir='ltr'>debiti</span> <span class='ocrx_word' id='word_1_347' title='bbox 880 3443 958 3468; x_wconf 89' lang='lat' dir='ltr'>non</span> <span class='ocrx_word' id='word_1_348' title='bbox 994 3442 1054 3468; x_wconf 90' lang='lat' dir='ltr'>ur·</span> 
     </span>
     <span class='ocr_line' id='line_1_60' title="bbox 239 3482 1054 3536; baseline -0.004 -12"><span class='ocrx_word' id='word_1_349' title='bbox 239 3484 430 3536; x_wconf 75' lang='lat' dir='ltr'>gentibus,</span> <span class='ocrx_word' id='word_1_350' title='bbox 476 3486 525 3525; x_wconf 82' lang='lat' dir='ltr'>a&#39;d</span> <span class='ocrx_word' id='word_1_351' title='bbox 570 3497 710 3523; x_wconf 86' lang='lat' dir='ltr'>moram</span> <span class='ocrx_word' id='word_1_352' title='bbox 746 3482 1054 3523; x_wconf 77' lang='lat' dir='ltr'>conniventibus.</span> 
     </span>
    </p>
   </div>
   <div class='ocr_carea' id='block_1_3' title="bbox 258 3550 737 3602">
    <p class='ocr_par' dir='ltr' id='par_1_20' title="bbox 258 3550 737 3602">
     <span class='ocr_line' id='line_1_61' title="bbox 258 3550 737 3602; baseline -0.006 -11"><span class='ocrx_word' id='word_1_353' title='bbox 258 3557 263 3562; x_wconf 84' lang='lat'>&#39;</span> <span class='ocrx_word' id='word_1_354' title='bbox 292 3551 432 3602; x_wconf 74' lang='lat' dir='ltr'>Delph.</span> <span class='ocrx_word' id='word_1_355' title='bbox 451 3555 487 3590; x_wconf 85' lang='lat' dir='ltr'>et</span> <span class='ocrx_word' id='word_1_356' title='bbox 512 3550 605 3591; x_wconf 69' lang='grc' dir='ltr'>ναν.</span> <span class='ocrx_word' id='word_1_357' title='bbox 630 3551 737 3589; x_wconf 73' lang='lat' dir='ltr'>Clas.</span> 
     </span>
    </p>
   </div>
   <div class='ocr_carea' id='block_1_4' title="bbox 1126 278 2001 330">
    <p class='ocr_par' dir='ltr' id='par_1_21' title="bbox 1126 278 2001 330">
     <span class='ocr_line' id='line_1_62' title="bbox 1126 278 2001 330; baseline 0.007 -6"><span class='ocrx_word' id='word_1_358' title='bbox 1126 287 1490 327; x_wconf 71' lang='lat' dir='ltr'>vunuoaum.</span> <span class='ocrx_word' id='word_1_359' title='bbox 1837 278 2001 330; x_wconf 80' lang='lat' dir='ltr'>lxxxi</span> 
     </span>
    </p>
   </div>
   <div class='ocr_carea' id='block_1_5' title="bbox 1115 405 2000 3533">
    <p class='ocr_par' dir='ltr' id='par_1_22' title="bbox 1174 405 2000 1149">
     <span class='ocr_line' id='line_1_63' title="bbox 1182 405 2000 479; baseline 0.01 -35"><span class='ocrx_word' id='word_1_360' title='bbox 1182 405 1339 471; x_wconf 65' lang='lat' dir='ltr'>Buecl.)</span> <span class='ocrx_word' id='word_1_361' title='bbox 1369 422 1454 455; x_wconf 82' lang='lat' dir='ltr'>xxv,</span> <span class='ocrx_word' id='word_1_362' title='bbox 1474 414 1503 449; x_wconf 76' lang='lat'><em>2</em></span> <span class='ocrx_word' id='word_1_363' title='bbox 1526 408 1636 460; x_wconf 64' lang='lat' dir='ltr'>(Est</span> <span class='ocrx_word' id='word_1_364' title='bbox 1666 423 1708 479; x_wconf 55' lang='lat' dir='ltr'>&#39;n-</span> <span class='ocrx_word' id='word_1_365' title='bbox 1740 416 1765 471; x_wconf 65' lang='lat'>.‘</span> <span class='ocrx_word' id='word_1_366' title='bbox 1785 410 2000 464; x_wconf 87' lang='lat' dir='ltr'>indulgere&#39;</span> 
     </span>
     <span class='ocr_line' id='line_1_64' title="bbox 1179 466 1999 566; baseline 0.01 -15"><span class='ocrx_word' id='word_1_367' title='bbox 1179 473 1360 555; x_wconf 54' lang='lat' dir='ltr'>Effflffs,</span> <span class='ocrx_word' id='word_1_368' title='bbox 1378 475 1479 553; x_wconf 54' lang='lat' dir='ltr'>Stri‘t&#39;.u</span> <span class='ocrx_word' id='word_1_369' title='bbox 1489 466 1999 568; x_wconf 50' lang='lat' dir='ltr'>v?r587e)r.e·sicve(‹liiicgiisziilii</span> 
     </span>
     <span class='ocr_line' id='line_1_65' title="bbox 1174 564 2000 621; baseline 0.01 -17"><span class='ocrx_word' id='word_1_370' title='bbox 1174 564 1307 616; x_wconf 81' lang='lat' dir='ltr'>jussit,</span> <span class='ocrx_word' id='word_1_371' title='bbox 1335 575 1379 605; x_wconf 86' lang='lat' dir='ltr'>ut</span> <span class='ocrx_word' id='word_1_372' title='bbox 1406 568 1647 619; x_wconf 87' lang='lat' dir='ltr'>indulgendo</span> <span class='ocrx_word' id='word_1_373' title='bbox 1677 570 1905 621; x_wconf 81' lang='lat' dir='ltr'>turpissimis</span> <span class='ocrx_word' id='word_1_374' title='bbox 1928 573 2000 611; x_wconf 90' lang='lat' dir='ltr'>im-</span> 
     </span>
     <span class='ocr_line' id='line_1_66' title="bbox 1180 619 1999 674; baseline 0.009 -17"><span class='ocrx_word' id='word_1_375' title='bbox 1180 619 1360 658; x_wconf 89' lang='lat' dir='ltr'>bueretur</span> <span class='ocrx_word' id='word_1_376' title='bbox 1385 621 1662 671; x_wconf 78' lang='lat' dir='ltr'>cupiditatibus</span> <span class='ocrx_word' id='word_1_377' title='bbox 1681 622 1796 674; x_wconf 85' lang='lat' dir='ltr'>(dum</span> <span class='ocrx_word' id='word_1_378' title='bbox 1815 625 1851 663; x_wconf 89' lang='lat' dir='ltr'>ei</span> <span class='ocrx_word' id='word_1_379' title='bbox 1869 626 1999 664; x_wconf 85' lang='lat' dir='ltr'>indul·</span> 
     </span>
     <span class='ocr_line' id='line_1_67' title="bbox 1178 672 1998 731; baseline 0.01 -22"><span class='ocrx_word' id='word_1_380' title='bbox 1178 679 1343 722; x_wconf 85' lang='lat' dir='ltr'>geretur,</span> <span class='ocrx_word' id='word_1_381' title='bbox 1371 674 1422 711; x_wconf 90' lang='lat' dir='ltr'>de</span> <span class='ocrx_word' id='word_1_382' title='bbox 1453 672 1642 712; x_wconf 85' lang='lat' dir='ltr'>dissoluta</span> <span class='ocrx_word' id='word_1_383' title='bbox 1673 676 1930 731; x_wconf 83' lang='lat' dir='ltr'>educatione)</span> <span class='ocrx_word' id='word_1_384' title='bbox 1959 693 1998 725; x_wconf 80' lang='lat' dir='ltr'>x,</span> 
     </span>
     <span class='ocr_line' id='line_1_68' title="bbox 1177 725 1998 777; baseline 0.006 -13"><span class='ocrx_word' id='word_1_385' title='bbox 1177 729 1203 764; x_wconf 82' lang='lat'>4</span> <span class='ocrx_word' id='word_1_386' title='bbox 1231 725 1326 763; x_wconf 86' lang='lat' dir='ltr'>nihil</span> <span class='ocrx_word' id='word_1_387' title='bbox 1352 725 1553 777; x_wconf 86' lang='lat' dir='ltr'>indulgere</span> <span class='ocrx_word' id='word_1_388' title='bbox 1571 727 1688 766; x_wconf 85' lang='lat' dir='ltr'>alicui</span> <span class='ocrx_word' id='word_1_389' title='bbox 1706 730 1755 767; x_wconf 85' lang='lat' dir='ltr'>ad</span> <span class='ocrx_word' id='word_1_390' title='bbox 1776 730 1998 770; x_wconf 86' lang='lat' dir='ltr'>violandum</span> 
     </span>
     <span class='ocr_line' id='line_1_69' title="bbox 1177 778 2000 831; baseline 0.011 -16"><span class='ocrx_word' id='word_1_391' title='bbox 1177 778 1296 816; x_wconf 87' lang='lat' dir='ltr'>alium</span> <span class='ocrx_word' id='word_1_392' title='bbox 1335 792 1423 824; x_wconf 83' lang='lat' dir='ltr'>xxv,</span> <span class='ocrx_word' id='word_1_393' title='bbox 1442 782 1469 818; x_wconf 81' lang='lat'>9</span> <span class='ocrx_word' id='word_1_394' title='bbox 1492 780 1609 831; x_wconf 67' lang='lat' dir='ltr'>(hoc</span> <span class='ocrx_word' id='word_1_395' title='bbox 1637 794 1751 820; x_wconf 84' lang='lat' dir='ltr'>sensu</span> <span class='ocrx_word' id='word_1_396' title='bbox 1780 783 1879 822; x_wconf 80' lang='lat' dir='ltr'>dixit</span> <span class='ocrx_word' id='word_1_397' title='bbox 1906 784 2000 824; x_wconf 86' lang='lat' dir='ltr'>Tac.</span> 
     </span>
     <span class='ocr_line' id='line_1_70' title="bbox 1178 830 1999 883; baseline 0.009 -14"><span class='ocrx_word' id='word_1_398' title='bbox 1178 830 1230 869; x_wconf 88' lang='lat' dir='ltr'>A.</span> <span class='ocrx_word' id='word_1_399' title='bbox 1257 830 1286 877; x_wconf 87' lang='lat' dir='ltr'>i,</span> <span class='ocrx_word' id='word_1_400' title='bbox 1300 835 1342 877; x_wconf 83' lang='lat'>9,</span> <span class='ocrx_word' id='word_1_401' title='bbox 1357 836 1383 872; x_wconf 89' lang='grc'>4</span> <span class='ocrx_word' id='word_1_402' title='bbox 1413 838 1423 854; x_wconf 90' lang='lat'>‘</span> <span class='ocrx_word' id='word_1_403' title='bbox 1436 830 1657 883; x_wconf 82' lang='lat' dir='ltr'>Augustum</span> <span class='ocrx_word' id='word_1_404' title='bbox 1670 834 1794 873; x_wconf 88' lang='lat' dir='ltr'>multa</span> <span class='ocrx_word' id='word_1_405' title='bbox 1809 834 1999 883; x_wconf 87' lang='lat' dir='ltr'>Antonio,</span> 
     </span>
     <span class='ocr_line' id='line_1_71' title="bbox 1178 885 1999 940; baseline 0.009 -18"><span class='ocrx_word' id='word_1_406' title='bbox 1178 885 1300 923; x_wconf 85' lang='lat' dir='ltr'>multa</span> <span class='ocrx_word' id='word_1_407' title='bbox 1315 885 1465 936; x_wconf 90' lang='lat' dir='ltr'>Lepido</span> <span class='ocrx_word' id='word_1_408' title='bbox 1485 886 1769 939; x_wconf 77' lang='lat' dir='ltr'>concessisse‘).</span> <span class='ocrx_word' id='word_1_409' title='bbox 1798 888 1999 940; x_wconf 84' lang='lat' dir='ltr'>indulgere</span> 
     </span>
     <span class='ocr_line' id='line_1_72' title="bbox 1177 937 1998 995; baseline 0.01 -20"><span class='ocrx_word' id='word_1_410' title='bbox 1177 937 1302 976; x_wconf 82' lang='lat' dir='ltr'>dolori</span> <span class='ocrx_word' id='word_1_411' title='bbox 1329 938 1407 984; x_wconf 81' lang='lat' dir='ltr'>xxi,</span> <span class='ocrx_word' id='word_1_412' title='bbox 1443 943 1462 978; x_wconf 91' lang='lat' dir='ltr'>l</span> <span class='ocrx_word' id='word_1_413' title='bbox 1505 939 1614 991; x_wconf 88' lang='lat' dir='ltr'>(ejus</span> <span class='ocrx_word' id='word_1_414' title='bbox 1648 939 1836 992; x_wconf 86' lang='lat' dir='ltr'>impetum</span> <span class='ocrx_word' id='word_1_415' title='bbox 1872 945 1998 995; x_wconf 85' lang='lat' dir='ltr'>sequi,</span> 
     </span>
     <span class='ocr_line' id='line_1_73' title="bbox 1177 991 1997 1047; baseline 0.01 -19"><span class='ocrx_word' id='word_1_416' title='bbox 1177 991 1338 1042; x_wconf 82' lang='lat' dir='ltr'>obsequi</span> <span class='ocrx_word' id='word_1_417' title='bbox 1349 991 1515 1042; x_wconf 85' lang='lat' dir='ltr'>dolori).</span> <span class='ocrx_word' id='word_1_418' title='bbox 1543 993 1743 1044; x_wconf 88' lang='lat' dir='ltr'>indulgere</span> <span class='ocrx_word' id='word_1_419' title='bbox 1762 993 1837 1033; x_wconf 82' lang='lat' dir='ltr'>sibi</span> <span class='ocrx_word' id='word_1_420' title='bbox 1854 994 1997 1047; x_wconf 84' lang='lat' dir='ltr'>(licen-</span> 
     </span>
     <span class='ocr_line' id='line_1_74' title="bbox 1176 1042 1999 1096; baseline 0.011 -16"><span class='ocrx_word' id='word_1_421' title='bbox 1176 1042 1241 1083; x_wconf 81' lang='lat' dir='ltr'>tiae</span> <span class='ocrx_word' id='word_1_422' title='bbox 1277 1044 1516 1096; x_wconf 83' lang='lat' dir='ltr'>significatu)</span> <span class='ocrx_word' id='word_1_423' title='bbox 1547 1045 1597 1091; x_wconf 83' lang='lat' dir='ltr'>vi,</span> <span class='ocrx_word' id='word_1_424' title='bbox 1621 1051 1640 1085; x_wconf 94' lang='lat' dir='ltr'>l</span> <span class='ocrx_word' id='word_1_425' title='bbox 1685 1047 1756 1085; x_wconf 87' lang='lat' dir='ltr'>sibi</span> <span class='ocrx_word' id='word_1_426' title='bbox 1793 1048 1999 1089; x_wconf 85' lang='lat' dir='ltr'>liberaliter</span> 
     </span>
     <span class='ocr_line' id='line_1_75' title="bbox 1174 1096 1753 1149; baseline 0.007 -14"><span class='ocrx_word' id='word_1_427' title='bbox 1174 1096 1445 1148; x_wconf 83' lang='lat' dir='ltr'>(splendidius</span> <span class='ocrx_word' id='word_1_428' title='bbox 1463 1097 1613 1149; x_wconf 85' lang='lat' dir='ltr'>vivere)</span> <span class='ocrx_word' id='word_1_429' title='bbox 1641 1098 1708 1145; x_wconf 87' lang='lat' dir='ltr'>xii,</span> <span class='ocrx_word' id='word_1_430' title='bbox 1727 1104 1753 1139; x_wconf 79' lang='lat'><em>2</em></span> 
     </span>
    </p>

    <p class='ocr_par' dir='ltr' id='par_1_23' title="bbox 1122 1148 1995 1293">
     <span class='ocr_line' id='line_1_76' title="bbox 1122 1148 1991 1205; baseline 0.009 -18"><span class='ocrx_word' id='word_1_431' title='bbox 1122 1148 1335 1201; x_wconf 89' lang='lat' dir='ltr'>Indulgens</span> <span class='ocrx_word' id='word_1_432' title='bbox 1353 1156 1462 1201; x_wconf 82' lang='lat' dir='ltr'>pater</span> <span class='ocrx_word' id='word_1_433' title='bbox 1479 1151 1543 1204; x_wconf 91' lang='lat' dir='ltr'>(in</span> <span class='ocrx_word' id='word_1_434' title='bbox 1572 1151 1687 1191; x_wconf 86' lang='lat' dir='ltr'>laude</span> <span class='ocrx_word' id='word_1_435' title='bbox 1713 1153 1829 1205; x_wconf 90' lang='lat' dir='ltr'>pon.)</span> <span class='ocrx_word' id='word_1_436' title='bbox 1856 1168 1948 1201; x_wconf 78' lang='lat' dir='ltr'>xxv,</span> <span class='ocrx_word' id='word_1_437' title='bbox 1970 1160 1991 1195; x_wconf 91' lang='lat'>1</span> 
     </span>
     <span class='ocr_line' id='line_1_77' title="bbox 1174 1202 1995 1293; baseline 0.007 -52"><span class='ocrx_word' id='word_1_438' title='bbox 1174 1202 1242 1293; x_wconf 60' lang='lat' dir='ltr'>gut</span> <span class='ocrx_word' id='word_1_439' title='bbox 1271 1203 1377 1254; x_wconf 89' lang='lat' dir='ltr'>apud</span> <span class='ocrx_word' id='word_1_440' title='bbox 1405 1203 1499 1243; x_wconf 88' lang='lat' dir='ltr'>Tac.</span> <span class='ocrx_word' id='word_1_441' title='bbox 1530 1204 1805 1256; x_wconf 87' lang='lat' dir='ltr'>‘indulgentia</span> <span class='ocrx_word' id='word_1_442' title='bbox 1837 1208 1995 1255; x_wconf 64' lang='lat' dir='ltr'>matris:</span> 
     </span>
    </p>

    <p class='ocr_par' dir='ltr' id='par_1_24' title="bbox 1172 1257 1996 1467">
     <span class='ocr_line' id='line_1_78' title="bbox 1202 1257 1994 1312; baseline 0.009 -18"><span class='ocrx_word' id='word_1_443' title='bbox 1202 1268 1225 1294; x_wconf 90' lang='lat' dir='ltr'>e</span> <span class='ocrx_word' id='word_1_444' title='bbox 1257 1263 1428 1296; x_wconf 84' lang='lat' dir='ltr'>materna</span> <span class='ocrx_word' id='word_1_445' title='bbox 1455 1270 1546 1296; x_wconf 89' lang='lat' dir='ltr'>cura</span> <span class='ocrx_word' id='word_1_446' title='bbox 1572 1257 1674 1298; x_wconf 81' lang='lat' dir='ltr'>circa</span> <span class='ocrx_word' id='word_1_447' title='bbox 1691 1260 1845 1298; x_wconf 87' lang='lat' dir='ltr'>educat.</span> <span class='ocrx_word' id='word_1_448' title='bbox 1862 1259 1994 1312; x_wconf 87' lang='lat' dir='ltr'>Agric.</span> 
     </span>
     <span class='ocr_line' id='line_1_79' title="bbox 1172 1309 1996 1362; baseline 0.005 -13"><span class='ocrx_word' id='word_1_449' title='bbox 1172 1313 1213 1354; x_wconf 87' lang='grc'>4,</span> <span class='ocrx_word' id='word_1_450' title='bbox 1230 1313 1270 1348; x_wconf 81' lang='grc'>3.</span> <span class='ocrx_word' id='word_1_451' title='bbox 1295 1309 1387 1349; x_wconf 85' lang='lat' dir='ltr'>Alia</span> <span class='ocrx_word' id='word_1_452' title='bbox 1403 1316 1463 1349; x_wconf 87' lang='lat' dir='ltr'>est</span> <span class='ocrx_word' id='word_1_453' title='bbox 1480 1323 1544 1362; x_wconf 91' lang='lat' dir='ltr'>ap.</span> <span class='ocrx_word' id='word_1_454' title='bbox 1562 1310 1767 1350; x_wconf 82' lang='lat' dir='ltr'>Horatium</span> <span class='ocrx_word' id='word_1_455' title='bbox 1784 1327 1792 1350; x_wconf 76' lang='grc' dir='ltr'>ε</span> <span class='ocrx_word' id='word_1_456' title='bbox 1824 1319 1835 1336; x_wconf 83' lang='lat'>‘</span> <span class='ocrx_word' id='word_1_457' title='bbox 1854 1313 1996 1353; x_wconf 89' lang='lat' dir='ltr'>blanda</span> 
     </span>
     <span class='ocr_line' id='line_1_80' title="bbox 1173 1363 1994 1416; baseline 0.006 -15"><span class='ocrx_word' id='word_1_458' title='bbox 1173 1367 1323 1412; x_wconf 81' lang='lat' dir='ltr'>patrum</span> <span class='ocrx_word' id='word_1_459' title='bbox 1341 1363 1608 1414; x_wconf 54' lang='lat' dir='ltr'>indulgentia?</span> <span class='ocrx_word' id='word_1_460' title='bbox 1635 1365 1686 1404; x_wconf 92' lang='lat' dir='ltr'>de</span> <span class='ocrx_word' id='word_1_461' title='bbox 1704 1377 1781 1416; x_wconf 88' lang='lat' dir='ltr'>qua</span> <span class='ocrx_word' id='word_1_462' title='bbox 1799 1379 1837 1406; x_wconf 85' lang='lat' dir='ltr'>v.</span> <span class='ocrx_word' id='word_1_463' title='bbox 1867 1366 1994 1412; x_wconf 81' lang='lat' dir='ltr'>Quin-</span> 
     </span>
     <span class='ocr_line' id='line_1_81' title="bbox 1172 1414 1693 1467; baseline 0.006 -14"><span class='ocrx_word' id='word_1_464' title='bbox 1172 1414 1296 1453; x_wconf 88' lang='lat' dir='ltr'>tilian.</span> <span class='ocrx_word' id='word_1_465' title='bbox 1313 1415 1414 1455; x_wconf 88' lang='lat' dir='ltr'>Inst.</span> <span class='ocrx_word' id='word_1_466' title='bbox 1433 1415 1501 1455; x_wconf 89' lang='lat' dir='ltr'>Or.</span> <span class='ocrx_word' id='word_1_467' title='bbox 1530 1416 1558 1462; x_wconf 86' lang='lat' dir='ltr'>i,</span> <span class='ocrx_word' id='word_1_468' title='bbox 1577 1415 1626 1467; x_wconf 85' lang='lat'>2)</span> <span class='ocrx_word' id='word_1_469' title='bbox 1690 1457 1693 1460; x_wconf 76' lang='grc'><strong>,</strong></span> 
     </span>
    </p>

    <p class='ocr_par' dir='ltr' id='par_1_25' title="bbox 1119 1467 1995 1680">
     <span class='ocr_line' id='line_1_82' title="bbox 1119 1467 1991 1522; baseline 0.008 -17"><span class='ocrx_word' id='word_1_470' title='bbox 1119 1467 1369 1519; x_wconf 72' lang='lat' dir='ltr'>Indulgentia</span> <span class='ocrx_word' id='word_1_471' title='bbox 1397 1469 1438 1507; x_wconf 89' lang='lat' dir='ltr'>in</span> <span class='ocrx_word' id='word_1_472' title='bbox 1470 1481 1573 1507; x_wconf 86' lang='lat' dir='ltr'>suos·</span> <span class='ocrx_word' id='word_1_473' title='bbox 1589 1482 1677 1515; x_wconf 85' lang='lat' dir='ltr'>xxv,</span> <span class='ocrx_word' id='word_1_474' title='bbox 1699 1473 1748 1509; x_wconf 89' lang='grc'>17</span> <span class='ocrx_word' id='word_1_475' title='bbox 1779 1469 1888 1522; x_wconf 84' lang='lat' dir='ltr'>(nam</span> <span class='ocrx_word' id='word_1_476' title='bbox 1905 1473 1991 1512; x_wconf 82' lang='lat' dir='ltr'>haec</span> 
     </span>
     <span class='ocr_line' id='line_1_83' title="bbox 1172 1521 1995 1573; baseline 0.007 -14"><span class='ocrx_word' id='word_1_477' title='bbox 1172 1534 1245 1559; x_wconf 85' lang='lat' dir='ltr'>vox</span> <span class='ocrx_word' id='word_1_478' title='bbox 1264 1521 1525 1573; x_wconf 84' lang='lat' dir='ltr'>significanter</span> <span class='ocrx_word' id='word_1_479' title='bbox 1541 1522 1592 1560; x_wconf 86' lang='lat' dir='ltr'>de</span> <span class='ocrx_word' id='word_1_480' title='bbox 1609 1523 1753 1562; x_wconf 83' lang='lat' dir='ltr'>affectu</span> <span class='ocrx_word' id='word_1_481' title='bbox 1782 1526 1995 1564; x_wconf 87' lang='lat' dir='ltr'>necessitu-</span> 
     </span>
     <span class='ocr_line' id='line_1_84' title="bbox 1169 1573 1994 1628; baseline 0.008 -16"><span class='ocrx_word' id='word_1_482' title='bbox 1169 1573 1320 1621; x_wconf 87' lang='lat' dir='ltr'>dinum,</span> <span class='ocrx_word' id='word_1_483' title='bbox 1348 1581 1391 1614; x_wconf 90' lang='lat' dir='ltr'>et</span> <span class='ocrx_word' id='word_1_484' title='bbox 1423 1575 1611 1614; x_wconf 83' lang='lat' dir='ltr'>facilitate</span> <span class='ocrx_word' id='word_1_485' title='bbox 1646 1579 1880 1626; x_wconf 76' lang='grc' dir='ltr'><strong><em>συγγενικῆς</em></strong></span> <span class='ocrx_word' id='word_1_486' title='bbox 1911 1580 1994 1628; x_wconf 78' lang='grc' dir='ltr'>ὁμι-</span> 
     </span>
     <span class='ocr_line' id='line_1_85' title="bbox 1170 1626 1671 1680; baseline 0 -14"><span class='ocrx_word' id='word_1_487' title='bbox 1170 1626 1260 1666; x_wconf 84' lang='grc' dir='ltr'>λίας</span> <span class='ocrx_word' id='word_1_488' title='bbox 1278 1633 1493 1679; x_wconf 87' lang='lat' dir='ltr'>usurpatur.</span> <span class='ocrx_word' id='word_1_489' title='bbox 1512 1627 1671 1680; x_wconf 84' lang='lat' dir='ltr'>Boecl.)</span> 
     </span>
    </p>

    <p class='ocr_par' dir='ltr' id='par_1_26' title="bbox 1117 1678 1994 1998">
     <span class='ocr_line' id='line_1_86' title="bbox 1117 1678 1994 1733; baseline 0.008 -16"><span class='ocrx_word' id='word_1_490' title='bbox 1117 1678 1314 1719; x_wconf 86' lang='lat' dir='ltr'>Industria</span> <span class='ocrx_word' id='word_1_491' title='bbox 1348 1680 1597 1733; x_wconf 75' lang='grc' dir='ltr'>(φιλοπονία)</span> <span class='ocrx_word' id='word_1_492' title='bbox 1636 1682 1739 1727; x_wconf 85' lang='lat' dir='ltr'>xxiv,</span> <span class='ocrx_word' id='word_1_493' title='bbox 1773 1686 1798 1723; x_wconf 77' lang='lat'>3</span> <span class='ocrx_word' id='word_1_494' title='bbox 1844 1697 1994 1724; x_wconf 88' lang='lat' dir='ltr'>summa</span> 
     </span>
     <span class='ocr_line' id='line_1_87' title="bbox 1171 1734 1992 1784; baseline 0.006 -13"><span class='ocrx_word' id='word_1_495' title='bbox 1171 1734 1244 1784; x_wconf 87' lang='lat' dir='ltr'>(de</span> <span class='ocrx_word' id='word_1_496' title='bbox 1271 1734 1401 1773; x_wconf 88' lang='lat' dir='ltr'>studio</span> <span class='ocrx_word' id='word_1_497' title='bbox 1430 1740 1540 1773; x_wconf 85' lang='lat' dir='ltr'>actus</span> <span class='ocrx_word' id='word_1_498' title='bbox 1565 1734 1693 1774; x_wconf 88' lang='lat' dir='ltr'>civilis</span> <span class='ocrx_word' id='word_1_499' title='bbox 1722 1742 1763 1774; x_wconf 90' lang='lat' dir='ltr'>et</span> <span class='ocrx_word' id='word_1_500' title='bbox 1780 1736 1992 1776; x_wconf 84' lang='lat' dir='ltr'>officiorum</span> 
     </span>
     <span class='ocr_line' id='line_1_88' title="bbox 1171 1784 1993 1842; baseline 0.007 -19"><span class='ocrx_word' id='word_1_501' title='bbox 1171 1786 1282 1837; x_wconf 87' lang='lat' dir='ltr'>vitae)</span> <span class='ocrx_word' id='word_1_502' title='bbox 1310 1784 1352 1836; x_wconf 90' lang='lat' dir='ltr'>ii,</span> <span class='ocrx_word' id='word_1_503' title='bbox 1372 1791 1393 1826; x_wconf 91' lang='lat'>1</span> <span class='ocrx_word' id='word_1_504' title='bbox 1424 1800 1586 1837; x_wconf 79' lang='lat' dir='ltr'>quorum</span> <span class='ocrx_word' id='word_1_505' title='bbox 1619 1788 1659 1826; x_wconf 89' lang='lat' dir='ltr'>in</span> <span class='ocrx_word' id='word_1_506' title='bbox 1688 1801 1736 1826; x_wconf 90' lang='lat' dir='ltr'>ea</span> <span class='ocrx_word' id='word_1_507' title='bbox 1767 1801 1808 1827; x_wconf 88' lang='lat' dir='ltr'>re</span> <span class='ocrx_word' id='word_1_508' title='bbox 1837 1791 1993 1842; x_wconf 85' lang='lat' dir='ltr'>egregia</span> 
     </span>
     <span class='ocr_line' id='line_1_89' title="bbox 1169 1838 1991 1891; baseline 0.007 -15"><span class='ocrx_word' id='word_1_509' title='bbox 1169 1838 1358 1878; x_wconf 85' lang='lat' dir='ltr'>industria</span> <span class='ocrx_word' id='word_1_510' title='bbox 1392 1839 1528 1879; x_wconf 74' lang='lat' dir='ltr'>fuisset</span> <span class='ocrx_word' id='word_1_511' title='bbox 1578 1839 1668 1891; x_wconf 83' lang='lat' dir='ltr'>(qui</span> <span class='ocrx_word' id='word_1_512' title='bbox 1702 1854 1804 1880; x_wconf 88' lang='lat' dir='ltr'>curae</span> <span class='ocrx_word' id='word_1_513' title='bbox 1841 1842 1881 1881; x_wconf 86' lang='lat' dir='ltr'>id</span> <span class='ocrx_word' id='word_1_514' title='bbox 1917 1843 1991 1882; x_wconf 92' lang='lat' dir='ltr'>sibi</span> 
     </span>
     <span class='ocr_line' id='line_1_90' title="bbox 1170 1892 1990 1946; baseline 0.006 -16"><span class='ocrx_word' id='word_1_515' title='bbox 1170 1892 1394 1931; x_wconf 86' lang='lat' dir='ltr'>habuissent</span> <span class='ocrx_word' id='word_1_516' title='bbox 1410 1892 1506 1944; x_wconf 73' lang='grc' dir='ltr'><strong>διε.)</strong></span> <span class='ocrx_word' id='word_1_517' title='bbox 1535 1893 1626 1940; x_wconf 81' lang='lat' dir='ltr'>xvii,</span> <span class='ocrx_word' id='word_1_518' title='bbox 1645 1898 1668 1933; x_wconf 78' lang='lat'><strong>3</strong></span> <span class='ocrx_word' id='word_1_519' title='bbox 1699 1907 1838 1946; x_wconf 86' lang='lat' dir='ltr'>magna</span> <span class='ocrx_word' id='word_1_520' title='bbox 1856 1895 1990 1934; x_wconf 88' lang='lat' dir='ltr'>indus-</span> 
     </span>
     <span class='ocr_line' id='line_1_91' title="bbox 1169 1945 1680 1998; baseline 0.004 -15"><span class='ocrx_word' id='word_1_521' title='bbox 1169 1946 1242 1984; x_wconf 87' lang='lat' dir='ltr'>tria</span> <span class='ocrx_word' id='word_1_522' title='bbox 1260 1945 1400 1986; x_wconf 85' lang='lat' dir='ltr'>bellum</span> <span class='ocrx_word' id='word_1_523' title='bbox 1422 1959 1567 1998; x_wconf 84' lang='lat' dir='ltr'>parare,</span> <span class='ocrx_word' id='word_1_524' title='bbox 1584 1946 1680 1985; x_wconf 88' lang='lat' dir='ltr'>ibid.</span> 
     </span>
    </p>

    <p class='ocr_par' dir='ltr' id='par_1_27' title="bbox 1116 1991 1992 2475">
     <span class='ocr_line' id='line_1_92' title="bbox 1116 1991 1992 2052; baseline 0.003 -16"><span class='ocrx_word' id='word_1_525' title='bbox 1116 1997 1224 2040; x_wconf 89' lang='lat' dir='ltr'>Inest</span> <span class='ocrx_word' id='word_1_526' title='bbox 1241 1991 1420 2052; x_wconf 32' lang='lat' dir='ltr'>illi-genti</span> <span class='ocrx_word' id='word_1_527' title='bbox 1435 1999 1523 2051; x_wconf 86' lang='lat' dir='ltr'>plus</span> <span class='ocrx_word' id='word_1_528' title='bbox 1542 1999 1676 2038; x_wconf 85' lang='lat' dir='ltr'>virium</span> <span class='ocrx_word' id='word_1_529' title='bbox 1703 2013 1819 2051; x_wconf 90' lang='lat' dir='ltr'>quam</span> <span class='ocrx_word' id='word_1_530' title='bbox 1845 2000 1992 2051; x_wconf 85' lang='lat' dir='ltr'>ingenii</span> 
     </span>
     <span class='ocr_line' id='line_1_93' title="bbox 1171 2049 1990 2102; baseline 0.004 -12"><span class='ocrx_word' id='word_1_531' title='bbox 1171 2065 1234 2098; x_wconf 81' lang='lat' dir='ltr'>xv,</span> <span class='ocrx_word' id='word_1_532' title='bbox 1253 2055 1282 2102; x_wconf 53' lang='grc' dir='ltr'>5Δ</span> <span class='ocrx_word' id='word_1_533' title='bbox 1305 2049 1434 2091; x_wconf 86' lang='lat' dir='ltr'>inesse</span> <span class='ocrx_word' id='word_1_534' title='bbox 1469 2053 1510 2090; x_wconf 87' lang='lat' dir='ltr'>in</span> <span class='ocrx_word' id='word_1_535' title='bbox 1543 2065 1621 2091; x_wconf 89' lang='lat' dir='ltr'>uno</span> <span class='ocrx_word' id='word_1_536' title='bbox 1654 2053 1810 2092; x_wconf 85' lang='lat' dir='ltr'>homine</span> <span class='ocrx_word' id='word_1_537' title='bbox 1842 2059 1990 2093; x_wconf 80' lang='lat' dir='ltr'>tantam</span> 
     </span>
     <span class='ocr_line' id='line_1_94' title="bbox 1169 2100 1990 2157; baseline 0.004 -15"><span class='ocrx_word' id='word_1_538' title='bbox 1169 2100 1521 2145; x_wconf 82' lang='lat' dir='ltr'>dissimilitudinem</span> <span class='ocrx_word' id='word_1_539' title='bbox 1541 2112 1695 2157; x_wconf 85' lang='lat' dir='ltr'>tamque</span> <span class='ocrx_word' id='word_1_540' title='bbox 1713 2105 1903 2146; x_wconf 78' lang='lat' dir='ltr'>diversam</span> <span class='ocrx_word' id='word_1_541' title='bbox 1921 2120 1990 2145; x_wconf 87' lang='lat' dir='ltr'>na-</span> 
     </span>
     <span class='ocr_line' id='line_1_95' title="bbox 1171 2156 1991 2210; baseline 0.005 -15"><span class='ocrx_word' id='word_1_542' title='bbox 1171 2165 1292 2196; x_wconf 86' lang='lat' dir='ltr'>turam</span> <span class='ocrx_word' id='word_1_543' title='bbox 1305 2156 1591 2198; x_wconf 85' lang='lat' dir='ltr'>admirabantur</span> <span class='ocrx_word' id='word_1_544' title='bbox 1616 2158 1684 2205; x_wconf 89' lang='lat' dir='ltr'>vii,</span> <span class='ocrx_word' id='word_1_545' title='bbox 1701 2162 1722 2198; x_wconf 92' lang='lat' dir='ltr'><strong>l</strong></span> <span class='ocrx_word' id='word_1_546' title='bbox 1752 2159 1838 2210; x_wconf 89' lang='lat' dir='ltr'>(Sic</span> <span class='ocrx_word' id='word_1_547' title='bbox 1848 2159 1991 2199; x_wconf 85' lang='lat' dir='ltr'>Teren-</span> 
     </span>
     <span class='ocr_line' id='line_1_96' title="bbox 1170 2209 1989 2258; baseline 0.005 -10"><span class='ocrx_word' id='word_1_548' title='bbox 1170 2209 1246 2249; x_wconf 89' lang='lat' dir='ltr'>tius</span> <span class='ocrx_word' id='word_1_549' title='bbox 1264 2210 1444 2249; x_wconf 85' lang='lat' dir='ltr'>Eunuch.</span> <span class='ocrx_word' id='word_1_550' title='bbox 1473 2212 1499 2258; x_wconf 86' lang='lat' dir='ltr'>i,</span> <span class='ocrx_word' id='word_1_551' title='bbox 1522 2215 1561 2257; x_wconf 84' lang='lat' dir='ltr'>l,</span> <span class='ocrx_word' id='word_1_552' title='bbox 1581 2215 1631 2251; x_wconf 88' lang='grc'>14</span> <span class='ocrx_word' id='word_1_553' title='bbox 1661 2217 1672 2234; x_wconf 89' lang='lat'>‘</span> <span class='ocrx_word' id='word_1_554' title='bbox 1691 2212 1731 2250; x_wconf 87' lang='lat' dir='ltr'>in</span> <span class='ocrx_word' id='word_1_555' title='bbox 1759 2224 1887 2252; x_wconf 87' lang='lat' dir='ltr'>amore</span> <span class='ocrx_word' id='word_1_556' title='bbox 1904 2214 1989 2252; x_wconf 85' lang='lat' dir='ltr'>baec</span> 
     </span>
     <span class='ocr_line' id='line_1_97' title="bbox 1169 2263 1989 2316; baseline 0.004 -15"><span class='ocrx_word' id='word_1_557' title='bbox 1169 2264 1299 2302; x_wconf 87' lang='lat' dir='ltr'>omnia</span> <span class='ocrx_word' id='word_1_558' title='bbox 1318 2263 1448 2302; x_wconf 88' lang='lat' dir='ltr'>insunt</span> <span class='ocrx_word' id='word_1_559' title='bbox 1470 2263 1595 2306; x_wconf 59' lang='lat' dir='ltr'>vitia:</span> <span class='ocrx_word' id='word_1_560' title='bbox 1609 2263 1661 2302; x_wconf 82' lang='lat' dir='ltr'>Et</span> <span class='ocrx_word' id='word_1_561' title='bbox 1681 2265 1818 2304; x_wconf 89' lang='lat' dir='ltr'>Cicero</span> <span class='ocrx_word' id='word_1_562' title='bbox 1834 2265 1989 2316; x_wconf 87' lang='lat' dir='ltr'>passim.</span> 
     </span>
     <span class='ocr_line' id='line_1_98' title="bbox 1167 2315 1986 2366; baseline 0 -11"><span class='ocrx_word' id='word_1_563' title='bbox 1167 2315 1325 2356; x_wconf 77' lang='lat' dir='ltr'>&#39;I‘acitus</span> <span class='ocrx_word' id='word_1_564' title='bbox 1355 2317 1446 2357; x_wconf 86' lang='lat' dir='ltr'>hist.</span> <span class='ocrx_word' id='word_1_565' title='bbox 1472 2317 1524 2363; x_wconf 85' lang='lat' dir='ltr'>iv,</span> <span class='ocrx_word' id='word_1_566' title='bbox 1547 2321 1616 2363; x_wconf 82' lang='grc'>27,</span> <span class='ocrx_word' id='word_1_567' title='bbox 1637 2321 1677 2358; x_wconf 82' lang='grc'>6.</span> <span class='ocrx_word' id='word_1_568' title='bbox 1719 2331 1808 2366; x_wconf 78' lang='lat' dir='ltr'>cum</span> <span class='ocrx_word' id='word_1_569' title='bbox 1827 2318 1986 2358; x_wconf 84' lang='lat' dir='ltr'>dativo:</span> 
     </span>
     <span class='ocr_line' id='line_1_99' title="bbox 1171 2369 1990 2419; baseline 0 -11"><span class='ocrx_word' id='word_1_570' title='bbox 1171 2375 1182 2393; x_wconf 81' lang='lat'>⁸</span> <span class='ocrx_word' id='word_1_571' title='bbox 1204 2375 1312 2408; x_wconf 87' lang='lat' dir='ltr'>tanta</span> <span class='ocrx_word' id='word_1_572' title='bbox 1342 2369 1399 2409; x_wconf 89' lang='lat' dir='ltr'>illi</span> <span class='ocrx_word' id='word_1_573' title='bbox 1431 2369 1616 2410; x_wconf 78' lang='lat' dir='ltr'>exercitui</span> <span class='ocrx_word' id='word_1_574' title='bbox 1648 2370 1990 2419; x_wconf 26' lang='lat' dir='ltr'>diversitas-inerat</span> 
     </span>
     <span class='ocr_line' id='line_1_100' title="bbox 1170 2420 1667 2475; baseline 0.002 -15"><span class='ocrx_word' id='word_1_575' title='bbox 1170 2420 1338 2462; x_wconf 62' lang='lat' dir='ltr'>licentias</span> <span class='ocrx_word' id='word_1_576' title='bbox 1354 2422 1667 2475; x_wconf 64' lang='lat' dir='ltr'>patientiaeque’)</span> 
     </span>
    </p>

    <p class='ocr_par' dir='ltr' id='par_1_28' title="bbox 1116 2474 1701 2527">
     <span class='ocr_line' id='line_1_101' title="bbox 1116 2474 1701 2527; baseline 0.002 -13"><span class='ocrx_word' id='word_1_577' title='bbox 1116 2474 1384 2517; x_wconf 65' lang='lat' dir='ltr'>inexercitatae</span> <span class='ocrx_word' id='word_1_578' title='bbox 1403 2477 1527 2527; x_wconf 86' lang='lat' dir='ltr'>copiae</span> <span class='ocrx_word' id='word_1_579' title='bbox 1554 2474 1660 2521; x_wconf 83' lang='lat' dir='ltr'>xviii,</span> <span class='ocrx_word' id='word_1_580' title='bbox 1677 2479 1701 2515; x_wconf 76' lang='lat'><strong>3</strong></span> 
     </span>
    </p>

    <p class='ocr_par' dir='ltr' id='par_1_29' title="bbox 1115 2526 1735 2581">
     <span class='ocr_line' id='line_1_102' title="bbox 1115 2526 1735 2581; baseline 0.002 -14"><span class='ocrx_word' id='word_1_581' title='bbox 1115 2526 1277 2567; x_wconf 74' lang='lat' dir='ltr'>Infamis</span> <span class='ocrx_word' id='word_1_582' title='bbox 1295 2527 1386 2581; x_wconf 87' lang='lat' dir='ltr'>(per</span> <span class='ocrx_word' id='word_1_583' title='bbox 1402 2526 1570 2580; x_wconf 82' lang='lat' dir='ltr'>flagitia)</span> <span class='ocrx_word' id='word_1_584' title='bbox 1597 2541 1663 2576; x_wconf 85' lang='lat' dir='ltr'>xv,</span> <span class='ocrx_word' id='word_1_585' title='bbox 1685 2531 1735 2568; x_wconf 80' lang='lat'>10</span> 
     </span>
    </p>

    <p class='ocr_par' dir='ltr' id='par_1_30' title="bbox 1117 2579 1591 2632">
     <span class='ocr_line' id='line_1_103' title="bbox 1117 2579 1591 2632; baseline 0.002 -13"><span class='ocrx_word' id='word_1_586' title='bbox 1117 2580 1284 2619; x_wconf 82' lang='lat' dir='ltr'>Infamia</span> <span class='ocrx_word' id='word_1_587' title='bbox 1302 2581 1452 2632; x_wconf 82' lang='lat' dir='ltr'>aspergi</span> <span class='ocrx_word' id='word_1_588' title='bbox 1481 2579 1547 2627; x_wconf 84' lang='lat' dir='ltr'>vii,</span> <span class='ocrx_word' id='word_1_589' title='bbox 1567 2585 1591 2620; x_wconf 81' lang='lat'>3</span> 
     </span>
    </p>

    <p class='ocr_par' dir='ltr' id='par_1_31' title="bbox 1116 2632 1988 2778">
     <span class='ocr_line' id='line_1_104' title="bbox 1116 2632 1988 2685; baseline -0.001 -13"><span class='ocrx_word' id='word_1_590' title='bbox 1116 2634 1331 2673; x_wconf 83' lang='lat' dir='ltr'>Infamatus</span> <span class='ocrx_word' id='word_1_591' title='bbox 1348 2647 1372 2672; x_wconf 88' lang='lat' dir='ltr'>a</span> <span class='ocrx_word' id='word_1_592' title='bbox 1391 2633 1582 2685; x_wconf 88' lang='lat' dir='ltr'>plerisque</span> <span class='ocrx_word' id='word_1_593' title='bbox 1612 2632 1892 2685; x_wconf 86' lang='lat' dir='ltr'>(vituperatus)</span> <span class='ocrx_word' id='word_1_594' title='bbox 1922 2632 1988 2681; x_wconf 84' lang='lat' dir='ltr'>vii,</span> 
     </span>
     <span class='ocr_line' id='line_1_105' title="bbox 1171 2685 1988 2739; baseline -0.004 -12"><span class='ocrx_word' id='word_1_595' title='bbox 1171 2690 1219 2727; x_wconf 87' lang='lat'>11</span> <span class='ocrx_word' id='word_1_596' title='bbox 1250 2687 1323 2739; x_wconf 82' lang='lat' dir='ltr'>(de</span> <span class='ocrx_word' id='word_1_597' title='bbox 1351 2686 1542 2727; x_wconf 80' lang='lat' dir='ltr'>historicae</span> <span class='ocrx_word' id='word_1_598' title='bbox 1570 2685 1788 2738; x_wconf 77' lang='lat' dir='ltr'>scriptionis</span> <span class='ocrx_word' id='word_1_599' title='bbox 1816 2687 1988 2726; x_wconf 86' lang='lat' dir='ltr'>testimo-</span> 
     </span>
     <span class='ocr_line' id='line_1_106' title="bbox 1169 2752 1235 2778; baseline 0 0"><span class='ocrx_word' id='word_1_600' title='bbox 1169 2752 1235 2778; x_wconf 85' lang='lat' dir='ltr'>mo</span> 
     </span>
    </p>

    <p class='ocr_par' dir='ltr' id='par_1_32' title="bbox 1117 2739 1799 2845">
     <span class='ocr_line' id='line_1_107' title="bbox 1117 2739 1799 2845; baseline 0 -14"><span class='ocrx_word' id='word_1_601' title='bbox 1117 2739 1278 2832; x_wconf 65' lang='lat' dir='ltr'>Insectis</span> <span class='ocrx_word' id='word_1_602' title='bbox 1298 2792 1374 2832; x_wconf 90' lang='lat' dir='ltr'>reb.</span> <span class='ocrx_word' id='word_1_603' title='bbox 1405 2792 1433 2839; x_wconf 88' lang='lat' dir='ltr'>i,</span> <span class='ocrx_word' id='word_1_604' title='bbox 1452 2797 1477 2833; x_wconf 86' lang='grc'><strong>7</strong></span> <span class='ocrx_word' id='word_1_605' title='bbox 1506 2790 1799 2845; x_wconf 83' lang='lat' dir='ltr'>(non-effectis)</span> 
     </span>
    </p>

    <p class='ocr_par' dir='ltr' id='par_1_33' title="bbox 1116 2844 1990 2946">
     <span class='ocr_line' id='line_1_108' title="bbox 1116 2844 1990 2898; baseline -0.002 -13"><span class='ocrx_word' id='word_1_606' title='bbox 1116 2845 1312 2892; x_wconf 83' lang='lat' dir='ltr'>Infelices,</span> <span class='ocrx_word' id='word_1_607' title='bbox 1340 2846 1408 2898; x_wconf 90' lang='lat' dir='ltr'>qui</span> <span class='ocrx_word' id='word_1_608' title='bbox 1441 2845 1571 2886; x_wconf 88' lang='lat' dir='ltr'>omnia</span> <span class='ocrx_word' id='word_1_609' title='bbox 1601 2845 1675 2885; x_wconf 85' lang='lat' dir='ltr'>sibi</span> <span class='ocrx_word' id='word_1_610' title='bbox 1708 2846 1824 2885; x_wconf 90' lang='lat' dir='ltr'>licere</span> <span class='ocrx_word' id='word_1_611' title='bbox 1860 2844 1990 2884; x_wconf 84' lang='lat' dir='ltr'>existi·</span> 
     </span>
     <span class='ocr_line' id='line_1_109' title="bbox 1171 2898 1459 2946; baseline 0.003 -8"><span class='ocrx_word' id='word_1_612' title='bbox 1171 2905 1337 2946; x_wconf 86' lang='lat' dir='ltr'>marunt,</span> <span class='ocrx_word' id='word_1_613' title='bbox 1359 2898 1417 2938; x_wconf 79' lang='lat' dir='ltr'>Fr.</span> <span class='ocrx_word' id='word_1_614' title='bbox 1435 2904 1459 2939; x_wconf 85' lang='lat'>5</span> 
     </span>
    </p>

    <p class='ocr_par' dir='ltr' id='par_1_34' title="bbox 1118 2950 1989 3321">
     <span class='ocr_line' id='line_1_110' title="bbox 1118 2950 1986 3005; baseline -0.003 -13"><span class='ocrx_word' id='word_1_615' title='bbox 1118 2952 1280 2992; x_wconf 79' lang='lat' dir='ltr'>Inferior</span> <span class='ocrx_word' id='word_1_616' title='bbox 1293 2952 1416 3004; x_wconf 87' lang='lat' dir='ltr'>copiis</span> <span class='ocrx_word' id='word_1_617' title='bbox 1431 2952 1504 3005; x_wconf 83' lang='lat' dir='ltr'>(do</span> <span class='ocrx_word' id='word_1_618' title='bbox 1522 2951 1667 2991; x_wconf 88' lang='lat' dir='ltr'>minore</span> <span class='ocrx_word' id='word_1_619' title='bbox 1679 2964 1837 2990; x_wconf 87' lang='lat' dir='ltr'>numero</span> <span class='ocrx_word' id='word_1_620' title='bbox 1854 2950 1986 3002; x_wconf 87' lang='lat' dir='ltr'>copia-</span> 
     </span>
     <span class='ocr_line' id='line_1_111' title="bbox 1170 3004 1984 3058; baseline -0.001 -14"><span class='ocrx_word' id='word_1_621' title='bbox 1170 3005 1275 3058; x_wconf 89' lang='lat' dir='ltr'>rum)</span> <span class='ocrx_word' id='word_1_622' title='bbox 1303 3004 1382 3052; x_wconf 81' lang='lat' dir='ltr'>xiv,</span> <span class='ocrx_word' id='word_1_623' title='bbox 1400 3009 1426 3045; x_wconf 82' lang='lat'>8</span> <span class='ocrx_word' id='word_1_624' title='bbox 1455 3005 1628 3057; x_wconf 84' lang='lat' dir='ltr'>peditatu</span> <span class='ocrx_word' id='word_1_625' title='bbox 1651 3005 1806 3044; x_wconf 85' lang='lat' dir='ltr'>inferior</span> <span class='ocrx_word' id='word_1_626' title='bbox 1833 3004 1939 3050; x_wconf 82' lang='lat' dir='ltr'>xviii,</span> <span class='ocrx_word' id='word_1_627' title='bbox 1960 3007 1984 3043; x_wconf 80' lang='lat'><strong>3</strong></span> 
     </span>
     <span class='ocr_line' id='line_1_112' title="bbox 1170 3057 1988 3112; baseline -0.007 -14"><span class='ocrx_word' id='word_1_628' title='bbox 1170 3059 1257 3112; x_wconf 86' lang='lat' dir='ltr'>(Sic</span> <span class='ocrx_word' id='word_1_629' title='bbox 1285 3057 1460 3097; x_wconf 86' lang='lat' dir='ltr'>Ernstius</span> <span class='ocrx_word' id='word_1_630' title='bbox 1492 3058 1531 3096; x_wconf 89' lang='lat' dir='ltr'>in</span> <span class='ocrx_word' id='word_1_631' title='bbox 1561 3071 1633 3096; x_wconf 87' lang='lat' dir='ltr'>suo</span> <span class='ocrx_word' id='word_1_632' title='bbox 1652 3058 1787 3097; x_wconf 89' lang='lat' dir='ltr'>codice</span> <span class='ocrx_word' id='word_1_633' title='bbox 1806 3057 1901 3108; x_wconf 88' lang='lat' dir='ltr'>legit</span> <span class='ocrx_word' id='word_1_634' title='bbox 1919 3069 1988 3107; x_wconf 87' lang='lat' dir='ltr'>pro</span> 
     </span>
     <span class='ocr_line' id='line_1_113' title="bbox 1171 3109 1988 3163; baseline -0.006 -12"><span class='ocrx_word' id='word_1_635' title='bbox 1171 3118 1183 3135; x_wconf 76' lang='lat'>⁸</span> <span class='ocrx_word' id='word_1_636' title='bbox 1203 3110 1397 3158; x_wconf 87' lang='lat' dir='ltr'>deterior,&#39;</span> <span class='ocrx_word' id='word_1_637' title='bbox 1423 3111 1529 3163; x_wconf 89' lang='lat' dir='ltr'>quod</span> <span class='ocrx_word' id='word_1_638' title='bbox 1556 3110 1795 3150; x_wconf 86' lang='lat' dir='ltr'>retinuimus.</span> <span class='ocrx_word' id='word_1_639' title='bbox 1820 3109 1884 3148; x_wconf 89' lang='lat' dir='ltr'>Sic</span> <span class='ocrx_word' id='word_1_640' title='bbox 1901 3109 1988 3147; x_wconf 90' lang='lat' dir='ltr'>Sul-</span> 
     </span>
     <span class='ocr_line' id='line_1_114' title="bbox 1171 3160 1989 3222; baseline -0.006 -18"><span class='ocrx_word' id='word_1_641' title='bbox 1171 3165 1248 3217; x_wconf 91' lang='lat' dir='ltr'>pic.</span> <span class='ocrx_word' id='word_1_642' title='bbox 1276 3164 1406 3203; x_wconf 82' lang='lat' dir='ltr'>Sever.</span> <span class='ocrx_word' id='word_1_643' title='bbox 1432 3163 1460 3210; x_wconf 86' lang='lat' dir='ltr'>i,</span> <span class='ocrx_word' id='word_1_644' title='bbox 1491 3167 1543 3203; x_wconf 83' lang='lat'>60</span> <span class='ocrx_word' id='word_1_645' title='bbox 1582 3169 1595 3186; x_wconf 85' lang='lat'><em>‘</em></span> <span class='ocrx_word' id='word_1_646' title='bbox 1615 3162 1862 3202; x_wconf 88' lang='lat' dir='ltr'>multitudine</span> <span class='ocrx_word' id='word_1_647' title='bbox 1890 3160 1989 3222; x_wconf 69' lang='lat' dir='ltr'>inse-</span> 
     </span>
     <span class='ocr_line' id='line_1_115' title="bbox 1170 3218 1989 3265; baseline -0.006 -8"><span class='ocrx_word' id='word_1_648' title='bbox 1170 3218 1244 3257; x_wconf 88' lang='lat' dir='ltr'>rior</span> <span class='ocrx_word' id='word_1_649' title='bbox 1257 3230 1337 3256; x_wconf 88' lang='lat' dir='ltr'>non</span> <span class='ocrx_word' id='word_1_650' title='bbox 1354 3229 1469 3255; x_wconf 84' lang='lat' dir='ltr'>ausus</span> <span class='ocrx_word' id='word_1_651' title='bbox 1483 3226 1638 3255; x_wconf 81' lang='lat' dir='ltr'>manum</span> <span class='ocrx_word' id='word_1_652' title='bbox 1655 3227 1854 3255; x_wconf 88' lang='lat' dir='ltr'>conserere</span> <span class='ocrx_word' id='word_1_653' title='bbox 1873 3226 1989 3265; x_wconf 82' lang='lat' dir='ltr'>muns</span> 
     </span>
     <span class='ocr_line' id='line_1_116' title="bbox 1169 3268 1442 3321; baseline -0.011 -11"><span class='ocrx_word' id='word_1_654' title='bbox 1169 3283 1211 3310; x_wconf 80' lang='lat' dir='ltr'>se</span> <span class='ocrx_word' id='word_1_655' title='bbox 1230 3268 1442 3321; x_wconf 86' lang='lat' dir='ltr'>tuebatur&#39;)</span> 
     </span>
    </p>

    <p class='ocr_par' dir='ltr' id='par_1_35' title="bbox 1116 3319 1989 3533">
     <span class='ocr_line' id='line_1_117' title="bbox 1116 3319 1986 3367; baseline -0.002 -7"><span class='ocrx_word' id='word_1_656' title='bbox 1116 3321 1262 3362; x_wconf 82' lang='lat' dir='ltr'>Inserre</span> <span class='ocrx_word' id='word_1_657' title='bbox 1291 3321 1406 3361; x_wconf 88' lang='lat' dir='ltr'>alicui</span> <span class='ocrx_word' id='word_1_658' title='bbox 1435 3333 1538 3361; x_wconf 86' lang='lat' dir='ltr'>arma</span> <span class='ocrx_word' id='word_1_659' title='bbox 1565 3319 1670 3367; x_wconf 81' lang='lat' dir='ltr'>xxiii,</span> <span class='ocrx_word' id='word_1_660' title='bbox 1689 3323 1715 3361; x_wconf 77' lang='lat'><em>2</em></span> <span class='ocrx_word' id='word_1_661' title='bbox 1742 3319 1887 3360; x_wconf 89' lang='lat' dir='ltr'>bellum</span> <span class='ocrx_word' id='word_1_662' title='bbox 1915 3320 1941 3366; x_wconf 86' lang='lat' dir='ltr'>i,</span> <span class='ocrx_word' id='word_1_663' title='bbox 1962 3323 1986 3359; x_wconf 79' lang='lat'>:3</span> 
     </span>
     <span class='ocr_line' id='line_1_118' title="bbox 1171 3372 1989 3421; baseline -0.005 -6"><span class='ocrx_word' id='word_1_664' title='bbox 1171 3382 1265 3415; x_wconf 80' lang='lat' dir='ltr'>terra</span> <span class='ocrx_word' id='word_1_665' title='bbox 1285 3382 1327 3414; x_wconf 93' lang='lat' dir='ltr'>et</span> <span class='ocrx_word' id='word_1_666' title='bbox 1345 3374 1438 3413; x_wconf 87' lang='lat' dir='ltr'>mari</span> <span class='ocrx_word' id='word_1_667' title='bbox 1465 3373 1507 3420; x_wconf 88' lang='lat' dir='ltr'>ii,</span> <span class='ocrx_word' id='word_1_668' title='bbox 1525 3376 1564 3414; x_wconf 83' lang='lat'>2.</span> <span class='ocrx_word' id='word_1_669' title='bbox 1594 3372 1671 3421; x_wconf 76' lang='lat' dir='ltr'>xxi,</span> <span class='ocrx_word' id='word_1_670' title='bbox 1693 3378 1714 3414; x_wconf 90' lang='lat'>1</span> <span class='ocrx_word' id='word_1_671' title='bbox 1745 3373 1884 3413; x_wconf 78' lang='lat' dir='ltr'>inferre</span> <span class='ocrx_word' id='word_1_672' title='bbox 1909 3374 1989 3412; x_wconf 89' lang='lat' dir='ltr'>bel-</span> 
     </span>
     <span class='ocr_line' id='line_1_119' title="bbox 1170 3425 1988 3481; baseline -0.005 -15"><span class='ocrx_word' id='word_1_673' title='bbox 1170 3427 1308 3467; x_wconf 88' lang='lat' dir='ltr'>lumin</span> <span class='ocrx_word' id='word_1_674' title='bbox 1326 3425 1477 3466; x_wconf 81' lang='lat' dir='ltr'>Italiam</span> <span class='ocrx_word' id='word_1_675' title='bbox 1507 3426 1632 3481; x_wconf 86' lang='lat' dir='ltr'>(bello</span> <span class='ocrx_word' id='word_1_676' title='bbox 1659 3427 1811 3466; x_wconf 86' lang='lat' dir='ltr'>ltaliam</span> <span class='ocrx_word' id='word_1_677' title='bbox 1843 3435 1988 3478; x_wconf 81' lang='lat' dir='ltr'>petere,</span> 
     </span>
     <span class='ocr_line' id='line_1_120' title="bbox 1171 3479 1987 3533; baseline -0.002 -15"><span class='ocrx_word' id='word_1_678' title='bbox 1171 3481 1231 3520; x_wconf 87' lang='lat' dir='ltr'>vel</span> <span class='ocrx_word' id='word_1_679' title='bbox 1261 3494 1346 3521; x_wconf 89' lang='lat' dir='ltr'>eam</span> <span class='ocrx_word' id='word_1_680' title='bbox 1378 3481 1508 3520; x_wconf 85' lang='lat' dir='ltr'>sedem</span> <span class='ocrx_word' id='word_1_681' title='bbox 1540 3480 1640 3520; x_wconf 88' lang='lat' dir='ltr'>bello</span> <span class='ocrx_word' id='word_1_682' title='bbox 1674 3480 1822 3533; x_wconf 77' lang='lat' dir='ltr'>legere)</span> <span class='ocrx_word' id='word_1_683' title='bbox 1852 3479 1941 3523; x_wconf 78' lang='lat' dir='ltr'>xxii,</span> <span class='ocrx_word' id='word_1_684' title='bbox 1961 3482 1987 3517; x_wconf 82' lang='lat'>4</span> 
     </span>
    </p>
   </div>
   <div class='ocr_carea' id='block_1_6' title="bbox 1006 3546 1884 3600">
    <p class='ocr_par' dir='ltr' id='par_1_36' title="bbox 1006 3546 1884 3600">
     <span class='ocr_line' id='line_1_121' title="bbox 1006 3546 1884 3600; baseline -0.007 -12"><span class='ocrx_word' id='word_1_685' title='bbox 1006 3549 1027 3588; x_wconf 90' lang='lat'><em>1</em></span> <span class='ocrx_word' id='word_1_686' title='bbox 1028 3550 1092 3589; x_wconf 80' lang='lat' dir='ltr'>nd.</span> <span class='ocrx_word' id='word_1_687' title='bbox 1115 3548 1213 3600; x_wconf 83' lang='lat' dir='ltr'>Nep.</span> <span class='ocrx_word' id='word_1_688' title='bbox 1628 3559 1631 3562; x_wconf 58' lang='lat'><strong>⁴</strong></span> <span class='ocrx_word' id='word_1_689' title='bbox 1870 3546 1884 3582; x_wconf 78' lang='lat' dir='ltr'>l</span> 
     </span>
    </p>
   </div>
  </div>
 </body>
</html>
