2306 3900
289 254 450 309 lxxiv

347 400 549 447 nunquam
571 393 676 441 emit.
731 392 835 431 Nam
857 393 887 432 si
917 392 1077 445 quando
1105 393 1175 431 bo-

346 462 397 488 na
418 448 716 501 proscriptorum
736 447 954 486 hostiurnve
970 446 1176 493 manubiae,

347 511 415 541 aut
435 502 575 552 praedae
591 501 746 540 venales
767 501 907 546 forent,
924 501 1177 553 vectigaliave

349 558 582 601 locarentur,
628 568 720 594 usus
756 554 940 601 obtinuit,
989 563 1032 593 ut
1068 555 1180 594 hasta

346 610 473 661 posita
501 608 691 655 venirent,
720 621 809 662 quae
839 614 851 631 ‘
872 608 1042 660 publica’
1074 609 1180 648 dicta

347 671 421 711 est,
450 669 495 701 ut
525 663 644 702 habet
673 662 788 702 Alex.
823 663 872 701 ab
901 661 1017 701 Alex.
1046 662 1115 700 lib.
1141 666 1181 702 3.

351 731 438 770 cap.
459 721 525 758 16.
561 717 671 756 Add.
691 716 897 756 Keuchen.
917 717 967 755 ad
988 717 1026 755 h.
1047 716 1097 770 l.)

294 772 448 812 Hastile
476 785 539 818 xv,
559 775 586 812 9
1038 788 1042 793 ¹

295 825 577 878 Hellespontus
596 825 735 878 (morlo
755 824 895 863 fretum
911 824 1011 863 inter
1029 823 1181 863 Sestum

348 886 389 919 et
409 880 598 933 Abydum
618 878 827 930 significat,
847 879 964 916 modo
985 876 1180 929 regionem

349 935 449 972 freto
483 932 760 985 adjacentem,
803 931 896 971 inde
933 945 956 970 a
993 930 1181 971 Dardano

349 1000 473 1039 usque
489 988 539 1025 ad
553 985 766 1039 Cyzicum)
785 1000 794 1023 :
825 998 940 1037 quem
961 990 1120 1036 pontem
1140 985 1182 1023 in

351 1041 614 1092 Hellesponto
651 1040 798 1079 fecerat
825 1040 867 1085 ii,
896 1044 920 1078 5
969 1052 1058 1091 quae
1095 1052 1182 1091 pars

350 1095 457 1134 Asiae
489 1095 591 1134 inter
619 1093 788 1133 Taurum
807 1098 980 1132 montem
994 1092 1104 1145 jacet
1122 1100 1181 1132 at-

351 1163 428 1201 que
441 1148 741 1201 Hellespontum
772 1146 914 1194 xviii‚3
945 1146 1180 1199 Hellespon-

352 1211 435 1242 tum
472 1203 606 1254 copias
642 1201 797 1254 trajecit
833 1201 924 1246 xvii,
954 1204 980 1240 4
1027 1200 1182 1240 Helles-

350 1263 494 1309 pontus
539 1256 731 1296 descierat
775 1254 848 1307 (ab
885 1254 1182 1307 Atheniensib.)

351 1312 433 1358 xiii,
454 1315 477 1351 3
519 1310 821 1361 Hellespontum
840 1315 1041 1360 receperat
1068 1309 1136 1354 vii,
1154 1314 1178 1348 5

352 1365 588 1406 Pausaniam
600 1364 901 1415 Hellespontum
914 1363 1101 1402 miserunt
1129 1364 1180 1410 iv,

298 1474 463 1513 Helotes
493 1471 673 1526 (εἵλωτες
704 1470 784 1509 Ms.
816 1469 922 1508 Dan.
953 1469 1082 1508 Illotae
1111 1483 1181 1521 pro

352 1528 492 1577 Ilotae;
521 1525 620 1565 servi
649 1522 1055 1574 Lacedaemoniorum)
1082 1523 1136 1570 iv,
1156 1527 1180 1564 3

353 1583 427 1635 (de
446 1581 554 1635 quib.
569 1593 606 1618 v.
625 1579 718 1618 Nic.
734 1577 849 1630 Crag.
869 1578 919 1616 de
936 1590 1018 1630 rep.
1034 1578 1181 1616 Laced.

346 1636 381 1682 i,
404 1639 468 1680 11.
497 1634 590 1674 add.
608 1632 713 1672 Ubb.
741 1630 868 1669 Erum.
887 1637 980 1670 torn.
997 1634 1036 1671 3.
1055 1630 1184 1670 Graec.

351 1696 432 1728 vet.
466 1702 508 1740 p.
543 1690 638 1727 139.
667 1699 749 1737 seq.
780 1690 821 1723 et
850 1685 962 1736 Mag.
982 1696 1028 1723 ac
1047 1684 1184 1723 Lamb.

354 1743 404 1782 ad
419 1743 458 1781 h.
478 1742 504 1780 l.
523 1741 673 1780 Meurs.
694 1739 866 1777 Miscell.
886 1738 980 1777 Lac.
1005 1737 1050 1785 ii,
1067 1738 1118 1791 6)

300 1796 465 1836 Helvius
485 1796 532 1836 C.
562 1795 664 1840 xxiv,
685 1798 704 1834 1
749 1792 863 1846 (alii:
895 1791 1049 1846 AElius)

299 1851 618 1896 Hemerodromoe
637 1846 788 1900 (Graec.
807 1845 1074 1900 ἧμερόδρομοι)
1111 1847 1138 1894 i,
1159 1850 1184 1887 4

353 1905 416 1958 (q.
435 1905 476 1943 d.
506 1908 516 1927 ‘
531 1914 704 1942 cursores
721 1900 861 1940 diarii:
890 1900 970 1940 vid.
988 1901 1128 1940 Suidas
1146 1907 1186 1940 et

355 1965 439 1998 not.
459 1957 599 1997 Primae
632 1955 719 2008 ejus
750 1955 919 1994 muneris
952 1960 1096 2007 partes,
1125 1956 1186 1994 in·

301 2033 305 2038 <
355 2013 442 2065 quit
459 2011 498 2052 J.
516 2010 629 2050 Rave
647 2009 690 2049 in
707 2021 848 2049 comm.
874 2009 925 2048 ad
950 2009 990 2047 h.
1021 2009 1063 2056 1.,
1093 2009 1185 2048 olim

355 2068 398 2105 in
436 2080 485 2106 eo
522 2066 606 2104 sitae
644 2069 768 2110 erant,
805 2068 817 2086 ‘
843 2069 884 2102 ut
920 2063 993 2102 sub
1031 2075 1188 2102 manum

356 2120 584 2160 annunciari
621 2117 884 2170 cognoscique
921 2117 1060 2169 possit,
1091 2118 1188 2169 quid

357 2173 539 2227 geratur,’
568 2173 778 2224 interprete
802 2171 1004 2210 Suetonio.
1061 2169 1189 2211 Nobis

355 2229 489 2274 hodie,
518 2228 571 2271 118
586 2225 716 2278 {Bnsst
747 2224 1074 2278 Antiquissimum
1095 2238 1188 2266 sane

357 2282 594 2321 institutum.
651 2280 854 2318 Persarum
887 2278 1017 2325 initio,
1046 2279 1187 2330 quibus

357 2335 507 2387 Angari
539 2341 579 2373 et
616 2331 804 2371 Astandae
840 2330 964 2381 dicti3
992 2333 1042 2371 de
1079 2332 1187 2384 quib.

356 2388 552 2428 Herodot.
566 2386 650 2431 viii,
667 2389 736 2426 98.
764 2385 947 2436 Xenoph.
964 2386 1059 2438 Cyr.
1076 2386 1187 2425 Paed.

356 2442 426 2481 lib.
455 2440 535 2487 viii,
555 2444 593 2481 3.
627 2439 786 2487 Deinde
807 2439 1046 2486 Graecorum,
1075 2445 1120 2478 ut
1147 2440 1187 2479 h.

358 2496 385 2534 l.
403 2495 581 2535 Tandem
609 2494 660 2533 ab
690 2492 871 2546 Augusto
904 2492 954 2532 ad
985 2492 1188 2532 Romanos

357 2550 602 2594 translatum,
646 2547 697 2587 de
735 2560 812 2600 quo
857 2551 986 2600 operae
1022 2547 1188 2599 pretium

356 2610 418 2643 est
430 2603 562 2643 videre
576 2603 737 2642 Sueton.
754 2602 798 2648 ii,
810 2604 879 2642 49.
909 2607 949 2640 et
965 2600 1188 2654 Symmacb.

355 2657 433 2710 Ep.
463 2673 499 2705 x,
519 2660 586 2698 3⁷.
638 2655 674 2694 E
693 2655 936 2696 recentiorib.
956 2668 995 2693 v.
1016 2655 1188 2695 Brisson.

359 2713 410 2751 de
442 2724 550 2764 regn.
581 2711 690 2750 Pers.
715 2722 807 2763 pag.
828 2713 919 2752 147.
950 2709 1119 2750 Casaub.
1137 2711 1187 2748 ad

359 2765 467 2805 Suet.
487 2766 513 2805 1.
531 2766 572 2804 d.
591 2764 699 2816 Lips.
716 2770 866 2804 centur.
885 2763 1010 2815 Epist.
1029 2764 1078 2803 ad
1098 2763 1190 2803 Ital.

360 2826 402 2859 et
419 2819 535 2871 Hisp.
554 2822 621 2860 59.
641 2831 732 2872 pag.
750 2819 853 2869 363)

305 2873 538 2925 Hephaestio
567 2872 699 2925 magni
723 2871 934 2911 aestimatur
953 2873 1002 2911 ab
1021 2870 1189 2911 Alexan-

361 2928 431 2967 dro
459 2927 566 2973 xviii,
585 2931 611 2967 2

306 2979 535 3021 Heraclides
553 2980 782 3020 interficitur
808 2994 846 3027 x,
866 2985 892 3020 6

305 3033 511 3083 Hercules,
530 3048 579 3074 ex
594 3034 775 3074 Herculis
791 3032 976 3087 progenie
995 3034 1190 3086 principes

359 3089 452 3136 xvii,
472 3093 495 3131 1
535 3088 724 3128 Hercules
754 3087 895 3128 Graius
921 3093 1012 3127 ante
1036 3086 1190 3126 Hanni-

361 3143 488 3182 balem
529 3142 649 3196 Alpes
684 3154 773 3182 cum
822 3141 992 3181 exercitu
1039 3140 1191 3180 transiit

360 3197 470 3243 xxiii,
493 3201 517 3238 3
566 3215 567 3218 ¹
608 3219 609 3222 =
1124 3203 1127 3207 '

310 3246 475 3288 Hermes
503 3250 723 3290 Andocidis
750 3250 818 3297 vii,
838 3253 865 3290 3
910 3250 1066 3296 hermae,
1093 3249 1190 3289 ibid.

363 3302 532 3353 (Statuas
562 3311 673 3342 erant
699 3302 956 3344 Mercuriales
989 3304 1190 3356 quadratae

363 3354 446 3395 sine
483 3357 660 3396 manibus
689 3363 729 3396 et
759 3358 940 3410 pedibus,
969 3358 1020 3397 de
1049 3358 1191 3410 quibus

359 3408 451 3449 vide
468 3410 741 3463 Thucydidem
762 3412 828 3449 lib.
847 3416 888 3451 6.
909 3417 948 3451 et
966 3411 1052 3463 ejus
1069 3412 1192 3450 Scho—

362 3462 516 3503 liasten.
546 3463 682 3502 Boecl.
702 3464 819 3503 Adde
831 3465 990 3504 Suidam
1004 3471 1044 3503 et
1059 3465 1191 3518 Magi-

364 3530 442 3564 um,
462 3517 693 3558 Lambinum
718 3523 758 3557 et
786 3517 1060 3558 Keuchenium
1081 3519 1130 3558 ad
1151 3520 1190 3558 h.

1114 266 1313 306 INDEX

1295 391 1321 429 l.
1353 391 1523 445 itemque
1558 390 1700 444 Figrel.
1731 392 1782 431 de
1815 392 1951 432 statuis
1981 391 2122 432 illustr.

1293 444 1411 485 Rom.
1431 459 1518 498 cap.
1540 450 1604 487 17.
1633 447 1847 499 Syntagma
1875 446 1926 485 de
1954 445 2122 494 Hermis,

1294 499 1583 548 Hermatlienis‚
1614 500 1854 539 Hermerotis
1887 506 1928 539 et
1959 499 2123 539 Henne-

1295 553 1408 594 raclis
1427 554 1611 594 affectum
1638 553 1818 592 habuisse
1837 553 2014 593 Felicem
2033 554 2125 593 Osi-

1297 620 1378 655 um,
1424 609 1534 648 disco
1571 622 1619 647 ex
1649 607 1786 660 elogiis
1822 607 1918 646 Jac.
1947 607 2126 660 Philippi

1294 660 1493 701 Tomasini
1511 676 1522 712 3
1551 663 1619 701 sed
1639 661 1772 701 nescio
1792 673 1842 699 an
1861 661 2068 715 prodierit)

1243 712 1509 756 Hermodorus
1528 716 1774 763 Salaminius,
1795 715 1857 756 Fr.
1878 718 1926 755 11
2070 731 2073 735 ·

1243 767 1440 809 Hetaerice
1468 770 1575 817 xviii,
1611 775 1633 810 1
1682 770 1759 821 (ita
1795 770 2005 808 vocabatur
2040 769 2125 808 haec

1298 821 1360 860 ala
1377 823 1553 875 equitum
1586 835 1650 874 ap.
1683 822 1846 861 Maced.
1875 824 1924 862 ab
1955 822 2128 862 amicitia

1297 882 1339 915 et
1371 877 1493 916 veluti
1532 877 1740 916 sodalitate
1785 876 1903 928 regia.
1937 877 2018 917 vid.
2064 890 2125 916 uae

1297 928 1510 969 Lambinus
1528 930 1617 970 heic
1634 929 1846 982 congessit.
1863 929 2002 970 Boecl.
2052 938 2053 942 ’
2077 931 2127 970 ‘ci

1300 982 1463 1023 Arriano
1491 985 1555 1023 lib.
1575 989 1615 1024 5.
1635 985 1789 1023 videtur
1805 986 1885 1023 τῶν
1903 983 2065 1037 ἑταίρων
2079 985 2128 1023 τὸ

1299 1036 1447 1090 ἄγημα,
1464 1044 1506 1077 et
1523 1038 1590 1077 lib.
1608 1043 1648 1079 6.
1663 1038 1782 1078 ἵππος
1799 1036 2039 1091 ἦὲταιριίιή)

1244 1088 1449 1139 Hic‚-haec,
1463 1092 1538 1131 hoc
1552 1092 1787 1145 (pronomen
1802 1092 2124 1132 demonstrativo-

1299 1146 1522 1199 relativum)
1551 1148 1651 1186 falsa
1678 1145 1739 1186 his
1766 1158 1852 1186 esse
1864 1146 2001 1186 'delata
2029 1158 2128 1186 con·

1298 1200 1428 1239 tendit
1455 1201 1496 1248 ii,
1527 1204 1552 1240 7
1619 1201 1660 1239 in
1696 1200 1756 1239 his
1786 1200 1898 1239 bonis
1926 1200 2128 1253 ingenium

1298 1254 1428 1294 docile
1456 1259 1533 1303 x‚l
1582 1254 1801 1307 complures
1831 1255 1946 1294 urbes
1977 1266 2127 1307 expug-

1299 1315 1513 1358 naverant3
1541 1308 1580 1346 in
1601 1310 1663 1348 his
1682 1308 1921 1361 Byzantium
1941 1308 2007 1356 vii,
2025 1313 2050 1348 6
2079 1309 2130 1347 ab

1297 1363 1374 1402 hoc
1393 1369 1524 1403 tamen
1543 1363 1624 1402 viro
1640 1363 1815 1410 ‚Scismas
1834 1361 1975 1403 desciit
2001 1363 2080 1408 xiV,
2099 1366 2125 1403 ⁷

1298 1416 1390 1456 huic
1409 1417 1489 1464 ille,
1507 1416 1623 1463 fallis,
1639 1417 1768 1469 inquit
1794 1429 1857 1462 xv,
1874 1422 1898 1456 5
1928 1417 2131 1468 imperium

1298 1469 1358 1508 his
1377 1477 1459 1509 erat
1478 1471 1704 1522 abrogatum
1735 1483 1798 1517 xv,
1817 1473 1843 1509 7
1883 1471 1983 1510 hanc
2003 1470 2129 1522 legem

1299 1536 1387 1562 cum
1424 1523 1627 1576 reipublic.
1659 1537 1777 1564 causa
1808 1523 1926 1562 latam
1965 1524 2131 1574 videret,

1299 1576 1395 1616 ibid.
1437 1578 1610 1616 omnium
1642 1579 1703 1618 his
1731 1577 1970 1629 temporibus
1989 1583 2130 1630 poten-

1301 1630 1470 1670 tissimus
1484 1630 1573 1669 Rex
1600 1631 1707 1679 xxiii,
1724 1634 1750 1671 2
1780 1638 1897 1682 atque
1914 1632 1979 1671 hic
1997 1638 2129 1671 tantus

1302 1683 1361 1722 vir
1379 1685 1574 1737 tantisque
1592 1684 1704 1725 bellis
1723 1685 1920 1738 districtus
1946 1685 2057 1732 xxiii,
2077 1689 2128 1726 13

1302 1745 1393 1777 sunt
1409 1738 1560 1791 aliquot
1574 1739 1660 1792 ejus
1678 1739 1765 1778 libri
1784 1753 1794 1787 3
1820 1738 1862 1777 in
1879 1739 2004 1778 his-ad
2018 1738 2130 1778 Rho-

1302 1791 1388 1831 dios
1417 1793 1467 1832 de
1498 1793 1573 1833 Cn.
1592 1793 1736 1832 Manlii
1755 1792 1943 1833 Vulsonis
1960 1792 2002 1832 in
2031 1793 2130 1832 Asia

1302 1846 1415 1886 rebus
1445 1847 1578 1899 gestis,
1608 1847 1705 1886 ibid.
1745 1846 1864 1899 hujus
1890 1846 1992 1886 bella
2023 1854 2132 1900 gesta

1300 1901 1414 1940 multi
1428 1900 1621 1941 memoriae
1639 1899 1908 1954 prodiderunt,
1926 1901 2022 1940 ibid.

1247 1952 1410 1995 Hicetas
1425 1955 1595 1995 vincitur
1621 1969 1687 2002 xx,
1702 1959 1729 1997 2
1844 1967 1846 1969 ’
2041 1980 2045 1983 ⁴
2070 1957 2075 1977 ³

1247 2007 1538 2062 Hierophantes
1565 2010 1644 2058 xvi,
1663 2013 1688 2050 3
1746 2010 1892 2063 (genus
1922 2009 2130 2050 sacerdotii

1303 2061 1568 2103 Atheniensis.
1594 2077 1630 2102 v.
1649 2062 1765 2103 Alex.
1791 2065 1842 2104 ab
1861 2063 1977 2104 Alex.
2002 2063 2070 2103 lib.
2089 2067 2132 2111 4,

1304 2120 1345 2157 ⁷.
1392 2117 1459 2158 lib.
1478 2123 1518 2166 5,
1537 2122 1601 2159 17.
1643 2118 1737 2157 add.
1767 2118 1918 2169 Meurs.
1952 2117 2131 2157 Eleusin.

1304 2183 1393 2224 cap.
1423 2175 1487 2213 13.
1527 2172 1788 2212 Elmenhorst.
1817 2179 1859 2211 et
1887 2171 2049 2213 Herald.
2081 2172 2132 2211 ad

1306 2225 1373 2265 lib.
1406 2230 1446 2266 5.
1487 2225 1669 2272 Amobii,
1703 2233 1743 2266 et
1776 2225 1865 2266 Jac.
1898 2226 2134 2266 Gothofoed.

1304 2286 1388 2318 not.
1408 2281 1460 2318 ad
1474 2280 1520 2319 L.
1537 2285 1602 2321 14.
1631 2280 1732 2320 Cod.
1746 2280 1900 2320 Theod.
1912 2281 1963 2320 de
1982 2281 2134 2331 Pagan.

1306 2332 1432 2372 sacrif.
1443 2339 1483 2372 et
1495 2334 1652 2385 templ.:
1674 2334 1742 2386 qui
1757 2334 1944 2386 pleraque
1960 2339 2134 2372 veterum

1307 2384 1393 2425 loca
1410 2386 1672 2438 collegerunt)

1250 2437 1435 2479 Hilaritas
1477 2441 1495 2489 (
1502 2440 1680 2494 voluptas
1723 2439 1842 2479 animi
1876 2453 1925 2479 ex
1969 2438 2133 2479 ridiculo

1305 2491 1403 2546 &c.)
1429 2507 1492 2541 xv,
1514 2498 1540 2534 8

1250 2544 1499 2599 Hipponicus
1528 2547 1594 2596 vii,
1612 2552 1640 2589 2

1251 2598 1493 2654 Hipparinus
1521 2616 1559 2650 x,
1580 2606 1603 2644 1
1909 2623 1911 2626 ·

1252 2653 1388 2707 Hippo
1418 2656 1550 2703 xxii,2
1590 2655 1712 2710 (Urbs
1732 2655 1998 2695 valentissima
2015 2654 2136 2695 totius

1305 2708 1466 2757 Africae,
1503 2721 1591 2763 quae
1632 2709 1826 2757 Diodoro,
1863 2710 2064 2762 Stephano
2097 2716 2139 2749 et

1306 2763 1392 2802 aliis
1410 2764 1639 2818 Hippuacra
1658 2763 1815 2804 dicitur.
1852 2763 2047 2810 ‚Ceterum
2077 2763 2135 2802 la·

1308 2824 1388 2858 tere
1418 2819 1459 2857 in
1491 2819 1681 2872 Hippone
1708 2818 1912 2869 barbarum
1943 2829 2086 2856 nomen
2113 2830 2137 2856 a

1308 2871 1458 2912 Graecis
1490 2872 1768 2926 interpolatum
1794 2872 2015 2924 suspicatur
2029 2870 2135 2910 Sam.

1308 2926 1526 2967 Bochartus
1555 2926 1701 2980 Geogr.
1729 2926 1835 2966 Sacr.
1866 2931 1966 2978 part.
1991 2930 2138 2978 poster.

1308 2980 1375 3019 lib.
1396 2985 1433 3021 1.
1448 2994 1495 3021 ca
1528 3011 1536 3020 .
1557 2984 1610 3021 24
2064 2986 2067 2988 ’

1253 3031 1368 3073 Hirta
1403 2995 1534 3075 tuniga
1569 2979 1754 3088 (hirsuta,
1789 3032 1968 3085 hispida)
1994 3032 2074 3079 xiv,
2109 3033 2135 3072 8

1307 3088 1392 3142 (Sic
1412 3104 1421 3128 ε
1463 3094 1478 3112 ⁴
1499 3088 1600 3127 hirta
1615 3087 1726 3140 toga’
1764 3087 1871 3140 apud
1897 3086 1967 3126 Sil.
1985 3085 2078 3127 Ital.
2105 3085 2135 3132 i,

1308 3146 1350 3188 6,
1371 3146 1437 3183 10.
1478 3149 1520 3181 et
1552 3143 1594 3181 in
1623 3141 1781 3194 dialogo
1817 3141 1869 3180 de
1901 3153 2009 3181 caus.
2036 3151 2136 3179 corr.

1308 3196 1411 3249 eloq.
1430 3195 1596 3250 xxvi,·2)
1674 3220 1676 3224 v
2013 3207 2016 3212 '
2066 3205 2071 3212 “

1253 3247 1448 3303 Hispania
1462 3251 1616 3290 citerior
1641 3249 1745 3295 xxiv,
1761 3252 1788 3289 2
1832 3249 1880 3302 (i.
1899 3262 1935 3288 e.
1951 3247 2135 3287 Tarraco·

1308 3305 1439 3344 nensis
1458 3304 1671 3356 provincia.
1720 3304 1822 3343 Cum
1840 3302 1946 3342 enim
1964 3300 2135 3353 antiqui-

1310 3365 1372 3398 tus
1398 3359 1439 3397 in
1458 3364 1534 3398 tres
1563 3363 1692 3411 partes
1711 3357 1836 3396 divisa
1859 3360 1961 3395 esset
1988 3353 2134 3407 Hispa·

1309 3413 1388 3460 nia,
1409 3426 1432 3451 a
1445 3412 1636 3452 Romanis
1647 3416 1783 3464 postea
1794 3410 1835 3448 in
1849 3409 1961 3455 duas,
1972 3408 2136 3449 Citerio-

1310 3480 1388 3505 rem
1420 3473 1461 3506 et
1489 3465 1735 3515 Ulteriorem,
1762 3475 1850 3516 quae
1879 3462 2066 3503 Baeticam
2094 3470 2136 3502 et

1310 3519 1549 3560 Lusitaniam
1575 3525 1745 3558 veterum
1771 3516 2134 3570 complectitursdi·
