2306 3900
791 263 1010 303 RERUM
1056 263 1130 302 1'1·
1171 263 1540 305 VERBORUM.

291 387 334 439 ii,
347 390 416 434 27,
437 390 462 427 2
506 393 518 411 ‘
535 387 660 439 gravis
691 387 867 439 alioquin
886 388 1025 427 seditio
1045 402 1112 427 ex-

289 441 462 488 amarat:
479 448 520 480 et
530 441 626 480 ibid.
641 441 796 487 xxxviii,
811 445 838 481 2
857 447 868 463 ‘
883 442 1004 492 prima
1019 442 1118 480 inter

286 501 416 590 m?
435 495 668 558 plebemque
685 494 895 588 “fimtmainff
920 495 1119 587 egarsere)

398 562 502 589 icero
531 561 687 601 passim.
765 561 788 588 e
830 561 856 601 p
889 577 898 589 .
918 561 942 587 a
984 561 1118 588 incen-

288 601 358 641 dio
375 602 576 654 desumta)

235 655 421 696 Exaudiri
438 654 531 696 foris
550 655 679 709 potuit
706 670 745 702 x,
762 659 790 696 9

232 708 434 753 Excedam
450 723 498 751 ex
517 710 601 750 acie
614 709 719 757 xxiii,
739 713 766 750 6
790 720 838 749 ex
858 709 991 761 praelio
1011 709 1119 756 xviii,

286 766 313 803 4
357 764 433 816 (de
467 763 610 804 sauciis
641 769 710 803 aut
744 763 902 816 pulsis).
925 764 1119 804 excedere

286 829 421 869 pugna
437 816 667 871 (desistere)
694 831 759 864 xv,
776 821 805 858 9

230 869 434 912 Excellere
450 872 688 912 abstinentia
712 872 769 918 iii,
789 876 811 912 l
854 870 1049 911 excellens
1078 871 1119 910 in

285 924 392 964 vitiis
409 931 450 965 et
467 926 672 965 virtutibus
699 926 767 974 vii,
786 930 808 966 1
836 925 1031 965 excellens
1049 925 1119 964 bo·

278 978 388 1021 nitas
428 993 492 1026 xx,
517 985 543 1021 ⁵
591 979 828 1020 excellentes
845 976 1118 1032 Imperatore3‚

286 1032 404 1072 Prarf.
445 1033 516 1074 viri
544 1047 606 1081 xv,
623 1037 650 1075 4
678 1031 994 1074 excellentissimi
1009 1035 1118 1084 reges

284 1087 364 1133 xxi,
378 1090 402 1127 1

230 1137 479 1180 Excellenter
496 1141 746 1192 pronuntiare
774 1154 874 1187 xxxv,v
885 1145 906 1181 1

227 1191 422 1247 Excipere
439 1194 609 1234 hostiurn
627 1194 819 1248 impetum
843 1194 970 1247 (hosti
989 1196 1116 1236 incur-

280 1249 381 1288 renti
398 1261 443 1288 sc
459 1247 654 1301 objicere)
682 1249 748 1296 xii,
771 1254 792 1289 l
833 1249 1012 1300 excipere
1047 1263 1118 1289 na-

285 1307 435 1342 tantem
454 1301 697 1355 (suscipere)
726 1303 795 1350 xii,
814 1306 839 1343 4
860 1301 962 1354 (vid.
982 1303 1119 1343 Gifan.

282 1356 436 1396 observ.
456 1356 503 1395 L.
523 1356 567 1396 L.
588 1368 678 1409 pag.
709 1356 799 1406 8¹7).
844 1357 1024 1408 excipere
1048 1359 1118 1398 has

283 1415 417 1461 partes
446 1410 510 1464 (in
534 1424 577 1451 se
604 1411 801 1461 suscipere
826 1410 1051 1464 negotium)
1077 1423 1116 1457 x,

226 1494 229 1496 -
280 1465 312 1503 Β
338 1463 526 1503 iuvidiam
552 1464 724 1518 (subire)
771 1465 848 1510 xiv,
880 1468 906 1504 5
945 1465 1118 1518 exceptis

282 1516 506 1558 Hamilcare
530 1525 572 1557 et
589 1517 828 1564 Hannibale,
861 1517 918 1556 vir
943 1519 1116 1558 omnium

280 1571 527 1612 barbarorum
545 1572 774 1611 fortissimus
803 1572 880 1618 xiv,
901 1576 924 1612 1

228 1624 368 1666 Excire
393 1627 564 1680 aliquem
583 1626 716 1678 aliquo
735 1625 942 1678 (evocare)
969 1625 1075 1672 xxiii,
1091 1629 1117 1666 8

228 1678 408 1720 Excitare
434 1681 606 1733 aliquem
640 1681 824 1719 adversus
851 1679 943 1732 aliq.
984 1678 1117 1732 (insti-

282 1733 395 1786 gare)
423 1734 530 1780 xxiii,
551 1737 603 1774 lo
630 1733 746 1773 risum
766 1733 884 1773 alicui
910 1733 960 1786 (i.
978 1747 1014 1772 e.
1033 1747 1117 1772 mo-

282 1788 394 1839 vere)
412 1788 520 1835 xxiii,
540 1791 591 1828 11
618 1785 706 1841 (Sic
721 1787 762 1826 in
780 1788 886 1840 vulg.
905 1787 997 1827 edd.
1017 1801 1027 1827 t
1047 1789 1116 1827 sed

225 1867 229 1870 -
282 1854 356 1881 uos
367 1841 563 1881 edidimus
575 1854 623 1880 ex
636 1841 681 1880 M
686 1854 718 1880 s.
732 1841 884 1888 Boecl„
897 1841 1116 1894 concitare)

230 1895 399 1937 Excludi
417 1895 544 1936 reditu
563 1894 761 1934 inAsiam
788 1895 871 1942 ii,5
913 1894 1016 1948 (Sic,
1049 1895 1117 1936 Ci-

280 1962 372 1991 cero
388 1948 544 1990 Verrin.
560 1953 600 1990 3.
613 1954 627 1972 ⁸
642 1948 830 2003 angustiis
847 1949 1034 2002 temporis
1049 1962 1116 1989 ex-

286 2003 408 2044 cludi'

225 2003 460 2111 Excogioeie
471 2055 707 2111 (respondet
717 2055 968 2096 Aristotelico
982 2055 1118 2109 ἐξευρί-

280 2124 406 2205 egre-qi,
437 2111 717 2203 quel-facusstas
747 2111 924 2204 expeqiti
952 2111 994 2149 in
1025 2117 1118 2203 acutia

283 2177 368 2259 ΞΕ
388 2164 835 2272 ἒῖἧίἷῑέἕ.ᾱ3.)(ἒίἑ
854 2177 1118 2271 ...ἔξῗὲἕὲη-

279 2279 402 2313 vento
431 2273 631 2314 firmandae
648 2270 861 2312 molitionis
887 2271 1116 2325 cujusdam)

281 2339 372 2373 xxV,
387 2331 414 2367 8
441 2325 666 2380 (Boecler.)

226 2379 487 2422 Excursiones
502 2377 615 2434 (quae
633 2378 777 2432 praedae
801 2379 853 2418 ab
869 2379 983 2419 hoste
996 2391 1116 2432 agen-

282 2436 346 2474 doe
362 2446 482 2475 causa
494 2433 597 2474 fiunt
612 2433 719 2487 scil.)
758 2432 787 2480 i.
801 2437 827 2474 2
870 2433 1115 2473 barbarorum

280 2488 325 2536 ii,
342 2493 371 2529 6

226 2542 422 2582 Excutere
439 2539 620 2580 sudorem
647 2538 756 2585 xviii,
774 2544 798 2579 5

228 2595 462 2648 Exemplum
482 2593 704 2634 devotionis
725 2593 775 2646 (i.
797 2605 835 2632 e.
852 2592 1018 2632 formula
1045 2593 1115 2633 de-

282 2649 441 2702 scripta,
465 2647 691 2700 descriptio,
722 2644 974 2700 ἀπόγραφον)
1002 2646 1070 2694 vii,
1088 2651 1115 2688 4

281 2702 505 2756 exemplum
553 2701 737 2741 bonitatis
772 2699 897 2740 Attici
935 2713 1027 2748 xxm
1064 2705 1116 2742 10

281 2769 393 2797 exem
439 2769 505 2796 um
530 2768 544 2794 ι
576 2769 636 2794 rus
663 2761 812 2794 utinam
918 2767 958 2794 m
990 2766 1045 2794 rm
1075 2768 1116 2795 e-

396 2756 436 2809 pl
534 2754 587 2794 Ἢ.
710 2755 720 2764 .
846 2767 915 2807 seq
946 2755 956 2764 .
994 2752 1003 2762 .
1046 2766 1074 2808 p

283 2818 430 2852 ratores
446 2810 567 2850 nostri
580 2809 794 2849 voluisseut
820 2809 914 2855 xvii,
930 2812 958 2850 4
985 2821 1116 2849 exem·
1157 2830 1159 2833 .

284 2865 342 2918 pli
374 2864 499 2918 gratia
523 2863 693 2917 proferre
733 2862 787 2910 vi,
803 2866 832 2903 2
876 2862 988 2918 (Cic.
1016 2861 1118 2902 solet

283 2919 448 2960 dicere:
479 2917 648 2970 exempli
682 2929 816 2957 causa.
857 2921 903 2956 ut
934 2915 1004 2957 Or.
1045 2929 1117 2970 pro

287 2972 396 3012 Mur.
423 2976 464 3014 2.
481 2971 524 3011 in
541 2970 654 3012 Verr.
671 2977 714 3011 et
740 2969 915 3023 Philipp.
934 2970 1023 3024 18).
1049 2984 1116 3011 ex·

230 3026 420 3120 affl
434 3026 1116 3133 .'⁶.‘?”2313³.⁰.5‚⁶‘<⁶.2¹3⁰:,22‘’..331t;,:„⁹

289 3133 357 3173 alii
376 3146 388 3173 ε
418 3132 462 3172 in
486 3132 590 3186 filio)
606 3134 765 3173 fortuna
790 3132 979 3173 saevitiam
997 3132 1111 3188 (aliiz

280 3185 383 3239 vim)
408 3185 584 3227 exercuit
609 3199 649 3233 x,
675 3190 705 3227 6
748 3198 926 3227 exercere
951 3187 1114 3240 remiges

283 3254 323 3289 x,
350 3244 379 3281 9
420 3240 592 3280 exerceri
626 3240 815 3279 currendo
850 3246 892 3279 et
925 3241 1113 3280 luctando

283 3309 349 3342 xv,
367 3297 395 3335 2
430 3292 724 3348 (Gymnasticis
735 3293 918 3345 operibus
933 3306 1007 3332 vox
1026 3294 1112 3333 ido-

238 3350 241 3353 '
282 3361 373 3397 nea,
387 3360 462 3388 uec
479 3347 607 3387 minus
620 3358 809 3386 armorum
824 3347 1112 3387 tractandorum

280 3401 528 3444 meditationi
557 3406 650 3454 apta
668 3406 710 3440 et
724 3399 910 3440 solennis.
952 3400 1113 3453 Boecl.)

284 3463 511 3497 exercentur
527 3455 619 3509 equi
638 3460 785 3494 stantes
809 3453 917 3502 xviii,
934 3457 960 3495 5
1006 3452 1111 3507 (agi-

236 3544 240 3548 .
285 3509 441 3550 tationis
459 3523 514 3551 sc.
547 3521 651 3550 novo
669 3520 824 3561 genere,-
841 3513 883 3548 et
915 3509 1003 3549 loco
1029 3520 1110 3548 am·

1985 255 2066 310 lix

1238 389 1460 435 bulationis,
1493 400 1703 441 cursusque
1739 387 1927 442 equestris
1961 402 2068 429 usur-

1238 450 1345 494 pato.
1367 443 1529 491 Boecl.)

1183 495 1425 536 Exercitatus
1445 497 1546 535 bello
1576 509 1640 543 xv,
1659 500 1682 536 5
1712 496 1752 534 in
1771 493 1955 542 dicendo,
1971 496 2068 537 ibid.

1236 550 1411 602 (promta
1441 550 1607 589 facultas
1638 549 1844 601 utrobique
1875 551 2072 602 notatur).

1236 603 1524 643 exercitatiores
1542 601 1668 655 copiae
1685 602 1803 642 nunae
1822 615 1939 655 quam
1957 603 2068 657 Iphi·-

1239 655 1355 696 cratis
1381 657 1434 705 xi,
1450 661 1476 698 2
1515 656 1835 696 exercitationum
1855 657 2069 710 (ejusmodi

1237 711 1482 764 militarium)
1496 723 1652 763 genera,
1667 710 1731 763 (et
1749 723 1937 750 armorum
1950 711 2073 751 offici-

1236 777 1298 803 nae
1314 762 1594 815 memorantur)
1621 763 1715 811 xvii,
1735 767 1759 804 3
1788 763 1930 816 quibus
1949 765 2068 805 effec-

1239 825 1320 857 tum
1351 825 1425 866 est,
1459 824 1504 858 ut
1531 818 1740 870 Agesilaus
1766 818 1927 857 haberet
1960 831 2069 858 exer·

1237 872 1506 912 citatissimum
1533 871 1760 918 exercitum,
1796 871 1892 911 ibid.
1928 871 2069 926 (quam

1237 938 1318 965 rem
1335 926 1496 979 copiose
1513 925 1701 978 exemplis
1734 926 1879 965 ducum
1896 925 2071 979 locisque

1238 979 1467 1032 scriptorum
1481 980 1648 1019 illustrat
1661 979 1713 1020 H.
1727 978 1834 1032 Hug.
1849 978 1962 1021 milit.
1977 993 2070 1034 equ.

1236 1033 1294 1080 iii,
1317 1038 1355 1075 1.
1371 1033 1534 1086 Boecl.)

1183 1087 1386 1128 Exercitus
1413 1088 1538 1129 victor
1567 1087 1760 1141 (victoriis
1789 1086 1915 1126 clarus
1934 1093 1975 1127 et
1992 1087 2068 1127 for-

1237 1140 1454 1195 midabilis)
1482 1141 1576 1188 xvii,
1599 1144 1625 1181 4
1664 1140 2002 1180 exercitatissimus
2030 1148 2072 1181 et

1237 1195 1501 1236 ornatissimus
1528 1195 1621 1241 xvii,
1640 1198 1664 1234 3
1681 1194 1780 1247 (Ita,
1796 1193 1892 1234 ibid.
1920 1200 1932 1218 ‘
1947 1195 2071 1235 studi·

1238 1248 1343 1290 osius
1358 1250 1508 1296 annari,
1523 1249 1790 1301 insigniusque
1801 1248 1940 1288 ornari'
1953 1249 2070 1302 (coa-

1177 1327 1180 1330 -
1231 1301 1377 1354 junxit.
1433 1303 1605 1343 Omnino
1624 1303 1728 1342 enim
1742 1302 1928 1355 splendor
1943 1315 2069 1342 armo-

1237 1370 1321 1396 rum
1335 1357 1542 1410 cultusque
1562 1356 1750 1403 militaris,
1764 1356 1970 1408 diligentia
1986 1357 2071 1396 lau-

1236 1411 1331 1450 data
1347 1411 1541 1451 veteribus
1573 1417 1615 1451 et
1632 1409 1750 1449 utilis.
1791 1422 1830 1448 ν.
1858 1408 1996 1449 iterum
2014 1410 2070 1450 H.

1235 1463 1344 1517 Hug.
1374 1465 1441 1504 lib.
1461 1469 1500 1507 3.
1526 1477 1561 1506 c.
1577 1467 1603 1504 3
1618 1469 1660 1503 et
1677 1463 1738 1516 4).
1762 1464 1956 1504 exercitus
1973 1477 2068 1504 con-

1236 1519 1399 1558 trahitur
1424 1519 1502 1567 xiv,
1518 1523 1543 1560 3
1583 1518 1774 1558 exercitus
1804 1517 1988 1572 carthag.
2010 1519 2069 1558 fa·

1175 1596 1178 1599 ·
1236 1573 1292 1612 cit
1308 1572 1577 1625 imperatorem
1605 1571 1700 1619 xxii,
1720 1575 1759 1612 3.
1778 1571 1885 1618 xxiii,
1906 1575 1930 1612 3

1181 1624 1461 1666 Exhaeredatus
1493 1626 1586 1679 (pro
1618 1626 1800 1666 abdicato
1827 1625 1879 1664 ob
1911 1623 2070 1665 vivendi

1236 1679 1435 1720 licentiam
1447 1687 1488 1720 et
1504 1678 1822 1732 dissolutionem)
1836 1679 1878 1726 ii,
1896 1681 1914 1719 1
1933 1678 2067 1732 (Alias

1235 1733 1393 1773 abdicat
1422 1740 1533 1786 pater
1561 1733 1682 1774 filium
1715 1734 1809 1772 dum
1846 1731 1956 1780 vivit,
1998 1747 2068 1774 ex-

1216 1810 1217 1813 =
1238 1787 1413 1827 haeredat
1427 1794 1518 1840 post
1535 1794 1717 1827 mortem:
1736 1800 1772 1826 v.
1785 1787 1902 1826 Thes.
1913 1787 2069 1827 Buchn.

1234 1853 1274 1880 v.
1292 1840 1451 1881 Dicare.
1477 1841 1660 1882 Ceterum
1671 1854 1740 1893 pro
1759 1846 1772 1864 ¹
1786 1841 2068 1880 exhaeredatus·

1233 1894 1452 1947 Imperator
1484 1902 1525 1936 et
1540 1895 1744 1935 Salvianus
1762 1895 1862 1934 forte
1879 1894 2068 1934 dixissent

1234 1954 1247 1972 ‘
1264 1948 1590 1997 exhaereditatus:
1618 1950 1693 1989 etsi
1716 1949 1844 1988 minus
1861 1947 2069 1989 concinne.

1233 2015 1272 2042 v.
1285 2003 1406 2042 eund.
1425 2004 1542 2043 Thes.
1556 2017 1596 2043 v.
1622 2003 1782 2056 Haeres)

1179 2054 1401 2096 Exhaustus
1429 2057 1517 2111 (cui
1534 2057 1705 2110 pecunia
1717 2058 1844 2103 deest,
1868 2062 1910 2096 et
1926 2056 2066 2096 instru-

1233 2116 1367 2150 menta
1398 2111 1490 2151 belli
1521 2111 1672 2164 cetera)
1713 2111 1781 2158 vii,
1798 2114 1827 2151 8
1871 2111 2067 2150 exhaustis

1232 2165 1368 2217 patriae
1381 2165 1632 2206 facultatibus
1651 2161 1913 2218 (consumtis)
1958 2164 2067 2212 xxiii,

1232 2222 1261 2259 6
1286 2218 1495 2274 (Metaph.
1513 2232 1538 2259 a
1554 2218 1728 2259 fontibus
1757 2224 1800 2258 et
1831 2218 1961 2271 puteis
1993 2219 2067 2258 de-

1232 2278 1361 2312 sumta

1177 2324 1353 2378 Exiguus
1362 2273 1518 2380 {brevis
1538 2325 1715 2379 staturae)
1743 2325 1835 2373 xvii,
1850 2330 1878 2367 8
1904 2325 1997 2380 (sed
2012 2326 2067 2366 ibi

1229 2379 1324 2433 leg„
1349 2393 1511 2433 corpore
1527 2402 1529 2404 ·
1546 2379 1710 2434 exiguo)
1739 2380 1882 2433 exigua
1926 2393 2067 2420 manus

1233 2434 1264 2479 i.
1283 2439 1308 2474 5

1176 2485 1309 2527 Exiles
1334 2501 1394 2527 res
1417 2488 1529 2534 xviii,
1548 2492 1573 2528 5
1614 2486 1789 2541 (tenues,
1813 2486 2064 2536 calamitosae,

1229 2541 1281 2580 de
1313 2541 1608 2580 difficultatibus
1653 2554 1678 2580 a
1721 2541 1879 2580 fortuna
1919 2541 2060 2580 adver-

1230 2600 1341 2634 sante
1360 2594 1541 2647 objectis.
1594 2593 1757 2646 Boecl.)

1177 2646 1371 2688 Exiliume
1390 2648 1431 2687 in
1449 2648 1608 2688 exilium
1627 2648 1821 2700 proficisci
1846 2661 1937 2695 xxV,
1949 2651 1976 2688 8
2023 2647 2063 2687 in

1230 2701 1390 2742 exilium
1406 2701 1576 2756 aliquem
1594 2700 1737 2754 ejicere
1781 2702 1860 2750 xvi,
1876 2706 1898 2742 1
1946 2701 2064 2741 exilio

1231 2755 1411 2795 mulctari
1436 2756 1515 2804 xvi,
1531 2759 1559 2797 2
1586 2755 1704 2796 exilio
1720 2756 1856 2797 decem
1875 2768 2064 2796 annorum

1230 2809 1410 2850 mulctari
1433 2809 1491 2858 iii,
1512 2814 1551 2851 1.
1568 2813 1645 2858 ¹53

1176 2861 1355 2904 Eximere
1383 2864 1436 2907 de
1453 2876 1614 2904 numero
1633 2863 1933 2917 proscriptorum
1974 2875 2066 2910 xxv,

1176 2969 1327 3012 Eximie
1346 2970 1559 3013 collaudari
1577 2971 1627 3012 ab
1644 2971 1777 3024 aliquo
1803 2970 1897 3019 xvii,
1913 2975 1935 3012 1

1176 3024 1291 3066 Exire
1309 3026 1526 3080 (proficisci
1555 3025 1696 3078 domo)
1725 3025 1767 3073 ii,
1785 3027 1814 3065 6
1854 3025 1895 3064 in
1911 3026 2063 3064 hostem

1231 3086 1272 3120 et
1286 3080 1432 3120 bellum
1459 3079 1551 3127 xvii,
1567 3084 1609 3122 6.
1626 3080 1693 3127 vii,
1713 3082 1739 3119 4
1767 3091 1815 3117 ex
1842 3077 1932 3117 navi
1973 3077 2016 3124 ii,
2036 3081 2063 3118 8

1231 3134 1275 3173 in
1293 3140 1436 3174 terram
1451 3134 1529 3187 (sc.
1549 3147 1596 3174 ex
1614 3132 1729 3184 naV.)
1757 3132 1826 3177 vii,
1843 3136 1870 3171 8
1909 3130 1974 3171 Sic
1993 3145 2002 3169 τ
2021 3131 2063 3169 in

1230 3187 1374 3235 littora,
1405 3187 1467 3227 rr.
1498 3191 1522 3228 7
1573 3186 1704 3227 classis
1748 3184 1829 3223 exit
1856 3183 1964 3238 (scil.
2010 3184 2063 3223 ad

1233 3240 1399 3293 bellum)
1427 3241 1495 3287 vii,
1514 3245 1538 3280 8
1569 3241 1649 3279 exit
1660 3239 1764 3277 sama
1776 3237 1954 3292 (emanat
1965 3237 2065 3291 &c.)

1230 3294 1322 3340 xvii,
1356 3298 1383 3334 2
1429 3295 1480 3334 de
1517 3293 1699 3346 pecunia,
1735 3304 1854 3346 quam
1882 3304 2063 3345 maguam

1228 3354 1360 3387 secum
1378 3347 1559 3400 portabat
1582 3346 1690 3395 xxiii,
1713 3349 1742 3387 9
1785 3345 1874 3400 <Sic
1904 3358 2063 3401 quoque

1228 3399 1362 3440 Livius
1404 3400 1462 3449 iii.
1495 3403 1562 3443 81.
1591 3400 1662 3442 Gr.
1703 3399 1904 3452 ἑξῆλθενῆ
1934 3399 2060 3451 φήμη,

1228 3455 1375 3495 Matth.
1403 3455 1457 3502 ix,
1479 3459 1548 3498 26.
1593 3454 1763 3496 Locceu.
1809 3456 1917 3494 Suet.
1964 3452 2061 3491 Ner.

1228 3513 1295 3550 ⁵8.
1307 3515 1318 3533 ⁸
1332 3508 1478 3550 exierat
1493 3509 1676 3563 opiuio’).
1695 3509 1736 3548 iu
1749 3510 1897 3549 turbam
1912 3507 2005 3553 exit,
2021 3518 2061 3544 re
