2306 3900
333 282 544 335 cxxxiv

385 417 494 466 xxiii,
509 422 536 458 9
577 430 654 456 non
673 417 755 457 sine
781 430 872 457 cura
899 418 952 466 ix,
972 422 997 459 4
1025 433 1104 458 non
1122 420 1205 459 sine

389 484 504 510 causa
523 471 678 517 dicitur,
708 471 920 511 ‘Matrem'
959 472 1033 512 διο.
1066 473 1146 519 viii,
1179 478 1204 513 2

384 525 467 563 sine
481 524 559 563 ulla
575 525 759 577 religione
771 532 811 564 et
822 525 900 565 fide
915 539 955 573 x,
975 530 1000 566 8
1029 526 1110 566 sine
1123 527 1205 566 ullo

385 578 615 617 detrimento
643 578 751 626 xxiii,
765 584 790 620 5
819 580 902 618 sine
926 579 1070 619 foenore
1089 593 1206 633 pecu—

385 630 504 679 niam,
531 630 692 684 sineque
711 633 791 672 ulla
807 632 1057 686 stipulatione
1075 636 1111 674 ei
1125 647 1206 674 cre-

386 685 489 723 didit
514 699 603 732 xxv,
622 691 648 726 9
676 686 759 726 sine
777 686 867 726 ullis
883 685 1080 727 doloribus
1115 701 1205 734 xxv,

384 741 436 777 21
466 739 549 778 sine
568 739 647 777 ulla
663 753 808 792 pompa
822 740 968 780 funeris
997 741 1122 780 elatus
1148 747 1209 780 est

386 805 475 838 xxv,
489 796 542 832 22
571 793 640 846 (In
659 793 799 846 quibus
817 794 912 833 locis
931 795 1074 834 ultimis
1093 801 1104 817 ‘
1125 795 1208 834 sine

386 845 481 884 ullo'
505 851 546 885 et
573 853 584 869 ‘
604 847 688 887 sine
716 847 808 886 ulla'
839 847 1035 900 eleganter
1053 849 1209 900 ponitur

387 911 458 950 pro
473 903 485 922 ⁶
499 898 583 940 sine
601 900 734 940 omni.'
762 901 842 941 vid.
867 901 931 941 Cl.
960 901 1104 942 Vorstii
1123 901 1208 941 libr.

387 953 438 991 de
479 953 671 993 latinitate
701 955 834 995 merito
859 968 963 1007 susp.
983 968 1019 994 c.
1049 960 1088 996 9.
1120 969 1209 1008 pag.

387 1007 454 1045 81.
472 1012 514 1045 et
529 1020 570 1046 se
627 1035 638 1046 .

332 1058 490 1100 Sinerez
519 1007 694 1100 Nelqifia
723 1061 823 1101 sinat
858 1061 1027 1114 Jupiter,
1060 1068 1100 1101 te
1135 1060 1209 1101 ὅτε.

329 1163 332 1166 ι
387 1113 573 1166 (formula
591 1115 856 1162 abominandi,
879 1116 1116 1167 deprecandi
1132 1128 1210 1154 ma-

387 1166 467 1205 lum
486 1167 596 1219 &c.),
616 1169 677 1209 Fr.
698 1173 748 1209 12

333 1219 544 1272 Singularis
570 1223 667 1262 fides
694 1236 782 1270 xxv,
801 1227 828 1263 4
868 1222 1075 1276 prudentia
1106 1222 1210 1276 (exi-

388 1274 488 1328 mia)
516 1290 604 1323 xxv,
625 1281 675 1317 10
715 1277 917 1329 singularis
949 1277 1124 1329 potentia
1149 1276 1209 1315 in·

388 1327 471 1368 visa
487 1327 622 1382 (unius
640 1329 876 1384 dominatio)
904 1345 942 1379 x,
961 1335 988 1371 9
1020 1330 1211 1384 singulare

386 1381 589 1434 imperium
607 1383 836 1438 (μοναρχία)
871 1385 950 1432 xxi,
970 1389 996 1426 2

333 1434 450 1474 Sinus
464 1435 669 1484 Arabicus,
689 1438 749 1476 Fr.
769 1442 793 1478 7

331 1487 474 1529 Sistere
501 1490 765 1530 vadimonium
794 1506 881 1540 xxv,
899 1497 925 1532 9
954 1491 1012 1544 (v.
1029 1491 1209 1542 Vadim.)

333 1542 415 1581 Sita
437 1543 540 1582 salus
577 1546 710 1597 patriae
733 1545 775 1584 in
802 1546 888 1598 ejus
905 1546 1073 1598 pernicie
1103 1558 1167 1592 xv,
1183 1549 1210 1585 9

390 1597 502 1636 urbes
519 1599 604 1636 sitae
618 1599 659 1638 in
672 1613 738 1638 ora
751 1599 859 1638 Asiae
885 1599 954 1646 vii,
968 1604 992 1638 5

335 1649 454 1690 Socer
471 1651 512 1690 in
531 1653 707 1692 custodia
727 1654 855 1704 generi
876 1653 976 1703 perit
1004 1652 1081 1698 xxi,
1100 1657 1124 1693 3

333 1702 470 1742 Socius
495 1704 791 1746 Atheniensium
807 1720 872 1746 rex
889 1706 1052 1745 Seuthes
1066 1705 1108 1744 in
1126 1719 1210 1759 reg-

388 1770 482 1796 num
499 1758 710 1799 restituitur
739 1760 792 1807 xi,
810 1764 836 1800 2

335 1809 508 1851 Societas
534 1813 743 1855 amicorum
773 1814 983 1853 Alexandri
1023 1813 1210 1852 dissoluta

388 1865 508 1912 xxi,3
538 1868 701 1907 societas
730 1869 918 1920 potentiae
949 1867 1083 1914 infida,
1114 1867 1210 1906 ibid.

391 1920 556 1959 societas
587 1922 677 1960 huic
697 1928 756 1962 est
774 1935 863 1961 cum
882 1922 946 1960 illo
975 1923 1027 1969 ix,
1046 1925 1072 1961 2
1118 1922 1211 1960 civi-

390 1978 489 2012 tates
522 1974 686 2014 Graeciae
705 1977 752 2015 ad
773 1975 1070 2015 Atheniensium
1090 1975 1213 2014 socie-

391 2032 511 2066 tatem
539 2041 580 2067 se
609 2029 811 2082 applicant
835 2028 892 2076 iii,
918 2033 944 2069 2
991 2029 1215 2068 societatem

389 2079 516 2121 facere
534 2095 622 2122 cum
652 2083 782 2136 aliquo
799 2084 851 2123 ad
869 2083 1018 2135 aliquid
1045 2083 1088 2129 ii,
1107 2086 1148 2130 8,
1176 2086 1216 2122 2.

391 2141 433 2174 et
459 2135 566 2175 alibi.
611 2138 757 2177 habere
789 2139 1013 2177 societatem
1032 2150 1120 2176 cum
1146 2135 1216 2174 ali-

390 2201 468 2240 quo
488 2190 540 2236 iv,
555 2194 580 2231 3
595 2191 679 2244 (Ita
696 2205 705 2230 z
729 2191 858 2237 Coire,
878 2191 1114 2237 Dissolvere,
1129 2203 1216 2242 quae

392 2242 485 2282 vide
528 2245 607 2284 suis
651 2245 760 2284 locis.
813 2245 1016 2284 Hactenus
1053 2244 1218 2284 societas

391 2296 508 2336 ‘fidei
538 2304 580 2336 et
607 2299 725 2350 pacti’
750 2312 919 2338 nomen:
950 2299 990 2336 in
1009 2310 1119 2349 seqq.
1155 2310 1215 2335 so-

392 2349 469 2387 lam
494 2350 547 2388 rei
567 2351 902 2403 participationem
923 2350 1067 2402 notat).
1093 2350 1216 2388 socie-

392 2407 452 2440 tas
470 2403 759 2455 demigrationis
787 2404 815 2450 i,
835 2408 856 2444 1
888 2403 1041 2444 sceleris
1069 2417 1132 2448 xx,
1155 2407 1176 2443 1

337 2454 489 2494 Sociale
506 2456 653 2495 bellum
679 2457 732 2504 xi,
751 2460 791 2497 3.
809 2457 876 2503 xii,
894 2461 920 2497 4
948 2457 1075 2510 (quod
1092 2455 1216 2495 Athe-

391 2507 545 2548 nienses
562 2516 763 2562 gesserunt
778 2523 866 2549 cum
884 2510 946 2558 iis,
965 2509 1034 2563 qui
1051 2523 1075 2549 a
1092 2510 1218 2549 socie-

391 2568 473 2601 tate
490 2563 730 2604 defecerunt.
757 2563 917 2618 Boecl.)

336 2614 513 2656 Socrates
541 2617 608 2664 vii,
626 2621 653 2658 2

337 2667 556 2709 Socraticus
570 2670 794 2724 Xenophon
822 2670 913 2717 xvii,
936 2674 958 2711 1

339 2722 429 2761 Sola
447 2723 535 2763 loca
551 2724 745 2778 (deserta)
771 2724 881 2769 xviii,
900 2728 926 2765 8
953 2723 1039 2777 (Sic
1064 2723 1149 2764 cic.
1168 2725 1218 2762 de

391 2775 515 2816 divin.
557 2783 569 2800 ‘
590 2778 692 2818 Cum
730 2778 773 2818 in
807 2777 904 2818 locis
938 2777 1029 2816 solis
1062 2783 1219 2817 moestus

393 2830 614 2870 oberrares.'
638 2831 727 2871 Ter.
754 2830 862 2871 And.
892 2831 947 2878 iii,
977 2835 1056 2878 4,3
1086 2837 1098 2854 ‘
1113 2830 1219 2870 venit

392 2897 439 2922 ex
452 2885 535 2924 solo
550 2885 664 2925 loco.'
691 2885 874 2924 Similiter
887 2885 953 2924 alii
968 2891 979 2908 ‘
990 2886 1093 2924 solos
1108 2897 1218 2923 mon-

394 2937 481 2984 tes‚’
500 2943 511 2960 ‘
528 2939 630 2978 solas
648 2938 793 2987 terras‚'
825 2944 837 2961 ‘
851 2938 964 2985 oras,’
983 2945 993 2961 ‘
1014 2939 1135 2977 solam
1155 2951 1218 2978 ac·

392 2990 485 3029 tam’
503 2990 577 3032 &c.
606 2993 751 3040 dixere,
770 2998 816 3031 ut
832 2993 949 3032 docet
968 2992 1102 3033 Gisan.
1128 2991 1219 3031 Ind.

392 3043 548 3085 Lucret.
576 3051 618 3084 et
633 3060 679 3086 ex
696 3059 743 3087 eo
762 3045 906 3086 Weitz.
934 3046 985 3085 ad
996 3045 1082 3084 Ter.
1102 3045 1219 3085 Phor.

391 3111 432 3145 v,
448 3103 488 3147 8,
507 3097 584 3151 86)
671 3149 673 3154 y

340 3151 539 3192 Solicitare
555 3166 684 3193 servos
702 3166 771 3206 spe
789 3152 976 3192 libertatis
1002 3153 1056 3198 iv,
1072 3155 1096 3191 3

338 3205 518 3246 solitudo
547 3207 620 3260 (de
646 3221 709 3255 eo,
739 3207 808 3260 qni
838 3219 983 3259 paucos
1002 3219 1133 3246 secum
1150 3205 1219 3245 ha-

394 3258 483 3312 bet)
511 3261 591 3308 viii,
609 3265 636 3301 2

340 3312 466 3350 Solers
485 3314 652 3365 agricola
679 3314 782 3361 xxiv,
802 3317 826 3354 3

341 3364 496 3405 Solvere
526 3367 728 3418 epistolam
760 3366 944 3420 (aperire,
970 3365 1094 3406 inciso
1125 3366 1219 3411 lino,

395 3431 475 3471 quo
489 3420 671 3471 colligata
690 3420 769 3471 est)
796 3421 901 3468 xxiii,
922 3424 970 3460 11
1018 3420 1119 3472 (vid.
1138 3420 1220 3459 Sal-

398 3472 508 3512 masii
543 3474 701 3525 specim.
735 3474 884 3513 consut.
934 3473 1093 3512 Herald.
1131 3486 1220 3523 cap.

397 3530 461 3566 19.
489 3525 596 3567 Alibi
615 3528 710 3567 dicit
730 3527 872 3566 Noster
890 3527 921 3579 z)
949 3527 1102 3580 vincula
1121 3527 1221 3578 epis-

1156 293 1357 334 INDEX

1323 417 1415 457 tolae
1431 417 1598 457 lacerare
1615 416 1770 470 (vulgo,
1782 415 1933 468 laxare)
1945 415 2001 463 iv,
2016 418 2044 457 4
2070 417 2148 457 sol·

1325 485 1412 512 vere
1436 485 1555 512 naves
1581 470 1687 517 xxiii,
1705 474 1731 510 8
1777 469 1925 510 solvere
1942 470 2147 522 pecuniam

1324 526 1352 572 i,
1370 529 1411 566 7.
1428 539 1467 572 ν,
1487 529 1510 567 l
1538 526 1627 566 Sic:
1657 525 1764 563 litem
1782 523 2010 563 aestimatam
2036 537 2075 570 V,
2097 529 2114 564 l

1269 579 1428 620 sonitus
1445 580 1610 619 fiammae
1637 578 1706 625 vii,
1726 581 1777 618 10
1805 577 1854 630 (i.
1886 591 1922 616 e.
1953 577 2147 629 strepitus.

1324 632 1440 726 gunt-¹
1462 637 1503 674 7.
1543 633 1759 673 ‘sonabant
1786 631 1968 672 incendio
1999 630 2149 684 sylvael

1364 687 1416 726 eb
1443 715 1453 726 .

1269 741 1395 780 Sonus
1412 690 1641 780 chbrdarum
1667 753 1732 786 xv,
1749 743 1775 780 2

1269 794 1521 846 Sophrosyne
1548 807 1588 839 x,
1607 798 1627 834 1
1860 821 1863 825 »
2082 816 2087 821 ·

1270 846 1398 899 Sopiri
1411 859 1546 885 somno
1565 845 1749 899 (inducto
1766 856 1821 883 sc.
1834 843 2058 896 accitoque)
2071 858 2110 890 x,
2122 848 2148 884 2

1270 901 1456 953 Soporem
1484 901 1577 939 dare
1594 898 1708 938 alicui
1729 897 2005 951 (soporiferum
2029 898 2152 939 medi-

1325 960 1559 1000 camentum,
1598 951 1757 1004 potum)
1801 966 1840 998 x,
1877 955 1903 992 2
1962 950 2153 1003 (restituit

1325 1009 1442 1047 etiam
1472 1007 1630 1046 Senecae
1660 1007 1763 1044 hanc
1781 1018 1915 1044 vocem
1934 1004 2062 1057 Epist.
2083 1009 2151 1044 83.

1327 1059 1530 1108 Gruterus,
1562 1073 1679 1113 quem
1709 1059 1812 1098 vide.
1867 1057 1920 1098 Et
1947 1057 2057 1098 alteri
2081 1058 2151 1097 Se-

1326 1128 1435 1154 necae
1467 1115 1554 1154 loco
1593 1119 1634 1154 5.
1661 1114 1713 1152 de
1739 1112 1903 1152 benefic.
1932 1110 2069 1151 Delrio
2101 1113 2152 1150 ad

1326 1168 1485 1208 Senecae
1515 1168 1702 1207 Medeam
1732 1179 1822 1218 pag.
1853 1169 1920 1206 6⁰.
1976 1165 2080 1204 Usus
2110 1164 2150 1204 in

1325 1223 1465 1262 eodem
1486 1234 1599 1262 sensu
1615 1220 1822 1260 Frontinus
1848 1219 1891 1265 ii,
1910 1223 1951 1264 5,
1969 1218 2045 1280 12)

1273 1276 1387 1315 Soror
1407 1290 1454 1315 ex
1482 1275 1621 1315 iisdem
1647 1273 1869 1326 parentibus
1887 1277 1980 1311 nata
1997 1272 2060 1324 (id
2078 1281 2152 1318 est,

1327 1342 1523 1381 germana,
1543 1326 1719 1381 proprie)
1747 1341 1811 1374 xx,
1832 1330 1854 1366 l
1884 1337 1990 1365 soror
2007 1338 2154 1378 germa-

1326 1396 1379 1422 na
1397 1383 1497 1437 (vid.
1515 1381 1669 1434 Germ.)

1273 1437 1392 1476 Sortis
1405 1436 1652 1478 necessitudo
1664 1434 1892 1488 (collegium
1906 1438 2008 1473 sorte
2019 1433 2153 1471 datum

1327 1490 1575 1543 intelligitur)
1613 1489 1716 1535 xxiv,
1751 1493 1773 1528 1
1831 1493 1933 1526 sorte
1981 1486 2154 1525 nancisci

1326 1544 1564 1595 provinciam
1593 1543 1696 1589 xxiv,
1719 1545 1746 1581 2

1272 1597 1418 1637 Sosilus
1426 1597 1666 1651 (Historicus
1678 1600 1719 1634 et
1728 1592 1901 1632 Hannib.
1921 1592 2156 1644 praeceptor)

1328 1651 1434 1698 xxiii,
1452 1654 1502 1690 13
1531 1649 1592 1704 (v.
1610 1648 1725 1688 Voss.
1754 1648 1804 1686 de
1823 1646 1877 1685 H.
1896 1645 1966 1686 Gr.
1994 1645 2023 1694 i,
2044 1646 2118 1699 17)

1272 1703 1403 1743 Sosius
1421 1705 1468 1744 C.
1485 1704 1577 1744 Cos.
1603 1716 1694 1748 xxv,
1712 1705 1766 1742 22

1273 1757 1411 1809 Sparta
1427 1757 1510 1797 sine
1523 1757 1640 1796 muris
1665 1754 1758 1803 xvii,
1784 1757 1811 1795 6
1839 1759 2065 1807 oppugnata
2091 1766 2156 1799 xv,

1328 1815 1354 1852 8
1383 1825 1495 1864 paene
1509 1817 1626 1863 capta
1651 1809 1743 1857 xvii,
1762 1811 1790 1848 6

1271 1865 1479 1917 Spartani:
1509 1878 1546 1903 v.
1574 1864 1792 1903 Lacedaem.

1273 1919 1435 1972 Sparum
1463 1919 1563 1982 (vel,
1592 1915 1755 1971 Spar-us)
1782 1930 1845 1962 xv,
1863 1919 1890 1955 9
1917 1914 2017 1967 (vile
2034 1927 2157 1974 genus

1328 1973 1398 2012 teli
1432 1973 1566 2019 fuisse,
1592 1971 1685 2011 satis
1724 1975 1905 2019 constat3
1940 1974 2069 2009 cetera
2096 1968 2157 2007 dr-

1329 2040 1438 2067 verse
1465 2028 1680 2066 traduntur.
1709 2023 1801 2063 vide
1842 2023 1970 2063 Marc.
2002 2021 2153 2063 Donat.

1330 2080 1418 2120 Liv.
1438 2084 1491 2122 34

1275 2134 1454 2187 Spatium
1482 2079 1624 2187 ()habet
1650 2138 1691 2172 et
1720 2131 1795 2171 loci
1819 2129 2157 2183 significationem,

1331 2187 1423 2240 ut):
1454 2187 1621 2239 spatium
1653 2185 1828 2239 agitandi
1856 2197 1979 2236 equos
2005 2183 2113 2229 xviii,
2131 2187 2155 2222 5

1331 2242 1499 2293 spatium
1526 2241 1730 2280 dimidium
1749 2239 1826 2292 (sc.
1852 2232 2024 2291 itineris)
2050 2235 2158 2282 xviii,

1331 2299 1358 2335 9
1387 2296 1450 2347 (et
1478 2294 1677 2346 temporis,
1697 2294 1761 2345 ut)
1778 2309 1789 2331 z
1819 2292 1987 2343 spatium
2011 2290 2159 2338 delibe-

1332 2348 1440 2386 randi
1486 2347 1593 2395 xviii,
1626 2352 1678 2388 12
1712 2346 1851 2398 ιεραῐὶο
1896 2350 1955 2384 tot
2007 2343 2158 2383 dierum

1330 2401 1438 2447 xviii,
1455 2404 1483 2440 9

1277 2454 1435 2506 Species
1463 2452 1651 2492 libertatis
1679 2449 1812 2504 (pars)
1857 2464 1921 2498 xx,
1939 2454 1964 2491 5
2006 2449 2159 2503 imperii

1332 2505 1569 2560 (simulacr.)
1594 2503 1703 2552 xviii,
2029 2528 2034 2530 ἡ

1279 2560 1485 2613 Specimen
1504 2558 1722 2612 prudentiae
1750 2571 1845 2606 xxv,
1863 2560 1889 2598 8

1279 2615 1462 2667 Spectare
1486 2614 1601 2653 ludos
1638 2611 1718 2660 xxi,
1737 2615 1763 2652 2
1811 2616 1964 2664 spectat
1988 2609 2159 2650 hoc-alio

1332 2667 1525 2721 (pertinet
1557 2665 1656 2719 alio)
1701 2666 1745 2713 ii,
1763 2669 1790 2706 6
1834 2665 1968 2704 Alibi:
2007 2663 2049 2704 id
2079 2676 2159 2715 quo

1332 2723 1493 2769 valeret,
1521 2734 1611 2760 cum
1630 2733 1744 2759 nemo
1761 2718 1995 2770 intelligeret
2011 2716 2088 2757 διο.
2116 2717 2159 2762 ii,

1333 2779 1359 2816 2
1386 2776 1461 2814 hoc
1480 2788 1528 2814 eo
1545 2773 1713 2820 valebat,
1734 2779 1778 2812 ut
1790 2772 1866 2812 &c.
1893 2772 1936 2819 ii,
1955 2774 1980 2812 4

1278 2829 1512 2882 spectaculo
1526 2841 1610 2869 esse
1617 2826 1765 2880 populo
1779 2826 1959 2880 (actitare
1970 2823 2157 2877 fabulas),

1279 2936 1478 2990 Speculari
1509 2934 1679 2987 aliquem
1711 2930 1986 2987 (investigare)
2025 2930 2103 2977 xiv,
2131 2933 2157 2970 4

1335 2991 1596 3042 speculatores
1623 2988 1691 3035 vii,
1709 2992 1736 3028 8

1279 3043 1464 3096 Sperare:
1507 3056 1589 3082 non
1624 3042 1748 3081 solum
1789 3041 1892 3080 bene
1920 3050 2084 3092 sperare.
2108 3037 2160 3076 de

1334 3098 1481 3150 aliquo,
1512 3097 1581 3136 sed
1609 3096 1727 3136 etiarn
1745 3093 1941 3138 confidere
1963 3091 2080 3143 talem
2096 3092 2156 3133 fu-

1333 3158 1459 3190 turum
1479 3150 1553 3189 &c.
1580 3149 1608 3197 i,
1624 3153 1647 3190 1

1280 3203 1377 3256 Spes
1397 3220 1406 3243 :
1434 3206 1502 3243 has
1520 3205 1702 3243 adversus
1721 3202 1855 3264 copias
1873 3201 1910 3241 ei
1928 3211 2016 3253 spes
2034 3197 2159 3262 onmis

1334 3259 1572 3298 consistebat
1588 3257 1630 3296 in
1647 3270 1688 3296 se
1706 3257 1861 3309 locique
1875 3260 2014 3295 natura
2038 3264 2117 3298 xiv,
2132 3254 2159 3290 8

1334 3325 1474 3365 magna
1493 3324 1582 3364 spes
1599 3317 1695 3356 erat,
1713 3323 1783 3361 per
1805 3323 1873 3349 eos
1889 3307 2159 3367 amissa-posse

1335 3365 1550 3418 recuperari
1595 3363 1677 3411 xiii,
1714 3367 1739 3404 3
1789 3362 1992 3404 maximam
2031 3370 2074 3418 ln
2111 3371 2159 3396 eo

1335 3432 1443 3470 spem
1463 3419 1658 3458 habebant
1682 3417 1787 3463 vii,s
1814 3427 1885 3467 spe
1898 3413 2085 3453 libertatis
2098 3423 2159 3450 so-

1337 3472 1482 3512 licitare
1510 3473 1678 3524 aliquem
1705 3471 1758 3515 iv,
1785 3473 1809 3509 8
1848 3468 1890 3506 in
1921 3478 2061 3518 magna
2090 3477 2160 3516 spe

1338 3540 1419 3565 esse
1463 3525 1669 3577 provinciae
1710 3524 1810 3562 benc
1848 3519 2159 3559 administrandae
