2306 3900
765 251 987 292 RERUM
1032 252 1106 291 ur
1147 236 1515 294 vunnossum.

210 374 319 429 Ignis
337 376 379 416 in
406 377 553 425 castris,
582 377 964 431 qua-consuetudine
981 380 1091 420 habi·

267 437 327 470 tus
355 431 461 477 xviii,
477 434 516 472 8.
534 436 562 473 9

211 483 395 537 Ignorare
412 484 582 538 aliquem
600 483 703 538 (non
717 484 855 536 nosse)
883 484 939 533 iii,
962 491 982 527 1
1004 487 1090 540 (Sic

261 537 417 579 Terent.
435 539 581 580 Heaut.
608 540 636 585 i,
654 543 694 586 1.
712 542 766 579 5⁴2
805 544 818 562 ⁶
835 551 951 588 erras,
984 541 1017 579 si
1047 542 1091 581 id

259 593 401 640 eredis,
419 599 462 633 et
471 606 535 633 me
552 593 721 645 ignoras,
741 591 897 634 cliniae
915 601 957 634 et
980 594 1088 634 Suet.

261 644 398 686 Vitell.
431 650 481 688 17
513 646 779 686 ‘sciscitantes
821 647 1000 699 quisnam
1027 662 1089 688 es·

262 706 348 738 set:
376 712 468 740 nam
496 699 772 752 ignorabatur?
791 700 977 741 Similiter
994 701 1089 742 Tac.

260 752 366 792 nist.
396 754 454 802 iii,
471 758 539 801 ⁷4,
562 758 599 794 1.
641 760 682 794 et
701 752 755 793 H.
773 755 828 802 iv,
847 759 915 802 36,
935 759 975 797 4.
1005 756 1088 796 Gis.

260 807 409 848 observ.
429 820 470 861 p.
490 806 604 861 112).
636 809 812 860 ignorare
832 815 870 848 te
887 809 997 849 nolui
1014 810 1090 850 ista

260 862 422 914 (docere
442 863 547 901 volui
564 861 662 914 &c.)
679 875 770 910 xxv,
788 865 842 903 21
870 863 1088 916 ignorantia

259 915 447 1022 lgznaijum
462 929 587 956 rerum
605 914 860 971 (ἄβελτερία)
872 917 966 966 xvii,
979 922 1006 959 8
1025 919 1086 973 (v.

323 981 364 1009 n.

204 1022 339 1076 Ignoti
391 1023 533 1071 active,
565 1024 733 1076 quinon
751 1024 916 1077 norunt)
943 1025 1041 1072 xvii,
1061 1031 1087 1068 8

258 1077 346 1130 (Sic
402 1075 454 1117 ic.
471 1078 523 1118 ad
541 1077 649 1117 Fam.
668 1082 693 1118 5
723 1076 890 1130 'ignotis
917 1084 1012 1119 nota
1029 1080 1087 1119 sa-

259 1130 444 1171 ciebana’
486 1131 541 1170 Et
570 1131 612 1170 in
641 1130 753 1171 Verr.
785 1137 810 1173 5
842 1137 854 1156 ‘
871 1133 1086 1186 producere

257 1184 311 1223 ad
329 1185 512 1238 ignotos.’
529 1183 689 1238 Lamb.)

205 1237 281 1277 Ille
308 1238 579 1291 (celebritatis,
597 1239 727 1287 famae,
755 1239 881 1280 laudis
907 1248 1086 1293 respectu

214 1310 217 1313 ·
257 1291 476 1346 additum):
489 1293 667 1333 Pittacus
678 1293 748 1333 ille
758 1292 875 1341 viii,4
891 1293 1087 1347 Pylaeme-

258 1357 329 1385 nes
346 1345 414 1386 ille
432 1347 511 1394 xiv,
529 1351 556 1388 2
584 1347 650 1387 ille
662 1347 720 1387 vir
737 1361 827 1396 xxV,
842 1351 893 1388 13
921 1361 1002 1388 non
1019 1349 1086 1390 ille

258 1399 420 1452 quidem
429 1400 555 1453 major
565 1401 764 1457 (abundat
779 1401 992 1454 eleganter,
1003 1415 1085 1442 non

258 1455 342 1494 sine
359 1465 479 1494 nervo
511 1454 666 1508 tamen)
709 1454 817 1502 xviii,
838 1459 860 1495 1
938 1455 989 1495 ab
1015 1457 1084 1496 illo

258 1508 399 1548 eodem
430 1507 512 1550 vita
546 1509 719 1562 privatus
751 1509 896 1549 dicitur
941 1508 1020 1558 xxi,
1058 1515 1082 1551 3

257 1561 343 1614 (Sic
373 1575 532 1616 quoque
578 1563 716 1602 ‘illud'
753 1571 960 1616 usurpatur
993 1577 1084 1604 cum

256 1621 352 1655 nota
384 1617 547 1657 celebris
579 1623 648 1656 aut
677 1617 831 1656 usitatae
863 1618 1083 1666 sententiae,

255 1670 337 1708 veri
381 1671 504 1718 verbi,
549 1669 646 1723 &c.)
700 1676 940 1723 praeceptum
984 1672 1082 1713 illud

256 1723 338 1771 viii,
355 1727 382 1765 2
410 1725 616 1779 (Ceterum
630 1725 670 1764 in
690 1724 750 1764 his
767 1725 980 1778 exemplis:
999 1738 1082 1766 mo·

198 1793 201 1795 ’
255 1789 347 1824 neo,
379 1791 432 1818 ne
476 1779 544 1826 vii,
577 1782 603 1819 8
658 1778 756 1818 illud
790 1780 995 1828 recusavit,
1032 1795 1082 1820 ne

255 1831 363 1879 xxiii,
395 1835 452 1873 12
516 1832 615 1872 illud
653 1846 775 1872 unum
810 1833 976 1886 intelligi
1011 1848 1082 1874 vo·

257 1886 384 1926 lumus
411 1894 501 1934 x'xV,
521 1889 571 1928 11
615 1885 713 1926 illud
732 1887 815 1926 sine
833 1886 984 1938 dubio;
1012 1901 1081 1928 ne-

253 1939 401 1980 minem
437 1939 514 1980 fite.
549 1939 633 1987 viii,
652 1944 674 1981 1
725 1940 827 1981 illud
860 1941 1082 1991 addubitat,

254 1998 384 2034 utrum
418 1993 470 2042 ix,
499 2000 523 2035 5
544 2009 554 2034 ε
611 1995 705 2034 satis
749 1995 881 2035 elucet
916 1994 1083 2048 ἔμφασις

257 2047 441 2097 δεικτικὴ,
460 2049 501 2088 in
518 2048 573 2088 rei
601 2049 663 2088 vel
682 2049 959 2089 denuncianda
977 2064 1085 2104 mag-

255 2102 438 2142 nitudine
454 2115 502 2143 ac
532 2103 752 2150 momentis,
773 2103 833 2143 vel
851 2103 1087 2157 excipienda

256 2155 581 2209 distinguendave
595 2156 799 2209 gravitate,
813 2156 875 2196 vel
890 2157 1086 2198 flectenda

256 2210 307 2248 ad
344 2211 587 2263 praecipuum
623 2210 839 2250 docilitate.
894 2210 1022 2251 Aliter
1045 2220 1085 2252 et

255 2275 344 2302 cum
364 2263 488 2316 figura
512 2263 829 2304 dissimulationis
854 2277 903 2305 ac
929 2265 1084 2319 mitiga·

256 2316 389 2364 tionis,
414 2317 456 2357 in
474 2330 530 2365 re,
548 2318 613 2358 cui
630 2318 863 2359 vocabulum
891 2317 1084 2360 detrecta-

255 2371 363 2411 tione
376 2370 521 2424 judicii
537 2383 683 2425 ponere
701 2371 898 2418 nolumus,
920 2385 1083 2426 usurpa-

255 2429 317 2464 tur
332 2425 402 2464 ibi.
416 2425 576 2480 Boecl.)
595 2432 772 2466 secutum
786 2426 973 2477 estillud,
992 2441 1081 2469 cum

199 2490 355 2572 11Ιῖξο
371 2478 447 2572 {tetl-
474 2493 570 2572 1¹1ch
582 2483 800 2572 8redeamus
827 2532 920 2580 xvii,
938 2537 964 2575 4
1010 2536 1079 2574 sed

251 2585 347 2626 illuc
372 2592 542 2626 revertor
567 2600 605 2633 x,
623 2590 650 2627 4
693 2587 759 2641 (in
776 2586 1079 2640 digressionibus

202 2687 205 2689 Δ
252 2638 447 2680 liniendis.
460 2639 614 2694 Vorst.)

197 2692 369 2734 Illudere
381 2694 551 2747 aliquem
568 2693 736 2749 (callido
752 2693 913 2734 invento
926 2694 1079 2748 fallere)

251 2749 358 2796 xxiii,
377 2752 430 2789 10
457 2749 518 2803 (v.
535 2747 652 2789 Voss.
669 2749 720 2788 de
738 2747 964 2790 Construct-
987 2762 1076 2804 cap.

253 2805 320 2844 ⁴3.
338 2809 379 2843 et
397 2802 535 2843 Boecl.
554 2803 773 2844 Chrestom.
788 2801 900 2856 Ter.)

196 2854 362 2896 Illustris
386 2857 613 2897 adolescens
641 2857 814 2910 (generis
832 2857 956 2910 resp.)
981 2857 1076 2906 xxii,

253 2913 278 2951 3
322 2910 482 2951 illustris
498 2924 558 2951 res
575 2924 671 2965 pop.
690 2910 860 2951 Roman.
879 2912 1074 2967 (ἀξιομνη-

250 2962 435 3015 Mrem-6⁹
446 2964 508 3019 τι)
535 2978 625 3012 xxv,
654 2969 705 3006 18
750 2965 899 3006 illustre
927 2967 1074 3008 factum

250 3018 293 3057 in
311 3031 353 3058 re
369 3019 524 3059 militari
551 3019 608 3066 iii,
622 3023 649 3060 2
675 3018 824 3060 illustre
835 3025 895 3059 est
912 3021 949 3061 ei
967 3033 1074 3060 max·

250 3071 328 3112 ime
346 3072 521 3127 (insigne
539 3074 590 3113 ad
608 3072 773 3127 famam)
798 3073 879 3121 xxi,
896 3078 919 3116 1
966 3073 1074 3114 illus-

251 3126 384 3165 triores
403 3126 619 3180 legationes
645 3140 683 3174 x,
705 3131 725 3168 1
774 3127 1073 3169 illustrissimum

250 3178 425 3232 praelium
484 3180 794 3235 celeberrimum)
820 3182 876 3229 iv,
896 3185 918 3223 1
966 3184 1072 3236 quod

279 3233 409 3273 uidem
426 3246 470 3273 su
509 3233 633 3287 ipsam
647 3234 965 3288 proscriptionem
984 3249 1073 3289 per-

247 3245 398 3327 iilusne
423 3285 500 3327 fuit
529 3287 656 3341 (quod
681 3288 878 3340 precipue
910 3294 992 3328 tum
1010 3289 1071 3328 in·

249 3340 374 3394 telligi
390 3347 432 3380 et
444 3340 615 3394 judicari
630 3340 782 3393 potuit)
810 3353 901 3388 αν,
921 3345 973 3383 12

198 3393 385 3435 illustrari
403 3397 562 3447 (notum
578 3393 800 3447 clarumque
828 3393 926 3442 fieti,
945 3395 994 3434 ad
1014 3395 1071 3435 fa·

247 3456 324 3488 mn
339 3449 602 3489 celebritatem
620 3446 839 3501 pervenire)
863 3448 905 3496 ii,
924 3452 946 3490 1
977 3449 1071 3544 ἳηὶεἰ

222 3535 226 3540 .
247 3501 360 3542 malis
377 3502 482 3544 idem
495 3515 596 3552 esse,
608 3514 655 3543 ac
670 3499 891 3556 dignitatib.
904 3503 985 3557 pub
1002 3503 1071 3553 icis

1863 228 2049 299 lxxvii

1222 386 1263 419 et
1281 379 1534 432 magistratib.
1553 378 1705 421 ornari:
1754 380 1861 432 quod
1881 382 2042 421 suadere

1219 433 1372 473 videtur
1386 434 1441 481 id,
1462 434 1570 486 quod
1589 433 1764 486 sequitur
1796 434 1838 480 ii,
1857 437 1885 474 2
1927 440 1939 457 ‘
1959 435 2045 474 Pri-

1220 500 1306 526 mus
1317 488 1458 539 gradus
1470 488 1719 539 capessendae
1731 487 1923 540 reip.&c.'
1935 488 2022 542 (Sic
2037 502 2045 527 ε

1219 547 1298 579 vet.
1311 541 1411 593 lapis
1424 541 1602 581 Ferrariae
1621 542 1661 580 in
1675 541 1823 581 aedibus
1841 541 1904 582 Fr.
1922 541 2046 582 Guic-

1219 594 1409 633 ciardini:
1451 607 1738 634 omnuim-ris
1771 607 2046 636 ntcvntona-

1219 658 1298 687 ‘rus
1313 661 1625 688 ntus‘raarus.
1651 647 1835 688 Similiter
1846 649 2045 702 accipien-

1218 701 1312 740 dum
1330 709 1391 741 est
1403 701 1500 741 illud
1529 701 1699 741 Salviani
1717 701 1784 741 lib.
1797 706 1823 743 4
1844 708 1856 726 ‘
1872 710 1915 742 ut
1928 704 2046 757 pauci

1216 754 1467 803 illustrentur,
1496 756 1664 795 mundus
1691 756 1887 805 evertitur,
1930 758 2045 797 unius

1215 808 1341 900 'Ilipam
1357 809 1460 849 orbis
1477 809 1672 849 excidium
1690 809 1775 849 est.’
1831 823 1868 849 v.
1888 810 2043 852 Buchn.

1250 863 1333 902 hes.
1611 901 1613 905 Α

1162 862 1381 968 Ιωαςίηεξη
1398 917 1695 956 consuetudinis
1713 923 1831 970 atque
1850 917 1940 957 vitae
1973 917 2044 957 ali-

1215 970 1329 1022 cujus
1361 969 1574 1023 exprimere
1598 971 1744 1025 (mores
1763 977 1805 1010 et
1837 971 1955 1010 vitam
1973 972 2042 1011 ali-

1217 1024 1330 1077 cujus
1361 1025 1597 1077 describere)
1622 1038 1689 1073 xv,
1709 1029 1731 1066 l
1775 1025 1961 1078 imagines
1991 1027 2044 1066 cl.

1217 1079 1383 1117 virorum
1410 1091 1498 1126 xxv,
1520 1081 1573 1119 18

1162 1132 1291 1172 Imbui
1308 1145 1358 1172 cu
1389 1131 1591 1172 iditatibus
1617 1146 1656 1180 x,
1675 1136 1701 1173 4

1162 1186 1311 1226 Imitari
1339 1145 1511 1238 aiiquem
1540 1187 1670 1239 aliqua
1700 1186 1742 1225 in
1772 1199 1811 1226 re
1830 1186 1930 1226 velle
1959 1191 1996 1234 s,
2015 1190 2041 1228 8

1216 1241 1540 1280 consuetudinem
1575 1240 1702 1293 gentis
1730 1240 1922 1294 (moribus
1954 1241 2040 1294 ejus

1215 1293 1366 1347 vivere)
1393 1294 1460 1341 vii,
1481 1299 1530 1335 11

1162 1347 1366 1387 Imitator:
1397 1349 1512 1387 moris
1545 1347 1734 1400 majorum
1766 1359 1938 1388 summus
1954 1347 2040 1388 imi-

1214 1407 1318 1440 tator
1335 1401 1412 1440 fuit
1438 1415 1525 1448 xxv,
1546 1405 1598 1442 18

1160 1454 1412 1494 Immerentes
1431 1454 1615 1508 (innoxii,
1634 1453 1829 1507 insontes)
1858 1467 1897 1502 x,
1917 1459 1970 1496 10

1158 1508 1365 1548 Imminere
1378 1508 1524 1563 (moliri
1537 1508 1852 1562 oppressionem)
1866 1508 1973 1556 xviii,
1989 1510 2039 1550 10

1160 1562 1394 1603 Imminuere
1419 1563 1536 1602 animi
1556 1562 1864 1615 magnitudinem
1892 1563 2041 1617 (minus

1213 1630 1346 1669 quam,
1363 1617 1562 1670 frangere)
1591 1615 1699 1664 xviii,
1718 1622 1742 1657 5
1923 1618 1925 1621 '

1159 1669 1373 1710 Immittere
1386 1671 1567 1724 jumenta
1584 1669 1661 1724 (sc.
1680 1671 1730 1710 ad
1759 1671 1862 1710 host.
1892 1670 2039 1725 castra)

1211 1723 1319 1771 xxiii,
1338 1730 1362 1765 5

1159 1777 1421 1818 Immoderata
1448 1777 1607 1818 licentia
1634 1776 1761 1832 (vulgi
1780 1778 1863 1818 scil.
1883 1777 2040 1819 liberta·

1214 1838 1293 1872 tem
1306 1845 1416 1872 suam
1428 1833 1730 1884 intemperanter
1741 1832 1922 1872 habentis
1939 1839 1980 1872 et
1997 1834 2040 1873 iu

1215 1884 1412 1926 licentiam
1428 1886 1625 1925 vertentis.
1645 1885 1806 1940 Boecl.)
1833 1886 1901 1934 vii,
1918 1890 1945 1928 4

1159 1939 1412 1980 Immodestia
1427 1940 1499 1994 (de
1519 1939 1676 1979 licentia
1706 1940 1820 1980 milit.
1835 1947 1878 1981 et
1902 1941 2041 1994 dedig-

1215 1994 1377 2034 natione
1393 1994 1568 2046 parendi.
1587 1993 1748 2046 Boecl.)
1767 1994 1824 2042 vi,
1837 1997 1876 2034 1.
1904 1995 1972 2042 vii,
1988 2001 2015 2037 8

1162 2046 1370 2087 Immolare
1388 2047 1533 2087 hostias
1545 2046 1573 2087 J
1575 2048 1642 2088 ovi
1667 2048 1777 2095 xxiii,
1791 2051 1817 2088 2
1845 2047 1906 2101 (v.
1921 2048 2042 2089 Briss.

1215 2102 1248 2142 F
1248 2115 1343 2141 orm.
1364 2106 1402 2142 1.
1437 2108 1448 2125 ⁴
1466 2114 1546 2140 non
1571 2108 1633 2141 est
1671 2102 1734 2141 hic
1751 2101 1955 2142 victimarii
1973 2110 2043 2142 aut

1214 2169 1347 2209 popae,
1366 2156 1435 2195 sed
1465 2155 1678 2196 sacerdotis
1695 2161 1764 2195 aut
1780 2155 2040 2209 magistratus,

1217 2211 1286 2263 qui
1303 2222 1411 2250 sacra
1427 2209 1549 2249 facit-³
1578 2209 1780 2264 Boecler.)

1163 2263 1395 2304 Immortalis
1415 2278 1424 2303 :
1453 2265 1638 2304 memoria
1654 2263 1860 2304 immortali
1875 2265 2040 2306 retinere

1217 2318 1410 2358 beneficia
1427 2323 1616 2371 percepta
1633 2317 1866 2372 (αὐξητικῶς
1883 2321 1934 2360 de
1952 2320 2041 2360 dili·

1215 2372 1338 2425 genti,
1375 2378 1566 2425 perpetua
1607 2371 1814 2426 memoria)
1860 2386 1949 2421 ειν,
1987 2376 2035 2414 11

1214 2426 1438 2465 immortalis
1457 2437 1592 2478 pugna
1615 2425 1795 2478 (dicitur,
1822 2427 1935 2479 cujus
1953 2428 2038 2480 glo-

1211 2480 1267 2518 ria
1302 2486 1364 2518 est
1387 2479 1577 2530 immort.)
1621 2492 1685 2526 xv,
1707 2483 1758 2520 10
1802 2480 2036 2520 immortales

1211 2531 1282 2571 Dii
1310 2546 1374 2579 xx,
1395 2537 1418 2572 5
1449 2531 1649 2585 (ἐπίθετον
1666 2532 1850 2586 solenne)

1156 2585 1388 2625 Immutatus
1404 2601 1412 2624 ε
1443 2585 1666 2626 mirabiliter
1695 2587 1802 2639 vulgi
1833 2587 2038 2627 immutata

1208 2646 1268 2679 est
1299 2640 1478 2680 voluntas
1519 2653 1559 2686 x,
1595 2644 1646 2680 10
1701 2640 1787 2694 (Sic
1824 2640 2036 2681 Lambinus

1206 2693 1346 2734 edidit.

1207 2747 1309 2801 tata)

1152 2801 1394 2855 Imparatus:
1435 2801 1679 2841 existimabat
1708 2800 1861 2842 facilius
1890 2815 1932 2843 se
1961 2803 2033 2843 im-

1205 2857 1438 2909 prudentem
1455 2855 1764 2909 imparatumque
1778 2868 1899 2908 parva
1915 2869 2033 2897 manu

1206 2922 1491 2964 oppressurum,
1510 2923 1627 2962 quam
1660 2916 1838 2962 paratum
1856 2911 2032 2964 quamvis

1204 2976 1348 3017 magno
1362 2963 1534 3004 exercitu
1562 2965 1640 3012 xiv,
1659 2967 1686 3005 4
1715 2963 1794 3017 (sic
1813 2977 1880 3018 qu.
1908 2965 2027 3004 edd.:

1204 3017 1338 3058 sed'rb
1357 3023 1369 3041 ⁸
1384 3017 1707 3071 impamtumque'
1723 3019 1935 3070 genuinum
1950 3031 2030 3058 non

1204 3071 1391 3126 videtur).
1420 3085 1555 3112 omnes
1581 3073 1790 3125 imparatos
1806 3072 2029 3125 impruden·

1203 3131 1340 3179 tesque
1356 3124 1527 3173 offendit
1553 3126 1646 3173 xvii,
1663 3130 1691 3166 2

1149 3177 1439 3240 Impedimenta
1460 3179 1542 3226 viii,
1561 3183 1587 3220 2
1624 3178 1929 3233 (significatione
1956 3178 2028 3219 mi·

1202 3233 1318 3280 litari,
1333 3245 1403 3285 pro
1421 3232 1595 3280 sarcinis,
1623 3233 1903 3281 instrumentis,
1920 3233 2027 3272 vehi-

1200 3286 1314 3332 culis,
1342 3285 1514 3338 ipsisque
1526 3284 1731 3338 jumentis,
1748 3297 1838 3339 qne
1866 3286 2028 3339 expedi-

1202 3339 1352 3378 tionum
1370 3339 1667 3380 necessitatibus
1698 3346 1740 3380 et
1759 3341 1928 3382 vecturis
1946 3353 2026 3381 ser·

1201 3391 1325 3432 viunt.
1342 3389 1502 3446 Boecl.)

1148 3444 1344 3498 Impedire
1360 3446 1529 3501 aliquem
1549 3447 1712 3487 multum
1739 3448 1793 3496 ix,
1812 3453 1838 3490 2
1867 3461 1916 3488 ne
1936 3448 2022 3501 quis

1200 3499 1466 3554 impediretur,
1493 3514 1573 3555 quo
1591 3501 1719 3542 minus
1753 3502 1828 3543 διο.
1857 3513 1898 3549 ν,
1917 3505 1943 3542 4

1391 2693 1476 2734 Nos
1503 2705 1527 2733 e
1545 2693 1652 2733 libris
1672 2694 1919 2735 melioribus:
1950 2708 2034 2735 mu-
