2306 3900
299 409 490 451 habebat
515 406 773 461 longiorem.
847 409 1107 451 Plutarchus
1139 409 1185 449 in

299 473 559 514 Artaxerxe.
601 472 656 514 R.
670 473 814 514 David
833 473 1008 514 Kimchi
1036 473 1185 514 intem-

298 536 470 588 pestive
484 535 667 587 subtilis,
679 536 986 588 Longimanum
999 548 1185 588 amagna

300 599 501 650 potentia
520 598 684 639 dictum
704 600 812 640 vult.
865 599 957 640 Alii
988 612 1013 640 a
1031 599 1184 639 libera·

299 661 442 702 litate.
500 661 614 702 Vide
641 660 836 714 Philipp.
870 661 1112 703 Melancht.
1139 662 1183 701 in

303 724 461 764 Chron.
515 725 625 766 Quae
647 724 815 776 Regum
843 726 1018 777 propria
1036 727 1186 777 virtus,

302 788 418 828 unde
437 786 632 841 εὔεραέναι
647 794 871 830 vocantur.
899 789 1100 829 Keuchen.

356 851 565 902 Mnemon]
614 850 794 903 Μνήμων,
831 851 877 892 id
908 857 1184 903 est,'memor,

294 914 408 965 sive,
442 919 490 955 ut
531 914 820 965 Hieronymus
855 914 1184 966 interpretatur,

294 978 522 1019 recordans.
579 977 666 1017 Hic
693 977 830 1018 Dario
847 977 996 1017 Notho
1023 988 1188 1017 succes·

304 1041 376 1092 sit,
400 1045 449 1080 ut
466 1039 539 1080 ille
568 1040 720 1080 Xerxi.
778 1039 950 1080 Nomen
982 1039 1071 1092 ejus
1089 1051 1186 1092 pro-

301 1103 443 1154 prium
470 1101 555 1142 fuit
579 1100 768 1153 Arsicas,
785 1102 978 1154 quamvis
1004 1103 1187 1143 Darsem

302 1164 417 1206 ferat
460 1169 755 1217 nuncupatum
799 1164 959 1205 Dinon.
1034 1165 1190 1205 Tradit

305 1229 578 1279 Plutarchus,
594 1228 709 1280 quod
727 1227 798 1269 hic
817 1227 989 1268 Arsicas
1009 1240 1035 1267 a
1052 1227 1190 1268 Patre

304 1291 439 1331 Dario
459 1292 554 1332 Rex
581 1291 848 1343 designatus,
864 1289 930 1330 καὶ
945 1289 1190 1344 Ἀρταξέρξης

304 1353 614 1406 μετονομασθείς.
651 1355 774 1396 Idem
787 1354 873 1394 fuit
887 1355 989 1406 Cyri
1000 1355 1028 1396 J
1033 1355 1190 1395 unioris

305 1418 456 1469 frater,
502 1418 628 1472 Darii
673 1423 720 1459 et
753 1417 1024 1470 Parysatidis
1064 1417 1189 1458 filius.

307 1481 436 1524 Quod
456 1487 502 1522 et
529 1480 749 1528 ἀναβάσεως
776 1482 913 1533 primo
939 1482 1192 1533 comprobat

306 1544 564 1596 Xenophon,
581 1545 652 1596 qui
673 1550 719 1585 et
739 1545 898 1596 Cyrum
918 1538 972 1585 ab
992 1545 1067 1585 illo
1083 1545 1192 1585 anti-

309 1608 458 1659 quiore
476 1608 663 1648 omnium
682 1606 811 1647 fuisse
832 1609 1061 1649 Persarum
1080 1610 1192 1653 βασι-

307 1668 527 1710 mmm-011
555 1670 866 1723 pronunciavit,
882 1671 1193 1723 ‘praecipueque

310 1733 491 1786 imperio
511 1734 698 1786 dignum.

367 1797 492 1837 Terra
507 1797 681 1849 murique
695 1797 834 1837 bellum
852 1795 993 1836 intulit
1006 1794 1194 1847 Groecioe]

310 1858 397 1900 Adi
410 1861 671 1901 luculentam
682 1861 902 1900 materiam
919 1860 974 1899 de
987 1860 1069 1900 isto
1081 1860 1195 1899 bello

311 1930 359 1963 ot
377 1923 654 1975 expeditione
684 1923 729 1963 iu
755 1923 861 1963 Vita
885 1922 1196 1973 Themistoclis,

310 1992 359 2027 et
377 1987 487 2027 adde
513 1987 722 2039 insignem
741 1987 883 2026 locum
909 1986 1068 2026 Ctesiae
1088 1985 1195 2025 Gni-

310 2049 388 2100 dii,
406 2051 570 2104 antiqui
588 2050 816 2102 Scriptoris
833 2052 910 2089 τῶν
927 2052 1134 2101 Περσικῶν.

366 2115 579 2155 Persarum
589 2114 718 2165 nemo]
736 2113 874 2154 Vetus
887 2113 1037 2154 Codex
1055 2113 1197 2153 Persas

310 2190 435 2218 nemo.
480 2179 697 2218 Schottus.

369 2242 479 2280 Nam
503 2253 589 2281 cum.
610 2240 751 2281 matris
767 2252 850 2290 snaey
860 2237 1019 2290 scelere]
1061 2239 1199 2291 Pary-

311 2303 479 2343 satidis.
536 2304 644 2345 Quae
673 2314 699 2342 a
725 2302 894 2343 Graecis
920 2300 1092 2354 Φάρσιρις
1126 2314 1199 2342 vo-

313 2371 430 2406 cata.
485 2365 652 2406 Ctesias
691 2376 789 2406 XVI.
855 2364 937 2403 Sed
974 2364 1066 2403 haec
1098 2368 1199 2404 sunt

315 2429 488 2470 nomina
517 2429 711 2479 Persica,
730 2440 756 2467 a
774 2427 942 2468 Graecis
971 2438 1105 2478 prave
1124 2426 1198 2468 de-

315 2498 446 2533 torta.
502 2491 670 2532 Salmas.

368 2554 578 2596 Amisisset
595 2551 776 2604 uxorem]
813 2551 1040 2592 Statiram:
1072 2564 1199 2604 quam

317 2628 485 2658 veneno
521 2617 767 2656 sustulerat.
820 2615 1045 2655 Plutarch.
1101 2615 1199 2656 Quo

316 2685 449 2733 pacto
493 2680 599 2721 illud
643 2678 879 2732 paraverit,
911 2678 1040 2718 docet
1083 2676 1199 2717 idem

318 2743 502 2784 Ctesias.

372 2807 546 2847 Tantum
568 2805 733 2846 indulsit
750 2804 888 2855 dolori,
903 2808 949 2845 ut
966 2816 1053 2844 cum
1072 2802 1203 2856 pietas

314 2870 505 2922 vinceret]
560 2871 732 2921 Nempe
764 2873 900 2909 matre
936 2868 1202 2919 Babylonem

318 2933 510 2983 dimissa,
530 2933 666 2971 solum
688 2931 886 2971 ancillam
911 2930 1006 2982 ejus
1027 2929 1203 2982 Gingin,

319 3007 412 3045 seu,
445 3001 496 3035 ut
525 2994 692 3035 Ctesias
730 2999 872 3045 vocat,
912 2993 1100 3045 Gingen,
1125 2993 1203 3032 mi-

317 3059 496 3098 nistram
549 3056 725 3097 sceleris
771 3055 982 3107 supplicio
1039 3053 1200 3095 affecit.

317 3124 331 3147 ‘
350 3124 502 3164 Pietas
517 3121 528 3139 ’
565 3121 699 3174 igitur
716 3132 820 3172 erga
844 3125 1025 3160 matrem
1049 3119 1204 3160 intelli-

320 3186 462 3238 genda
482 3190 564 3235 est,
581 3195 668 3223 non
694 3190 799 3234 erga
827 3180 1076 3221 defunctam
1099 3192 1203 3221 uxo·

321 3260 429 3300 rem,
449 3254 497 3288 ut
515 3247 578 3287 vir
595 3246 750 3286 doctus
776 3244 947 3286 videtur
967 3243 1201 3296 accepisse.

321 3310 482 3350 Rosius.

375 3374 516 3414 Morbo
549 3379 701 3415 naturoe
731 3374 904 3415 debitum
932 3371 1204 3424 reddiderunt]

322 3437 452 3479 Prior
487 3439 684 3489 regnavit
738 3451 870 3479 annos
887 3450 978 3479 xm.
1040 3437 1204 3490 Sulpic.

323 3500 555 3553 Diodorus,
574 3507 618 3542 et
632 3501 840 3541 Eusebius
863 3494 1027 3542 tantum
1043 3512 1116 3544 xx..
1129 3513 1206 3542 nu·

682 292 864 332 NO'I'AE
903 290 1240 335 VARIORUM
1282 294 1344 333 IN
1387 295 1442 334 G.
1481 294 1746 334 NEPOTIS

1247 418 1431 453 merant.
1475 411 1647 453 Praeter
1665 412 1759 452 illos
1772 422 1872 453 xvi.
1886 415 1990 452 cum
2004 417 2127 464 patre

1246 474 1397 530 Xerxe
1417 475 1658 528 imperavit.
1714 475 1856 528 Igitur
1883 474 1927 514 in
1957 475 2126 518 univer·

1247 548 1340 577 sum
1373 548 1462 579 Lvr.
1516 539 1600 579 Sed
1636 549 1735 579 xvi.
1776 538 1876 578 anni
1913 549 1999 579 non
2028 550 2127 592 sup-

1247 605 1454 652 putantur
1491 615 1517 642 a
1555 601 1848 654 chronologis.
1903 602 2130 643 Posterior

1247 664 1440 716 regnavit
1454 676 1586 705 annos
1598 675 1713 705 nxn.
1733 657 1954 704 Plutarch:
1969 665 2130 716 Sulpic.

1246 725 1331 765 Sed
1349 726 1615 767 confundunt
1632 728 1755 779 hujus
1772 727 1940 780 imperii
1959 733 2130 780 tempus

1247 787 1519 842 chronologi.
1575 790 1662 831 Alii
1681 803 1812 831 annos
1832 796 2029 832 statuunt
2055 802 2130 832 nv.

1248 852 1454 892 Nonnulli
1464 862 1687 893 numerant
1696 864 1818 894 xuv.
1834 854 1990 894 Plures
1999 864 2132 895 xmn.

1248 918 1293 953 et
1311 914 1510 966 attigisse
1529 916 1682 955 volunt
1708 926 1831 956 xmv.
1876 917 2129 969 Quanquam

1248 976 1462 1016 Eusebius
1480 977 1517 1017 ei
1536 977 1697 1017 tribuat
1713 989 1844 1017 annos
1858 988 1933 1018 xr..
1947 983 2131 1019 tantum.

1249 1041 1471 1082 Quomodo
1503 1042 1637 1082 etiam
1664 1041 1801 1094 Beda,
1828 1053 2009 1094 quorum
2037 1053 2133 1082 sen·

1250 1104 1388 1143 tentia
1402 1104 1589 1144 maxime
1609 1104 1857 1156 probabilis.
1913 1104 2115 1145 Keaoehen.

1308 1166 1467 1206 Tertius
1495 1167 1543 1206 ab
1572 1167 1775 1207 Artabano
1798 1166 2001 1219 proefecto,
2018 1166 2134 1216 ferro

1249 1229 1482 1278 interfectus
1495 1230 1572 1281 est]
1595 1232 1708 1283 Lege
1724 1231 1752 1272 J
1757 1230 1942 1271 ustinum
1956 1231 2000 1270 in
2020 1231 2134 1283 prin-

1251 1292 1365 1344 cipio
1385 1305 1456 1334 111.
1486 1293 1684 1334 Orosium
1703 1305 1753 1334 11.
1768 1297 1835 1335 11.
1863 1293 2046 1336 Diodor.
2066 1304 2135 1334 ιι.

1252 1355 1433 1397 Aristot.
1465 1358 1535 1397 De
1555 1357 1725 1410 republ.
1744 1357 1983 1398 administr.
1999 1368 2046 1398 v.
2066 1360 2135 1398 10.

1252 1421 1392 1463 Quem
1413 1422 1560 1473 Nepos
1586 1434 1635 1461 ac
1655 1423 1848 1464 Justiuus
1865 1422 2132 1463 Artabanum

1253 1488 1424 1534 vocant,
1459 1485 1493 1523 is
1526 1484 1749 1525 Aristoteli
1783 1491 1852 1526 est
1881 1484 2137 1539 Ἀρταπάνης,

1254 1546 1414 1588 Ctesiae
1431 1544 1679 1599 Ἀρτάπανος.
1708 1548 1909 1598 Bongars.

1310 1610 1422 1651 CAP.
1466 1614 1507 1651 2.
1560 1611 1806 1663 Alexander]
1878 1612 2138 1653 Macedonia

1255 1673 1399 1724 patria
1418 1672 1500 1713 fuit
1529 1674 1727 1726 specialis
1746 1675 1995 1717 Alexandro
2014 1677 2137 1728 Mag-

1255 1748 1329 1787 no,
1348 1747 1433 1776 non
1451 1737 1554 1776 item
1569 1737 1797 1789 generalis,
1809 1743 1885 1778 aut
1900 1738 2139 1791 singularis.

1256 1801 1316 1841 Et
1335 1802 1396 1842 sic
1431 1802 1707 1855 intelligenda
1727 1802 1860 1843 verba
1877 1814 1911 1844 1.
1935 1803 2138 1845 Machab.

1257 1876 1354 1915 cap.
1371 1867 1410 1906 1.
1422 1877 1533 1905 vers.
1543 1869 1582 1905 1.
1610 1863 1855 1918 Ἀλέξανδρος
1865 1867 1938 1906 τοῦ
1951 1865 2141 1908 Φιλίππου

1256 1926 1376 1981 (υἱὸς)
1411 1929 1433 1967 ὁ
1473 1929 1657 1968 Μακεδὼν
1689 1930 1848 1979 ἐξῆλθεν
1887 1930 1932 1970 ἐκ
1963 1931 2038 1979 τῆς
2065 1931 2142 1981 ’γῆς

1255 1989 1467 2041 Χὲττειείμ.
1544 1992 1774 2033 Generalis
1821 1991 1907 2032 fuit
1951 1988 2144 2044 Grdecia,

1256 2056 1371 2096 unde
1415 2057 1526 2096 Dan.
1561 2067 1662 2096 vm.
1702 2067 1812 2098 vers.
1846 2060 1914 2097 21.
1961 2061 2143 2097 vocatur

1259 2122 1314 2172 ‘ll’
1340 2104 1437 2175 *15²2
1467 2124 1557 2163 Rex
1574 2124 1723 2173 Javan,
1751 2122 1832 2163 hoc
1863 2127 1944 2174 est,
1962 2122 2141 2164 Graeco·

1259 2199 1366 2229 rum.
1421 2186 1659 2239 Singularis
1694 2185 1778 2227 fuit
1829 2186 1982 2226 civitas
2017 2185 2143 2226 Pella

1258 2250 1302 2290 in
1325 2250 1586 2290 Macedonia
1603 2264 1616 2300 ;
1644 2250 1759 2289 unde
1778 2250 1792 2272 ‘
1812 2250 2001 2290 Pellaeus
2012 2249 2140 2302 juve-

1259 2313 1348 2353 nis'
1390 2313 1503 2364 apud
1541 2313 1700 2353 Poe'tas
1730 2313 1949 2365 praecipue
1986 2312 2142 2354 decan-

1260 2380 1392 2417 tatus.
1419 2375 1683 2416 Kenchenius.
1739 2376 1839 2415 Fuit
1870 2375 2060 2428 spurius,
2088 2388 2144 2417 ex

1261 2440 1489 2490 adulterio,
1501 2444 1550 2479 ut
1563 2439 1769 2490 creditur,
1796 2439 2022 2479 Pausaniae
2046 2451 2143 2480 cum

1262 2503 1522 2556 Olympiade
1557 2502 1738 2555 genitus.
1793 2501 1922 2544 Quod
1955 2514 2010 2542 ex
2043 2501 2145 2542 Plu-

1261 2567 1410 2607 tarcho
1429 2571 1475 2606 et
1493 2565 1664 2608 Justino
1684 2564 1786 2604 satis
1803 2565 1919 2605 clare
1936 2570 2117 2618 apparet
2133 2578 2146 2614 ;

1264 2636 1310 2670 et
1337 2634 1584 2670 constanter
1600 2628 1749 2668 Persae
1773 2639 1824 2668 ac
1851 2627 2018 2668 Arabes
2032 2627 2146 2669 affir-

1976 2690 2146 2733 Arabes

1264 2790 1359 2819 cum
1379 2770 1471 2846 94⁶),
1499 2770 1717 2853 0931„
1750 2775 2148 2827 Bicornemvocant,

1263 2883 1348 2912 non
1368 2875 1456 2911 tam
1475 2869 1531 2909 ob
1550 2874 1723 2920 partum
1745 2867 1936 2908 Orientis
1954 2873 2003 2909 et
2018 2866 2144 2908 Occi-

1263 2934 1407 2974 dentis
1450 2933 1693 2984 imperium,
1730 2944 1856 2984 quam
1898 2943 1924 2971 a
1967 2936 2149 2972 cornuta

1264 2994 1500 3036 Alexandri
1516 2992 1656 3045 effigie
1675 2994 1856 3033 nummis
1874 2993 2081 3044 exhibita,
2100 2997 2150 3033 ut

1264 3058 1384 3100 Jovis
1421 3054 1639 3096 Ammonis
1670 3054 1783 3095 filius
1820 3061 2146 3106 agnosceretur.

1270 3120 1424 3160 Golius.

1262 2698 1398 2735 mant.
1444 2691 1722 2733 Semel-sardus.
1758 2691 1930 2733 Vossius.

1319 3180 1543 3234 Babylone]
1573 3181 1670 3223 Quo
1703 3181 1937 3233 concessit,
1965 3180 2147 3222 Cossaeis

1266 3245 1469 3295 subactis,
1498 3243 1552 3284 ad
1582 3243 1812 3284 audiendas
1842 3243 2029 3283 omnium
2055 3242 2148 3284 fere

1268 3309 1460 3363 gentium
1503 3308 1752 3360 legationes.
1822 3304 1999 3345 Diodor.
2031 3315 2149 3348 xvn.

1267 3372 1439 3412 Arrian.
1460 3381 1542 3411 vn.
1597 3371 1657 3410 Et
1677 3379 1915 3422 quanquam
1943 3368 2064 3421 Magi
2082 3382 2150 3409 ur-

1267 3434 1366 3476 bem
1394 3435 1503 3474 hanc
1535 3432 1575 3472 ei
1607 3431 1781 3472 fatalem
1814 3428 1909 3469 fore
1941 3430 2150 3481 praedica-

1269 3502 1384 3548 rent,
1395 3501 1540 3537 tamen
1551 3492 1607 3535 ab
1621 3491 1873 3534 Anaxarcho
1887 3492 2148 3545 Philosopho
2166 3514 2167 3517 =
