2326 3944
315 257 426 312 472

315 389 536 441 εὐλάβειαν,
543 391 592 431 ὥς
600 390 766 444 ἡμίεργα
777 392 1098 447 διαταττομένων,
1107 393 1198 445 ἑφό-

313 470 433 509 ρησεν
446 454 501 496 εἷς
517 453 744 506 ἀσέλγειαν.
800 457 914 509 Ergo
932 469 1043 498 nunc
1063 457 1199 510 liquet

314 520 558 571 Lycurgum
578 528 628 558 ac
648 518 847 559 Solonem
866 520 985 572 quasi
1003 521 1197 561 consulto

313 581 551 621 contrarias
568 581 705 621 bacin
720 588 844 633 parte
862 583 976 634 leges
992 583 1196 622 sanxisse.

314 646 402 687 Hic
437 646 552 699 apud
580 645 866 686 Athenienses
899 658 1196 699 germanarum

314 722 525 761 sororum,
555 709 646 749 sive
683 710 1017 762 consanguineas
1055 710 1197 750 dicere

313 773 452 824 malis,
497 771 809 813 matrimonium
852 772 1062 813 indulsit:
1122 772 1195 812 ille

312 835 428 888 apud
448 835 795 876 Lacedaemonios
811 836 931 889 quasi
948 836 1050 876 data
1065 848 1196 889 opera

313 900 437 953 huJus
456 898 666 939 institutis
686 899 919 939 adversans
949 897 1198 951 consangui-

311 962 488 1005 nearum
533 963 835 1016 conjunctione
872 962 1113 1014 interdixit,
1150 966 1197 1002 et

311 1027 577 1068 uter-inarum
607 1037 799 1067 sororum
829 1025 1066 1078 nuptialem
1099 1038 1198 1066 con-

310 1088 582 1130 suetudinem
614 1087 837 1140 permisit:
866 1087 980 1141 quod
1008 1088 1121 1140 apud
1140 1087 1197 1128 A·

310 1153 555 1194 thenienses
593 1151 762 1206 piaculo
794 1151 973 1203 dignum
1012 1151 1197 1203 poneba-

311 1222 397 1257 tur.
466 1214 774 1267 Aristophanes
813 1214 995 1257 Nebulis
1029 1220 1116 1257 act.
1152 1228 1196 1258 v.

312 1292 371 1321 se.
392 1283 432 1323 2.
461 1279 510 1319 ‘0
526 1280 557 1319 δ’
571 1277 678 1320 εὗθὺς
691 1276 755 1332 ᾖα)
766 1278 968 1332 Εὐριπίδου
978 1279 1090 1331 ᾗσιν
1105 1281 1194 1331 τιν’,

314 1344 365 1384 ὥς
394 1342 522 1384 ἐκίνει.
591 1340 798 1394 Ἀδελφὺς,
828 1340 858 1381 ὦ
891 1341 1097 1396 ’λεξίκακε,
1121 1343 1196 1393 τὴν

309 1406 546 1462 ὁμομητρίαν
555 1405 743 1462 ἀδελφήν.
799 1406 887 1447 Ubi
900 1413 1051 1448 auctor
1063 1408 1193 1449 Scho-

307 1468 464 1513 liorum
479 1484 492 1512 ι
520 1469 675 1518 Ἐπειδὴ
689 1467 734 1510 δὲ
748 1469 852 1522 παρὰ
861 1468 1075 1518 Ἀθηναίοις
1088 1469 1193 1522 ἕξεσ-

307 1549 348 1574 τι
374 1535 516 1585 γαμεῖν
532 1532 618 1585 γτὰς
644 1533 689 1573 ἑκ
715 1530 892 1585 πατέρων
918 1533 1105 1587 ἀδελφὰς,
1141 1533 1194 1576 εἷς

310 1597 470 1648 αὔξησιν
502 1597 575 1636 τοῦ
610 1594 844 1647 ἀδικήματος
873 1595 1089 1654 προσέθηκε
1111 1589 1194 1647 τὴν

308 1661 558 1715 ὁμομητρίαν.
613 1661 840 1716 AEgyptius
865 1667 1009 1703 autem
1027 1663 1194 1715 legisla-

307 1732 378 1768 tor
413 1726 547 1767 irrisit
581 1725 681 1771 hinc
716 1724 1041 1767 Atheniensium
1075 1727 1194 1768 illinc

306 1789 729 1833 Lacedaemoniorum
761 1789 1110 1842 superstitionem
1141 1801 1192 1830 ac

307 1853 600 1904 timiditatem,
610 1858 815 1907 tanquam
829 1851 1086 1906 imperfecta
1097 1865 1192 1894 san-

307 1917 531 1970 cientium,
561 1917 795 1970 iisdemque
828 1919 955 1968 patre
983 1927 1033 1957 ac
1051 1920 1192 1957 matre

304 1979 473 2032 genitos
489 1978 745 2021 incestuosis
775 1978 936 2032 nuptiis
954 1979 1191 2032 copulavit.

309 2042 510 2085 Gebhard.

359 2107 454 2147 Non
471 2105 602 2158 magis
620 2116 751 2145 amore
774 2117 889 2157 quam
915 2104 1048 2156 patrio
1066 2105 1190 2158 more]

304 2167 552 2210 Andocides
571 2167 651 2208 hoe
679 2165 742 2206 διὰ
758 2165 1000 2219 παρανομίαν
1025 2166 1190 2208 factum

302 2231 467 2283 scribit,
493 2230 541 2270 in
576 2229 786 2271 Oratione
820 2235 970 2271 contra
1001 2229 1193 2271 Alcibia-

305 2294 418 2336 dem.
472 2292 524 2333 Τὸ
538 2293 669 2345 patrio
694 2292 818 2332 abest
845 2305 871 2332 a
898 2293 1189 2346 manuscripto

300 2355 536 2408 Mendozii‚
551 2353 733 2406 Gifanii,
751 2355 939 2407 itemque
951 2354 1189 2409 Ultraject.

302 2426 454 2473 estque
491 2418 711 2460 venustior
751 2415 1050 2460 ἄντανάκλασις’
1088 2431 1188 2471 pec-

301 2496 424 2525 casse
445 2488 590 2525 autem
609 2482 677 2523 bis
695 2482 808 2522 hunc
836 2483 1089 2535 scriptorem
1114 2495 1188 2524 no-

302 2553 370 2589 tat
402 2539 600 2588 Muretus
626 2546 732 2586 Var.
751 2545 826 2587 lib.
845 2552 931 2587 vn.
950 2550 990 2588 1.
1022 2550 1188 2588 tuetur-

301 2621 385 2663 que
422 2609 627 2650 adversus
664 2607 919 2649 Xilandrum
965 2608 1187 2651 Cimonem

298 2673 330 2713 1.
352 2683 430 2714 xv.
451 2677 490 2714 5.
519 2671 721 2713 Schottus.

352 2733 658 2776 Atheniensibus
670 2733 782 2786 licet]
810 2733 920 2774 Sane
933 2746 1078 2776 omnes
1091 2735 1188 2778 His·

299 2798 428 2839 torici
463 2796 641 2838 infamia
672 2795 834 2837 factum
871 2797 952 2838 hoc
997 2798 1188 2841 Cimonis

297 2866 467 2903 notant.
523 2860 674 2901 Suidas
694 2861 950 2901 testularum
973 2861 1186 2914 supplicio

296 2925 354 2968 ob
386 2937 479 2966 eam
512 2936 682 2964 causam
712 2925 819 2964 urbe
850 2925 970 2966 illum
999 2926 1185 2977 eiectum

298 2990 463 3031 adserit
498 2988 542 3028 in
579 2999 685 3028 voce
722 2986 853 3037 Κίμων
893 2994 939 3028 et
977 2987 1182 3041 ὅστρακος.

299 3053 460 3095 Athen.
476 3053 508 3094 l.
526 3063 634 3093 xm.
650 3050 877 3104 παρανόμως
895 3057 1047 3092 contra
1066 3054 1183 3104 leges

298 3123 345 3158 et
382 3127 522 3158 mores
551 3115 703 3169 patriae
745 3115 920 3167 nuptias
952 3115 1058 3156 istas
1095 3114 1182 3156 fac-

297 3185 363 3220 tas
393 3192 488 3220 esse
516 3178 679 3219 scribit.
732 3177 993 3218 Plutarchus
1019 3178 1064 3217 in
1094 3177 1183 3219 vita

297 3243 390 3295 ejus
409 3241 583 3294 propius
603 3241 657 3281 ad
682 3240 817 3280 Probi
835 3241 1092 3281 sententiam
1111 3252 1182 3282 ac-

297 3304 430 3346 cedit.
466 3304 632 3354 Longol.
688 3304 760 3344 De
778 3316 896 3344 more
925 3304 1004 3344 hoc
1023 3309 1183 3356 praeter

295 3364 532 3415 Philonem
545 3371 760 3405 testantur
781 3367 1042 3407 Scholiastes
1061 3367 1182 3408 Aris-

296 3430 496 3485 tophanis
512 3430 567 3471 ad
587 3430 796 3471 Nebulas.
853 3432 1065 3474 Minutius
1094 3433 1181 3475 Oc-

297 3490 415 3539 tavio
447 3499 494 3536 et
518 3493 685 3538 Seneca
712 3492 756 3535 in
775 3493 1182 3551 Apoeolocynthosi,

699 273 877 313 NOTAE
915 274 1253 315 'VARIORUM
1292 276 1359 316 IN
1400 279 1453 318 G.
1496 279 1757 319 NEPOTIS

1259 407 1436 449 quorum
1457 397 1589 439 verba
1618 402 1717 450 post
1746 399 1850 439 alios
1867 397 2140 440 adduxerunt

1260 459 1461 511 Rutgers.
1486 461 1563 500 lib.
1591 473 1641 501 11.
1678 468 1722 501 et
1760 462 1933 502 Samuel
1964 462 2139 502 Petitus

1259 522 1380 562 Com.
1398 522 1450 561 ad
1467 523 1606 574 legem
1626 522 1816 563 Atticam
1834 525 1887 563 B.

1315 585 1443 630 Quam
1459 586 1703 638 pecuniosus]
1722 587 1879 627 Dictus
1895 586 1951 626 ob
1966 585 2009 626 id
2023 585 2139 638 apud

1259 646 1543 692 Athenienses
1553 649 1837 705 λακόπλουτος,
1846 653 1957 706 quod
1972 653 2140 694 scilicet

1259 722 1314 751 ex
1342 713 1483 763 puteis
1501 719 1548 755 et
1565 714 1722 756 fodinis
1739 717 1910 757 divitias
1929 720 2139 768 parasset.

1257 772 1404 827 Atque
1414 776 1467 816 ad
1477 777 1520 816 id
1529 779 1769 830 respexisse
1779 780 1949 820 videtur
1958 779 2141 822 Probus.

1260 836 1477 878 Caeterum
1507 839 1766 882 Plutarchus
1804 843 1979 883 Calliam
2011 843 2140 895 longe

1259 900 1344 940 alia
1362 901 1526 942 ratione
1546 902 1590 942 in
1617 903 1707 944 vita
1735 903 1936 945 Aristidis
1959 905 2140 946 divitem

1258 963 1437 1016 factum,
1456 971 1501 1006 et
1521 966 1601 1007 hoc
1616 979 1770 1008 nomen
1780 965 2057 1008 Λακόπλουτον
2070 980 2140 1009 ac-

1258 1026 1424 1079 cepisse
1443 1027 1591 1070 refert.
1645 1027 1881 1071 Athenaeus
1909 1035 2053 1072 autem
2084 1041 2141 1071 ex

1260 1090 1494 1131 Heraclide
1527 1092 1712 1133 Pontico
1747 1092 1820 1134 lib.
1852 1091 2142 1136 xn.'diversa

1258 1153 1313 1193 de
1349 1155 1431 1195 hoc
1468 1154 1605 1196 divite
1646 1165 1711 1199 a'v
1749 1157 1943 1208 lutarcho
1977 1148 2142 1209 prodit.

1256 1217 1422 1269 Lougoi.
1475 1218 1587 1286 Vide
1612 1218 1673 1260 At
1698 1226 1756 1261 'en
1801 1211 1870 1261 ιῖω
1897 1220 1970 1261 lib.
1991 1231 2077 1261 xn.
2096 1224 2141 1262 7.

1258 1286 1304 1321 et
1333 1277 1663 1324 Suidam.‘·³Hic
1701 1283 1740 1323 ci
1800 1283 1977 1324 abareos
2009 1282 2141 1325 confl-

1257 1343 1399 1383 ciendi
1432 1345 1644 1385 rationem
1676 1345 1864 1386 invenit:
1906 1351 1955 1387 ut
1989 1351 2142 1386 auctor

1255 1406 1570 1458 Theophrastus
1591 1407 1665 1448 lib.
1678 1406 1765 1459 περὶ
1782 1407 1912 1449 λίθων.
1967 1407 2039 1449 Ab
2056 1408 2140 1449 hoc

1256 1469 1386 1510 etiam
1422 1470 1596 1528 minium
1638 1471 1861 1512 inventum
1905 1472 2141 1524 nonaginta

1256 1532 1431 1573 circiter
1451 1534 1570 1574 annis
1600 1539 1699 1575 ante
1725 1535 2004 1586 Theophrasti
2033 1540 2142 1586 tem·
2160 1561 2210 1590 θ..

1256 1605 1376 1646 pora.
1433 1595 1598 1636 Plinius
1618 1596 1694 1638 lib.
1713 1601 1943 1638 xxx111.⁷.
1985 1598 2141 1639 Eusta-

1256 1659 1371 1700 thius
1393 1659 1447 1700 ad
1467 1660 1594 1702 Iliad.
1613 1667 1658 1703 B.
1715 1662 1817 1703 Fuit
1827 1661 1986 1715 Ἄρχων
2003 1662 2146 1709 Atha„

1257 1721 1338 1774 nis,
1377 1721 1626 1775 olympiad.
1647 1735 1778 1766 cxvr.
1810 1736 1919 1766 anno
1949 1729 1991 1766 2.
2021 1730 2141 1767 sunt·

1257 1797 1339 1838 que
1375 1786 1429 1826 ad
1463 1799 1558 1828 eum
1604 1787 1658 1827 ab
1701 1787 1856 1829 Alexia
1891 1789 1991 1830 anni
2024 1799 2141 1831 xcn.
2171 1816 2173 1819 -

1256 1849 1471 1891 Mem-sius.
1525 1851 1644 1903 Rge
1675 1864 1771 1904 quae
1793 1852 1848 1893 de
1867 1864 1919 1893 eo
1938 1852 2140 1895 disseruit

1256 1911 1485 1954 Eruditiss.
1512 1913 1756 1955 Gronovius
1783 1915 1828 1956 in
1858 1917 1943 1957 suis
1978 1916 2139 1958 Obser-

1256 1976 1515 2029 vationibus,
1547 1977 1623 2018 lib.
1662 1990 1726 2018 ιν.
1759 1982 1799 2019 7.
1876 1979 2139 2033 Pet-unimus]

1246 2039 1389 2083 Festo
1408 2045 1475 2081 est
1496 2040 1737 2093 proemiosus.
1792 2041 1844 2081 In
1864 2041 2007 2084 Gloss.
2021 2030 2139 2096 n’r‘tu·

1253 2101 1383 2142 niosus
1413 2101 1643 2155 exponitur
1670 2101 1987 2156 πολυχρήματος.
2031 2105 2151 2161 Kc*

1252 2165 1424 2206 chenius.

1306 2229 1378 2269 Ex
1401 2227 1748 2281 metallisfecerat]
1791 2229 1969 2271 Scilicet
1986 2242 2137 2284 argen-

1253 2290 1444 2332 tifodinis
1479 2291 1634 2332 Laurei
1662 2292 1821 2333 Atticae
1849 2293 2052 2346 regionis,
2080 2293 2136 2336 de

1252 2355 1406 2409 quibus
1429 2367 1562 2408 supra
1580 2354 1625 2395 in
1645 2355 1855 2396 Annotat.
1887 2356 1931 2395 in
1948 2356 2138 2397 Themis·

1251 2419 1375 2460 toclis
1394 2419 1540 2460 vitam.
1570 2418 1734 2459 Harum
1753 2417 1932 2459 fortasse
1950 2419 2138 2471 argenti·

1249 2482 1490 2523 fodinarum
1509 2487 1745 2534 proventus
1764 2482 2016 2535 redemptor
2039 2485 2137 2525 erat

1251 2547 1435 2596 Callias3
1464 2545 1535 2586 vel
1567 2545 1710 2598 potius
1741 2544 1944 2597 privatim
1970 2545 2134 2598 aliquas

1249 2608 1293 2649 in
1313 2609 1481 2649 Laureo
1501 2606 1843 2660 argentifodinas
1863 2605 2067 2660 habebat,
2086 2611 2136 2648 ut

1249 2672 1379 2713 etiam
1399 2670 1564 2723 Nicias,
1579 2669 1693 2723 quod
1712 2669 1972 2711 Plutarchus
1989 2670 2035 2710 in
2056 2669 2135 2711 Ni·

1248 2734 1316 2775 cia
1346 2734 1625 2775 demonstrat.
1667 2732 1844 2783 Magius.
1899 2731 2041 2773 Aliam
2070 2732 2135 2774 di‘-

1249 2800 1448 2841 vitiarum
1468 2811 1644 2841 causam
1659 2803 1835 2839 narrant
1852 2797 2072 2839 Plutarch.
2091 2797 2135 2838 in

1245 2861 1432 2904 Aristid.
1461 2863 1654 2916 Hesych.
1680 2867 1725 2902 et
1757 2860 1908 2901 Suidas
1928 2860 1972 2900 in
1990 2859 2136 2900 λακκό-

1245 2933 1431 2977 πλουτον,
1458 2931 1504 2966 et
1524 2937 1669 2965 rursus
1691 2924 1817 2964 aliam
1835 2924 1879 2963 in
1898 2922 2133 2964 Heraclide

1247 2988 1432 3029 Pontico
1463 2987 1624 3029 Athen.
1645 2999 1728 3027 xn.
1749 2991 1788 3027 9.
1844 2985 1972 3027 Ortas
1990 2999 2015 3027 e
2035 2999 2134 3040 spo·

1244 3054 1358 3095 liatis
1377 3055 1603 3094 Persarum
1618 3051 1915 3103 cadaveribus,
1925 3063 2020 3105 quae
2037 3053 2133 3094 Ma·

1243 3118 1426 3158 tathone
1445 3117 1616 3169 sepulta
1644 3114 1803 3168 fuerat,
1820 3115 1999 3156 innuere
2018 3115 2132 3158 vide-

1244 3186 1315 3222 tur
1331 3180 1636 3221 Themistocles
1656 3191 1725 3231 ep.
1744 3182 1783 3220 8.

1237 3242 1239 3245 ’
1297 3245 1341 3284 Is
1371 3256 1456 3285 cum
1485 3244 1601 3283 talem
1619 3241 1877 3283 conditionem
1903 3253 2130 3293 aspernare-

1241 3307 1329 3359 tur]
1359 3306 1620 3348 Plutarchus
1650 3305 1767 3345 illum
1796 3303 1850 3344 ad
1870 3303 1965 3344 eam
1983 3304 2131 3347 condi·
2158 3364 2160 3366 ‚

1243 3371 1406 3411 tionem
1441 3367 1612 3421 ἕτοιμον,
1643 3369 1725 3408 hoc
1757 3372 1837 3418 est,
1874 3366 2046 3408 facilem
2081 3373 2130 3410 et

1242 3439 1441 3488 paratum
1474 3432 1605 3474 fuisse
1634 3429 1820 3472 adserit:
1851 3434 2016 3471 tantum
2052 3430 2126 3473 ab·

1242 3503 1328 3551 est,
1346 3501 1396 3539 ut
1415 3499 1734 3551 aspernaretur.
1784 3494 1900 3537 Nam
1918 3499 2125 3549 quantum
