2306 3900
667 300 670 302 -
737 279 850 319 vu.
909 278 1325 331 ALCIBIADBM,
1365 281 1502 322 οΑΡ.
1540 268 1627 321 10.

272 395 288 421 ‘
308 396 560 438 renunciare
574 393 927 439 conductionem!
980 394 1035 435 In
1049 394 1156 435 Ver·

275 448 382 511 rem,
399 460 414 483 ‘
431 459 665 500 Renuntiat
679 458 894 498 Rabonius
908 457 1021 498 illam
1038 457 1155 498 deci-

277 524 441 564 sionem
459 521 700 563 tutoribus!
732 521 860 562 Gebh.

329 583 618 638 &miehi-en]
661 583 778 624 Libri
812 583 1002 637 quidam,
1037 584 1156 625 Susa-

276 648 481 701 mytkrem.
550 646 676 687 Unde
722 646 810 696 alii,
855 645 1156 687 Smamethrem.

276 712 397 758 Malo
430 716 572 751 tamen
608 709 906 759 Susamithrem,
939 722 1066 762 quem
1102 721 1156 750 ex

276 775 511 818 Plutarcho
523 775 789 816 Pharnabazi
802 781 1000 827 patruum
1012 774 1158 826 fuisse,

279 838 499 880 adducunt
516 840 687 891 Magius
703 845 750 880 et
769 839 1014 881 Lambinus.
1068 841 1157 881 No-

277 913 379 944 men
397 902 619 942 Persicum
651 907 735 953 est,
770 915 852 955 quo
883 903 1014 944 etiam
1032 915 1158 944 voca-

279 969 352 1009 tus
387 966 547 1005 Naurae
579 966 781 1017 Satrapes
812 966 929 1018 apud
962 965 1158 1007 Curtium

278 1027 357 1068 lib.
373 1039 478 1068 vm.
494 1030 561 1067 24.

334 1091 534 1143 Bagoam]
583 1091 701 1132 Libri
736 1090 908 1144 qnidam
947 1090 1158 1142 Bagoeum.

280 1151 455 1204 Magius
487 1166 538 1194 ac
569 1154 801 1195 Lambinus
837 1167 893 1195 ex
925 1154 1160 1195 Plutarcho

261 1215 485 1267 ‚Mugoeam
502 1222 726 1268 reponunt.
783 1214 876 1270 Ego
899 1229 1056 1269 sequor
1081 1218 1160 1258 hoc

280 1279 381 1335 loco
397 1280 564 1320 Schotti
577 1280 802 1333 judicium,
822 1285 868 1320 et
882 1279 1042 1320 veteris
1060 1279 1162 1320 libri

282 1342 595 1383 auctoritatem.
651 1342 829 1384 Diodor.
860 1342 1033 1382 nomina
1064 1354 1162 1394 per-

283 1416 502 1445 cussorum
538 1416 624 1444 non
668 1404 889 1455 exprimit,
934 1409 1162 1445 contentus

281 1467 494 1507 monuisse
525 1467 807 1506 ἑπαποστεῒλαι
835 1465 927 1508 τοὺς
953 1464 1165 1509 &Aonas

283 1529 572 1578 κατὰτὺνὸδὺν
586 1527 931 1577 τὸνἌλκιβιόδ-ην.
963 1529 1162 1571 Gebhard.

284 1591 396 1637 Sane
439 1593 623 1644 Bagoam
654 1593 908 1644 legendum:
950 1605 1047 1633 nam
1076 1606 1162 1634 non

285 1660 374 1696 tam
392 1661 459 1696 est
471 1668 624 1697 nomen
643 1656 881 1708 proprium,
899 1662 947 1696 ut
962 1657 1054 1697 vult
1066 1657 1163 1697 Ser-

284 1720 434 1772 rarius,
451 1733 576 1774 quam
597 1731 838 1770 commune,
866 1720 1015 1761 Persis
1036 1721 1163 1772 signi-

285 1780 420 1822 ficans
457 1783 725 1823 Eunuchum.
797 1782 952 1823 Suidas
988 1785 1164 1834 βαγῶας·

289 1842 411 1894 ὄνομα
445 1843 585 1896 κύριον·
620 1844 665 1886 ὃς
699 1843 748 1893 ἦν
784 1844 980 1896 εὐνοῦχος.
1049 1846 1165 1887 Vide

288 1906 402 1948 Plin.
422 1917 526 1949 1111.
565 1906 695 1947 Ovid.
714 1919 765 1948 11.
803 1907 950 1949 Amor.
991 1908 1003 1931 ‘
1026 1909 1165 1951 Quem

290 1981 420 2024 penes
456 1975 523 2010 est
560 1966 791 2011 Dominam
834 1971 1034 2011 servandi
1063 1983 1168 2012 cura

291 2033 459 2085 Bagoi?
512 2034 583 2074 Sic
603 2033 841 2077 Alexandri
856 2037 919 2078 M.
934 2030 1166 2078 Eunuchus

289 2097 374 2140 fuit
408 2098 599 2157 uBagoas.
657 2099 780 2155 Curt.
817 2111 862 2142 x.
899 2106 947 2141 et
983 2100 1168 2142 Herodis

291 2174 476 2218 quoque.
530 2161 708 2216 Joseph.
727 2175 844 2204 xvn.
865 2167 907 2205 ⁸.

344 2223 413 2266 Aa
438 2225 683 2267 Alcibiadem
708 2226 1038 2279 interficiendum]
1069 2227 1170 2268 Dio-

292 2286 425 2335 dorus
452 2288 528 2329 lib.
548 2298 646 2331 xxv.
675 2287 731 2329 de
760 2295 899 2330 morte
930 2288 1168 2331 Alcibiadis

291 2351 506 2404 duplicem
522 2350 647 2392 affert
659 2351 881 2393 historiam
898 2365 909 2393 ι
938 2365 1063 2393 unam
1078 2353 1171 2395 bre-

293 2426 388 2456 vem
407 2421 453 2456 et
481 2415 662 2456 nudam:
692 2414 1019 2456 Pharnabazum
1050 2417 1172 2457 Darii

291 2476 519 2530 Satrapen,
549 2484 598 2518 ut
631 2477 813 2530 gratiam
845 2477 974 2519 iniret
993 2490 1019 2519 a
1037 2478 1172 2520 Lace·

293 2539 528 2592 demoniis,
543 2540 891 2593 comprehensum
906 2539 1174 2583 Alcibiadem

294 2601 622 2649 Atheniensium
642 2602 876 2643 occidisse:
907 2601 1174 2656 Φαρνάβαζος,

262 2654 271 2662 ’
295 2665 433 2716 inquit
452 2665 543 2716 ille,
572 2665 595 2705 0
611 2664 774 2718 Δαρείου
790 2665 1013 2720 Σατράπης,
1042 2667 1174 2710 Ἀλκι-

294 2725 435 2775 βαίδην
457 2727 526 2767 τὸν
555 2727 756 2776 Ἀθηναῖον
787 2729 998 2776 συλλαβὼν
1026 2730 1172 2784 ἀνεῖλε,

295 2788 533 2842 χαρίσασθαι
575 2791 813 2842 βουλόμενος
837 2793 1171 2844 Λακοδωμονίοιςε

294 2855 474 2895 alteram
501 2855 733 2906 longiorem
753 2861 800 2897 et
825 2868 994 2897 suarum
1028 2869 1174 2898 causa-

294 2929 390 2958 rum
418 2917 687 2969 expositione
715 2918 1006 2970 illustratam3
1051 2921 1173 2974 cnjus

296 2986 516 3022 auctorem
537 2981 755 3035 Ephorum
786 2982 952 3034 scribit,
981 2995 1077 3036 quae
1107 2990 1175 3026 est

295 3044 539 3098 hujusmodi
556 3061 567 3086 ι
597 3045 883 3099 Alcibiadem,
902 3059 998 3087 cum
1019 3059 1176 3100 cogno·

297 3107 429 3148 visset
443 3107 603 3159 Cyrum
629 3109 685 3149 de
703 3107 928 3151 inferendo
945 3108 1071 3151 fratri
1087 3110 1175 3151 bel-

297 3170 340 3212 lo
358 3171 566 3223 cogitare,
581 3172 748 3213 venisse
766 3173 823 3214 ad
837 3173 1178 3226 Pharnabazum,

303 3234 358 3276 ab
390 3245 528 3287 eoque
561 3235 783 3287 petivisse,
813 3242 862 3276 ut
882 3236 965 3277 sibi
990 3238 1178 3278 omnium

300 3298 439 3351 primo
451 3297 618 3348 liceret,
629 3308 681 3337 eo
697 3296 945 3348 adiuvante,
954 3304 1003 3339 et
1014 3298 1178 3339 aditum

302 3359 366 3414 ad
389 3371 535 3413 regem
563 3356 875 3412 patefaciente,
905 3360 1011 3411 Cyri
1041 3361 1180 3402 consi-

300 3423 422 3478 lium>
451 3422 564 3476 Regi
610 3421 870 3464 Artarxerxi
929 3424 1178 3466 enuntiare:

302 3486 626 3541 Pharnabazum
640 3484 858 3529 Alcibiadi
870 3486 952 3529 hoc
961 3485 1183 3538 invidisse,

1984 265 2091 326 sm

1216 401 1263 437 et
1281 397 1397 449 quod
1416 397 1470 438 ab
1490 396 1715 439 Alcibiade
1746 403 1980 451 acceperat
2013 400 2093 444 sibi

1215 460 1643 511 vindicantem,fidos
1661 462 1853 502 homiues
1872 461 1927 502 ad
1948 474 2094 516 regern

1217 521 1395 573 misisse,
1423 525 1496 576 qui
1520 525 1623 576 Cyri
1654 525 1848 577 cogitata
1877 525 1919 566 ei
1937 526 2096 578 signifi·

1218 589 1390 623 carent:
1438 584 1708 627 Alcibiadem
1757 600 1783 627 a
1821 587 2094 630 Pharnabazo

1218 647 1434 700 repulsam
1470 661 1657 700 passum,
1700 650 1754 690 ad
1793 651 2097 704 Paphlagoniae

1217 708 1444 762 Satrapam
1463 723 1511 751 se
1531 712 1760 751 contulisse
1779 725 1791 761 ;
1821 718 1884 763 ut,
1909 713 2024 766 quod
2041 714 2097 755 si-

1218 773 1261 814 bi
1292 780 1472 826 negarat
1500 774 1823 827 Pharnabazus,
1853 777 1906 816 ab
1939 790 1992 818 eo
2019 779 2098 820 im·

1220 841 1445 889 petraret:
1492 837 1822 889 Pharnabazum
1856 839 1940 879 hoc
1987 852 2100 881 com-

1221 906 1365 952 perto,
1392 907 1532 942 certos
1561 901 1779 952 homines;
1820 903 1891 955 qui
1926 916 2023 952 eum
2056 905 2099 945 in

1218 963 1372 1003 itinere
1390 963 1704 1015 interficerent,
1718 965 1893 1006 misisse.
1918 966 2101 1007 Lambini.

1280 1025 1512 1079 Vicinieati]
1557 1027 1704 1067 Codex
1737 1039 1840 1068 vero
1868 1027 2101 1080 Bur-gensis

1222 1089 1286 1130 sic
1304 1090 1454 1132 habet:
1497 1091 1619 1130 Missi
1636 1091 1736 1146 clam
1754 1089 1797 1131 in
1815 1091 2032 1142 civitatem,
2059 1093 2103 1133 ia

1220 1166 1298 1206 qua
1315 1158 1399 1194 tum
1413 1154 1635 1194 Alcibiades
1652 1158 1754 1204 erat,
1768 1153 1965 1196 introeunt
1978 1168 1993 1195 .-
2020 1157 2105 1208 qui-

1223 1215 1291 1256 bus
1307 1219 1442 1258 datum
1459 1218 1672 1269 negotium,
1684 1222 1728 1257 ut
1747 1229 1837 1257 eum
1850 1217 2104 1271 interficiant.

1221 1280 1308 1320 Sed
1326 1281 1420 1320 haec
1440 1281 1569 1321 lectio
1598 1280 1896 1332 improbanda.
1926 1282 2105 1334 Magius.

1222 1341 1482 1382 Plutarchus
1498 1349 1544 1382 ct
1560 1343 1779 1384 Diodorus
1795 1341 1917 1397 κώμῃ.
1970 1344 2041 1385 Sic
2059 1350 2105 1386 et

1224 1405 1288 1445 M.
1303 1405 1465 1445 Tullius
1483 1405 1708 1458 usurpavit
1736 1418 1890 1446 nomen
1909 1406 2106 1448 vicinita-

1225 1467 1296 1509 tis.
1321 1468 1460 1509 Lamb.
1515 1467 1663 1509 Graeci
1680 1472 1822 1509 tamen
1838 1467 1971 1519 κώμην
1987 1482 2108 1510 usur·

1224 1535 1330 1583 pant
1350 1543 1426 1583 pro
1445 1531 1614 1584 populis
1640 1531 1685 1572 in
1715 1531 1892 1574 civitate
1912 1532 2107 1585 degenti-

1224 1594 1319 1636 bus.
1374 1593 1501 1635 Unde
1534 1606 1630 1636 cum
1661 1594 1814 1636 Suidas
1844 1596 2108 1648 explicasset

1226 1658 1390 1709 vicum3
1420 1658 1558 1710 addit,
1587 1657 1679 1699 τοὺς
1698 1658 1741 1698 ἐν
1757 1660 1809 1713 τῇ
1835 1658 1951 1700 πόλει
1968 1658 2108 1711 δήμους

1225 1721 1354 1771 κώμας
1383 1721 1753 1775 προσαγορεύεσθαι.
1809 1724 1937 1764 Hanc
1963 1723 2110 1765 vicini·

1226 1789 1362 1825 tatem
1372 1785 1587 1826 Melissam
1605 1791 1795 1826 vocatam
1811 1786 1964 1828 scribit
1973 1786 2109 1828 Athe-

1225 1859 1345 1889 naeus
1373 1848 1448 1888 lib.
1472 1859 1579 1890 xm.
1635 1849 1772 1892 Quam
1801 1861 1958 1890 nomen
1989 1850 2109 1892 urbis

1228 1922 1337 1961 esse,
1358 1912 1642 1951 communiter
1657 1912 1786 1952 etiam
1805 1912 1985 1954 tradunt
1996 1913 2110 1954 Geo-

1228 1973 1393 2026 graphi.
1449 1973 1560 2014 Vide
1579 1974 1703 2015 lubet
1732 1975 1916 2016 eundem
1935 1972 2110 2018 suidam

1230 2040 1274 2075 et
1290 2035 1570 2087 Stephanum.
1597 2037 1799 2078 Kenchen.

1285 2098 1411 2138 Ferro
1428 2098 1616 2150 aggredi]
1644 2099 1763 2138 Libri
1789 2099 1961 2152 quidam
1991 2108 2110 2143 vete-

1230 2172 1299 2202 res
1319 2159 1498 2212 habent,
1516 2174 1607 2202 cum
1624 2174 1756 2202 securo
1772 2164 1953 2214 aggredi.
1999 2166 2109 2208 Quae

1232 2222 1448 2276 scriptura
1476 2224 1687 2278 quomodo
1717 2224 1821 2266 ferri
1854 2227 2005 2279 possit,
2037 2234 2114 2269 aut

1233 2286 1332 2340 quid
1351 2287 1433 2327 sibi
1452 2289 1574 2338 velit,
1606 2301 1689 2328 non
1718 2288 1871 2340 video;
1898 2290 1980 2330 nisi
2001 2289 2114 2330 dica·

1233 2362 1325 2391 mus
1363 2362 1493 2391 securo
1526 2352 1714 2403 positum
1753 2363 1831 2404 pro
1867 2364 2026 2394 secure:
2065 2359 2115 2394 ut

1232 2414 1244 2435 ‘
1265 2412 1446 2454 arcano’
1485 2413 1688 2454 dicebant
1725 2420 1893 2455 veteres
1932 2428 2011 2468 pro
2048 2428 2114 2456 ar·

1235 2487 1357 2528 cane,
1394 2480 1440 2517 et
1476 2475 1489 2498 ‘
1509 2475 1625 2517 tuto'
1658 2489 1737 2528 pro
1770 2482 1881 2523 tute.
1915 2484 1962 2518 et
1997 2482 2009 2502 ‘
2031 2491 2116 2519 ma-

1233 2538 1416 2579 nifesto’
1463 2551 1543 2591 pro
1582 2539 1823 2592 manifeste,
1867 2546 1911 2580 et
1944 2541 2115 2581 similia.

1235 2601 1519 2642 Plutarchus:
1562 2601 1633 2643 οὐκ
1660 2602 1886 2653 ἐτόλμησαν
1913 2602 2117 2646 εἰσελθεῖν.

1235 2663 1375 2706 lamb.
1393 2665 1509 2716 Mag.
1574 2666 1661 2706 Ms.
1682 2666 1804 2707 Leid.
1824 2667 1894 2706 Illi
1908 2667 2116 2714 camserro

1236 2741 1313 2769 non
1345 2730 1546 2778 auderent,
1593 2727 1746 2768 omisso
1794 2730 1932 2770 altero
1969 2730 2115 2771 verbo.

1237 2790 1375 2832 Quam
1408 2791 1636 2831 lectionem
1656 2791 1691 2831 si
1723 2789 1943 2843 admittas,
1974 2794 2118 2834 cadere

1238 2852 1432 2893 absolute
1461 2853 1623 2893 dictum
1647 2852 1747 2903 erit,
1779 2859 1828 2894 ut
1858 2866 1975 2908 saepe
2000 2855 2118 2907 apud

1236 2915 1453 2956 Tacitum.
1500 2914 1616 2955 Hist.
1636 2925 1668 2956 1.
1687 2918 1755 2955 36.
1783 2916 1796 2939 ‘
1813 2916 2118 2969 Ignavissimua

1239 2978 1435 3031 quisque,
1462 2982 1507 3019 et
1527 2978 1570 3018 in
1591 2978 1782 3031 periculo
1802 2991 1887 3020 uon
1908 2982 2117 3023 ausurus.’

1239 3040 1357 3082 Hist.
1377 3051 1429 3082 u.
1447 3043 1515 3082 25.
1577 3041 1685 3084 Eod.
1706 3042 1782 3082 lib.
1801 3056 1897 3095 cap.
1917 3047 1986 3084 ⁷1.
2015 3046 2027 3067 ‘
2049 3045 2119 3085 In-

1240 3113 1387 3158 gratus
1397 3105 1610 3158 Principi,
1624 3111 1670 3147 ut
1686 3106 1890 3147 adversus
1902 3107 2121 3149 Neronem

1241 3167 1398 3210 ausus.’
1454 3168 1572 3210 Hist.
1591 3180 1633 3209 v.
1663 3172 1727 3209 11.
1755 3170 1768 3191 ‘
1787 3168 1933 3210 Judaei
1962 3170 2040 3212 sub
2059 3171 2122 3224 ip-

1241 3245 1310 3274 sos
1329 3244 1470 3273 muros
1489 3237 1688 3272 struxere
1710 3230 1863 3285 aciem,
1896 3232 2025 3276 rebus
2055 3246 2122 3275 se·

1240 3297 1391 3338 cundis
1410 3295 1578 3347 longius
1597 3293 1767 3335 ausuri.'

1296 3359 1428 3400 Noeta
1464 3357 1574 3408 tigna
1617 3358 1881 3411 contulerunt]
1934 3360 2120 3403 Diodor-

1242 3414 1392 3463 Νυκτὸς
1407 3422 1613 3473 περιθεῖναι
1628 3419 1754 3473 ξύλων
1768 3423 1933 3471 πλῆθος.

1300 3487 1420 3529 Circa
1435 3498 1564 3528 maan
1580 3485 1688 3539 cem]
1724 3486 2005 3529 Dissentiuut
2023 3486 2120 3540 heic
