2306 3900
342 271 507 328 xlviii

340 411 586 453 Discrimen:
614 411 658 450 in
701 423 844 464 magno
885 409 1108 452 discrimine
1149 423 1234 453 esse

393 464 611 518 (periculo)
637 464 716 511 xiv,
735 470 760 505 5

341 519 599 612 Βίῗξιιιγὼεῐε
607 518 816 572 temporius
825 517 1032 574 (maturius
1043 519 1233 575 coenare),

430 587 460 612 r.
478 578 506 613 6

340 626 521 666 Disertus
549 625 632 674 xiii,
650 630 674 667 1
702 626 846 667 diserte
878 625 1008 667 dicere
1034 641 1100 675 ιν,
1118 632 1143 669 8
1173 629 1234 668 di·

389 681 620 720 sertissimus
633 681 807 720 omnium
824 681 974 721 Graecae
989 681 1134 734 linguae
1151 682 1234 722 elo-

392 735 555 787 quentia
579 734 648 782 vii,
666 739 692 775 2
720 734 785 789 (in
816 734 921 776 libris
951 737 1057 788 vulg.
1075 742 1116 776 et
1131 736 1233 777 Mss.

393 788 534 830 Boecl.
576 802 623 829 ac
654 795 818 842 utroque
847 789 1052 840 Bavarico,
1086 789 1233 830 Verum

393 842 435 881 in
453 843 540 882 aliis
557 849 616 882 est
644 849 656 866 ‘
675 842 921 896 ditissimus’)

339 895 536 948 Disjicere
554 895 687 948 copias
706 895 872 949 alicujus
897 895 1128 950 (dissipare)
1155 895 1184 944 i,
1205 902 1231 938 2

393 950 480 1003 (Ita
499 951 600 991 Caes.
619 950 670 990 Β.
689 949 741 990 G.
770 951 798 998 i,
816 955 868 992 25
909 957 921 974 ‘
940 950 1108 1002 disjecta
1135 953 1232 1003 pha-

392 1003 534 1057 lange.’
561 1004 655 1044 Tac.
666 1003 718 1043 A.
746 1005 789 1051 ii,
804 1009 910 1053 46‚8
939 1004 1151 1057 ‘disjectas
1164 1018 1234 1058 per

392 1058 616 1111 catervas').
650 1057 830 1110 disjicere
862 1059 1098 1099 munitiones
1124 1059 1234 1107 xviii,

391 1116 416 1152 5
446 1124 574 1152 arcem
594 1125 618 1151 a
633 1113 898 1152 fundamentis
915 1112 1147 1166 (destruere,
1163 1114 1232 1153 de-

389 1165 540 1220 moliri)
558 1180 623 1213 xx,
637 1170 661 1207 3
689 1166 778 1206 Sic:
800 1168 959 1206 domum
978 1166 1084 1212 xxiii,
1100 1170 1124 1208 7
1153 1166 1234 1206 dis-

385 1217 496 1271 jecta
509 1220 650 1260 moenia
676 1234 742 1267 xx,
757 1224 782 1260 3
812 1220 898 1274 (Sic
913 1229 953 1260 et
968 1220 1102 1262 Livius
1127 1222 1233 1269 xxiv,

390 1273 454 1324 2).
481 1273 669 1327 disjectus
687 1281 748 1313 est
762 1274 829 1314 ille
847 1275 985 1327 globus
1011 1275 1235 1314 consensio-

390 1326 456 1366 nis
469 1328 678 1380 (dissipata
707 1328 888 1375 societas,
916 1330 1068 1382 privato
1100 1329 1233 1370 aerario

392 1381 669 1421 constituendo
689 1381 906 1435 destinata)
935 1397 1024 1429 xxv,
1044 1387 1070 1423 8

338 1432 533 1486 Dispalati
553 1435 596 1474 in
615 1436 716 1488 agris
741 1436 796 1483 vi,
816 1440 838 1476 1
881 1435 1075 1488 dispalata
1101 1436 1234 1475 multi·

391 1490 489 1529 tudo
515 1489 624 1537 xxiii,
653 1494 678 1530 5
725 1489 964 1542 (palabundi
997 1496 1039 1530 et
1072 1490 1234 1542 dispersi

391 1543 534 1594 passim
545 1549 824 1596 vagantesque.
843 1543 929 1584 Cic.
946 1550 988 1584 et
1005 1544 1108 1585 Caes.
1135 1550 1147 1567 ‘
1166 1557 1233 1596 pa-

391 1597 545 1636 lantes?
582 1598 756 1637 Sesenna
785 1597 878 1637 hist.
896 1602 921 1638 3
951 1603 963 1621 ‘
982 1597 1166 1650 dispalati
1184 1599 1234 1638 ab

348 1671 351 1675 ⁴
388 1649 1170 1745 {iffiifflpimisimnsseifiu‘lssii'iifif
1184 1665 1235 1745 ,ἷέ

610 1733 620 1743 .
670 1734 682 1752 ,
785 1732 797 1744 .
1039 1733 1051 1752 ,

391 1757 515 1808 sparsi
547 1757 808 1811 dispalatique
828 1759 1078 1810 proruerent?
1107 1759 1235 1799 Paulo

390 1811 543 1851 diverso
571 1813 791 1865 significatu
808 1812 1029 1860 Sallustius,
1049 1811 1130 1853 sive
1149 1814 1236 1866 quis

390 1866 490 1904 alius
516 1874 652 1906 auctor
678 1873 753 1914 est,
783 1867 896 1919 epist.
917 1871 956 1907 2.
974 1867 1026 1906 de
1043 1880 1124 1919 rep.
1151 1869 1236 1907 ord.

388 1933 478 1972 cap.
499 1924 550 1960 13
581 1926 593 1943 ‘
612 1920 711 1960 Haec
741 1921 953 1961 multitudo
982 1921 1024 1959 in
1057 1927 1158 1960 artes
1175 1922 1234 1960 vi-

389 1979 527 2026 tasque
565 1974 689 2014 varias
724 1975 933 2026 dispalata,
969 1975 1079 2014 nullo
1115 1977 1234 2015 ruodo

390 2027 491 2066 inter
505 2041 545 2073 se
559 2041 777 2082 congruens
790 2029 815 2079 3’
834 2042 924 2068 nam
938 2029 1003 2070 hic
1018 2029 1234 2069 animorum

387 2081 591 2122 distractio
623 2088 667 2122 et
683 2083 894 2136 separatio,
921 2082 978 2123 ibi
1013 2095 1232 2136 corporum,

342 2156 346 2160 ·
386 2135 584 2189 innuitur)

333 2187 573 2242 Dispensare
585 2189 793 2242 pecuniam
819 2191 873 2238 ix,
889 2193 915 2231 4
943 2191 1016 2244 (de
1034 2204 1097 2238 e0,
1117 2204 1232 2244 quem

387 2243 530 2294 ταμίαν
548 2243 679 2284 Graeci
696 2250 853 2291 vocant,
883 2244 1061 2297 pecuniis
1089 2259 1234 2297 cogen-

389 2298 450 2336 dis
469 2297 864 2350 administrandisque
894 2299 1093 2350 praefect0.
1121 2306 1132 2322 ⁸
1153 2300 1234 2337 dis·

387 2351 1233 2444 tttss‘zffti0323¹J⁸3⁶3123222³13⁰¹33033Y33

386 2456 496 2496 Suet.
535 2456 707 2509 August.
724 2462 792 2499 67.
820 2457 940 2498 Adde
965 2458 1082 2499 Thes.
1099 2458 1232 2499 Buch-

386 2509 472 2550 neri
489 2517 530 2551 et
545 2511 601 2550 ibi
619 2510 821 2561 laudatos)

332 2562 551 2617 Dispertire
567 2566 674 2604 bona
691 2565 880 2605 militibus
907 2577 948 2612 x,
965 2569 991 2606 7
1020 2564 1140 2606 servis
1158 2580 1232 2606 un-

387 2626 547 2671 guenta,
589 2632 766 2667 coronas,
811 2631 985 2658 mensam
1021 2622 1231 2660 secundam

387 2673 483 2721 xvii,
496 2677 521 2713 8
547 2672 830 2726 dispartiuntur
846 2686 966 2726 regna
976 2673 1231 2714 familiaribus

342 2761 343 2764 ,
385 2726 585 2780 (passivo)
612 2727 720 2776 xviii,
739 2731 767 2768 2

331 2779 531 2833 Displicet
550 2781 667 2834 hujus
683 2780 889 2822 consilium
908 2781 1102 2833 plerisque
1127 2780 1230 2835 (non

384 2834 592 2887 probatur)
619 2835 662 2882 ii,
688 2840 713 2876 3
760 2836 852 2875 huic
883 2835 1092 2875 crudelitas
1125 2834 1231 2875 illius

384 2888 667 2941 (improbatur)
694 2903 733 2936 x,
753 2893 775 2929 1
805 2889 979 2941 pluribus
1009 2903 1099 2930 cum
1130 2902 1230 2929 non-

385 2943 485 2980 nulli
501 2942 640 2982 dicunt
658 2942 820 2996 (nolunt
837 2942 1035 2995 assentiri)
1062 2943 1116 2990 iv,
1135 2949 1160 2984 5

327 2993 525 3048 'Dispositi
556 2997 606 3035 ab
636 2996 866 3050 imperatore
895 2995 1037 3036 milites
1063 2997 1127 3050 (in
1145 2998 1229 3038 acie

384 3055 531 3090 stantes
548 3064 558 3088 ε
588 3050 705 3102 paulo
724 3056 831 3097 ante,
849 3050 1038 3104 ordinati)
1067 3051 1120 3097 xi,
1140 3055 1166 3092 2

331 3101 934 3158 Disputarederep.(disserere)
963 3108 1062 3151 xv,3
1091 3104 1227 3158 (mox:

385 3171 600 3198 sermonem
619 3158 797 3212 habere).
826 3157 869 3197 in
886 3158 1124 3211 disputanda
1141 3159 1229 3211 phi·

386 3211 564 3263 losophia
583 3211 688 3266 (seu,
717 3220 762 3251 ut
778 3213 962 3253 Schottus
980 3211 1133 3260 edidit,
1148 3211 1230 3252 dis-

387 3267 561 3315 putando
579 3266 756 3319 versari),
784 3266 847 3306 Fr.
866 3270 891 3306 5
920 3316 924 3320 η

330 3315 549 3358 Dissentire
581 3321 631 3358 ab
659 3320 791 3372 aliquo
829 3320 941 3367 xxiv,
975 3324 997 3361 1
1040 3320 1228 3360 dissensio

385 3371 506 3410 oritur
534 3373 633 3412 inter
651 3375 754 3414 hunc
776 3380 818 3414 et
847 3374 958 3414 illum
975 3372 1227 3427 (dissidiumz

386 3426 493 3464 unde
529 3438 636 3471 mox,
670 3428 811 3480 factio)
854 3443 894 3474 x,
914 3432 941 3468 6
986 3427 1229 3467 dissensione

385 3479 503 3518 unius
547 3479 740 3531 disjicitur
783 3482 922 3532 globus
961 3480 1229 3521 consensionis

385 3533 514 3586 (quod
535 3532 599 3573 ille
618 3533 835 3574 consentire
854 3534 997 3586 nollet)
1026 3548 1114 3581 xxv,
1134 3539 1159 3575 8

1157 283 1363 325 mnnx
1431 319 1434 322 .
1488 256 1503 325 f'

1295 407 1498 454 Dissidere.
1524 411 1575 451 ab
1603 410 1698 465 aliq.
1722 411 1798 468 (de
1828 422 1919 465 rege
1934 409 2187 453 belluinum

1349 463 1426 504 alio
1443 465 1623 527 gerente)
1649 465 1756 514 xxiii,
1772 469 1825 507 10
1958 467 1960 469 ’

1296 516 1506 560 Dissimilis
1523 519 1656 573 hujus,
1675 521 1804 566 factis,
1825 518 1992 559 moribus
2018 519 2086 566 xii,
2105 523 2132 560 8

1295 571 1508 612 Dissociati
1524 575 1667 615 civium
1685 573 1806 614 animi
1821 574 1896 629 (de
1908 573 1985 614 civ-
1998 573 2190 629 disoerd.)

1349 639 1425 664 xxv

1293 631 1517 722 Dissol'vgre
1533 682 1677 735 regiam
1701 687 1936 735 potestatem
1952 679 2160 774 (abrupere
2177 696 2190 722 t

1346 734 1404 773 ita
1419 734 1549 776 Graeci
1572 735 1804 790 καταλύειν)
1832 737 1886 784 vi,
1903 739 1928 776 3
1968 736 2074 776 disso
2089 735 2192 776 vitur

1347 788 1513 828 societas
1531 789 1608 842 (sc.
1624 790 1726 830 inter
1741 789 1886 830 amicos
1901 789 2038 854 Alex.)
2065 789 2144 838 xxi,
2164 793 2189 830 8

1293 839 1520 883 Dissolutus
1538 843 1782 896 (neglectum
1800 844 1911 896 legis,
1937 844 2034 884 bom
2058 844 2191 892 moris,

1346 894 1643 936 existimationis
1657 897 1780 950 sign.)
1806 897 1874 944 vii,
1893 901 1917 938 l
1945 897 2067 952 (Haec
2084 902 2097 921 ‘
2110 898 2192 938 dis·

1349 949 1522 998 solutio?
1550 951 1607 990 ita
1634 951 1739 991 enim
1764 958 1880 990 vocat
1894 950 2009 992 Treb.
2026 951 2130 991 Pon.
2147 951 2191 991 in

1347 1001 1479 1043 Valer.
1507 1003 1615 1056 jun„
1651 1011 1892 1045 contemtum
1926 1005 2054 1058 parit:
2090 1005 2194 1046 sicut

1350 1057 1500 1110 flagitia
1510 1065 1552 1097 et
1561 1058 1747 1112 iniquitas
1757 1059 1991 1112 principum,
2002 1059 2190 1099 timorem.

1350 1110 1408 1150 Ut
1424 1113 1661 1153 sententiose
1688 1113 1844 1154 locutus
1861 1113 1912 1152 sit
1927 1112 2072 1161 Pollio,
2100 1126 2190 1154 cum

1349 1164 1473 1205 dixit:
1504 1172 1516 1189 ‘
1536 1167 1577 1205 N
1580 1181 1632 1206 on
1663 1173 1724 1207 est
1754 1167 1964 1220 quicquam
1991 1168 2043 1207 ad
2068 1168 2191 1207 auda-

1350 1219 1450 1258 ciam
1484 1220 1610 1268 malis,
1638 1222 1689 1260 ad
1716 1234 1826 1274 spem
1856 1222 2046 1261 bonorum
2077 1221 2192 1260 bonis

1351 1274 1553 1324 promtius,
1569 1288 1688 1327 quam
1700 1289 1790 1315 cum
1804 1274 1867 1315 vel
1880 1275 2005 1314 malus
2016 1275 2194 1322 timetur,

1351 1327 1412 1366 vel
1431 1328 1643 1368 dissolu-tus
1661 1330 1923 1369 contemnitur
1948 1329 2196 1383 Imperator!

1351 1380 1395 1419 in
1413 1381 1586 1423 Gallien.
1604 1396 1695 1436 cap.
1715 1389 1754 1423 5.
1773 1382 1976 1436 Boecler.)

1296 1431 1486 1475 Distineri
1502 1436 1635 1477 litibus
1661 1437 1812 1491 (vexari
1829 1450 1876 1477 ac
1893 1435 2076 1491 distrahi)
2102 1449 2191 1485 ην,

1295 1539 1492 1583 Distrahi:
1522 1556 1604 1583 non
1635 1544 1741 1596 prius
1774 1545 1951 1585 distracti
1965 1551 2058 1584 sunt
2101 1557 2192 1584 uam

1351 1596 1403 1634 de
1434 1598 1699 1651 pugnantibus
1730 1605 1773 1638 et
1800 1599 1903 1639 inter
1919 1612 1962 1639 se
1979 1610 2068 1640 corn
2111 1599 2193 1639 exis

1353 1649 1460 1696 xviii,
1477 1655 1505 1691 4

1297 1700 1510 1745 District'us
1526 1704 1645 1744 tantis
1663 1704 1776 1745 bellis
1795 1703 2056 1762 (occupatus)
2082 1704 2192 1754 xxiii,

1298 1808 1456 1851 Diversi
1492 1812 1700 1852 discedunt
1735 1812 1799 1867 (in
1835 1811 2005 1855 diversas
2041 1813 2193 1867 partes)

1351 1864 1432 1912 xiv,
1451 1869 1501 1907 11
1545 1866 1713 1920 (poetm
1745 1872 1756 1890 ‘
1776 1880 1857 1920 quo
1873 1867 2049 1908 diversus
2066 1867 2151 1908 abis
2162 1865 2193 1907 Ρ

1352 1919 1449 1959 AEn.
1477 1934 1515 1967 v,
1531 1924 1626 1961 166.
1653 1921 1815 1974 Boecl.)

1296 1970 1484 2013 Dividere
1520 1987 1632 2027 agros
1668 1973 1820 2015 civibus
1852 1974 2023 2030 (partiri,
2064 1973 2193 2015 distri·

1351 2027 1483 2076 buere,
1511 2028 1728 2081 assignare)
1757 2042 1795 2076 v,
1815 2033 1842 2070 2
1881 2030 1987 2069 bona
2001 2028 2192 2084 (civium3

1348 2082 1467 2133 paulo
1503 2089 1625 2122 ante:
1654 2082 1857 2135 dispartire
1888 2081 2068 2134 militib.)
2099 2095 2139 2130 x,
2164 2087 2192 2124 7

1351 2135 1452 2176 inter
1469 2149 1511 2175 se
1531 2137 1634 2176 bona
1663 2137 1864 2190 publicata
1891 2136 1973 2185 viii,
1995 2139 2017 2179 l
2058 2136 2194 2188 copias

1350 2189 1578 2244 hyematum
1631 2190 1693 2245 (in
1747 2191 1925 2245 hyberna
1976 2189 2194 2296 dispartiri)

1352 2244 1457 2291 xviii,
1477 2248 1503 2284 8
1531 2245 1622 2298 (ubi
1639 2251 1769 2285 tamen
1787 2244 1857 2285 alii
1873 2245 1951 2298 leg.
1980 2251 1992 2268 ‘
2011 2243 2170 2284 dimisit'

1297 2295 1466 2337 Divinus
1479 2299 1551 2350 (de
1566 2298 1724 2352 Attico)
1752 2313 1842 2346 xxv,
1855 2300 1882 2339 9
1909 2297 2001 2351 (qui
2018 2310 2065 2338 ea
2083 2305 2194 2350 parte

1348 2352 1581 2402 prudentiae,
1608 2365 1698 2403 quae
1729 2351 1919 2391 divinatio
1950 2351 2032 2390 sive
2062 2350 2194 2403 provi-

1349 2403 1485 2443 dentia
1519 2404 1675 2452 dicitur,
1709 2405 1828 2453 valet,
1856 2404 2105 2452 rectitudine,
2133 2405 2195 2444 in-

1347 2469 1480 2508 quam,
1509 2459 1808 2512 constantiaque
1841 2457 1995 2499 consilii
2023 2471 2072 2499 ac
2100 2471 2192 2511 pro-

1347 2511 1480 2562 positi.
1535 2511 1601 2563 Ita
1611 2512 1750 2552 Boecl.
1766 2510 1905 2552 Videri
1920 2510 2046 2565 possit
2059 2513 2193 2566 potius

1347 2563 1453 2605 idern
1480 2579 1566 2606 esse
1597 2578 1643 2606 ac
1674 2565 1879 2607 divinandi
1903 2565 2064 2619 peritus,
2090 2578 2191 2623 quo·

1347 2619 1466 2658 modo
1502 2619 1600 2659 alios
1643 2621 1718 2660 hac
1763 2631 1860 2660 voce
1893 2632 1999 2667 usos,
2046 2620 2192 2661 docent

1347 2672 1543 2715 Buchner.
1571 2673 1688 2714 Thes.
1721 2675 1868 2714 Parcus
1898 2673 1941 2713 in
1970 2672 2066 2714 Lex.
2094 2671 2191 2714 crit.

1346 2725 1508 2768 Reines.
1526 2728 1644 2781 epist.
1660 2729 1710 2767 ad
1729 2727 1843 2767 Fred.
1862 2727 2077 2776 Helmium,
2104 2728 2190 2768 alii-

1346 2793 1424 2833 que
1442 2796 1452 2821 :
1481 2782 1675 2835 siquidem
1694 2787 1706 2806 ‘
1721 2780 1924 2821 divinatio’
1941 2781 1985 2820 in
2001 2793 2112 2835 seqq.
2130 2794 2191 2822 re·

1346 2834 1460 2876 uneri
1474 2837 1647 2876 deberet.
1701 2835 1779 2876 Sed
1797 2847 1846 2874 ea
1862 2834 1999 2875 merito
2008 2841 2191 2889 suspecta

1343 2895 1420 2937 est,
1446 2890 1734 2942 legendumque
1757 2889 1887 2928 forsan
1914 2894 1926 2912 ⁸
1945 2888 2080 2929 divina
2094 2888 2120 2938 ;’
2147 2896 2192 2929 ut

1344 2943 1402 2982 ita
1446 2950 1607 2984 vocetur
1640 2944 1794 2983 bonitas
1828 2940 2030 2982 naturalis.
2083 2941 2190 2983 Vide

1345 2997 1464 3048 paulo
1478 3004 1568 3050 post
1585 2996 1808 3048 Divinare).
1836 2995 1971 3035 divina
1985 3007 2047 3036 res
2064 2996 2189 3036 confi-

1343 3051 1445 3090 citur
1463 3051 1744 3103 (sacrificaturz
1772 3050 1864 3090 Jovi
1891 3048 2030 3089 hostias
2053 3050 2191 3090 inmo-

1344 3104 1494 3158 lantur)
1522 3105 1629 3152 xxiii,
1647 3109 1674 3146 2
1717 3103 1896 3157 (Nonius
1923 3116 2014 3156 cap.
2042 3107 2071 3144 4
2097 3108 2111 3128 ⁴
2129 3103 2187 3142 t'a-

1345 3171 1434 3198 cere
1466 3172 1547 3199 rem
1582 3158 1769 3206 divinam,
1797 3157 2047 3211 religionibus
2077 3157 2187 3197 exhi-

1343 3212 1462 3252 bere!
1476 3227 1515 3252 v.
1533 3218 1615 3252 not.
1633 3213 1675 3251 in
1693 3211 1829 3252 Sidon.
1843 3217 1884 3252 5.
1898 3223 1964 3264 ep.
1979 3209 2043 3252 Π.
2060 3209 2188 3249 -Sava-

1344 3279 1402 3305 ro.
1453 3266 1518 3307 Sic
1532 3266 1617 3307 Cic.
1637 3270 1677 3307 1.
1694 3265 1816 3306 divin.
1844 3270 1857 3289 ‘
1877 3276 1966 3305 cum
1979 3276 2040 3304 res
2053 3263 2188 3304 divina

1343 3320 1480 3360 fieret)
1547 3320 1601 3359 Et
1654 3326 1666 3344 ⁴
1691 3320 1863 3360 divinam
1907 3326 1991 3358 rem
2029 3316 2187 3363 facere:

1346 3374 1511 3415 Plautus
1543 3386 1591 3414 ac
1622 3373 1782 3413 Liviusz
1811 3377 1824 3396 ‘
1843 3383 1902 3410 res
1929 3370 2080 3410 divinas
2099 3384 2186 3425 per.

1344 3428 1488 3475 ficere,’
1503 3427 1642 3480 Virgil.
1661 3427 1758 3466 AEn.
1775 3429 1817 3466 8.
1832 3423 2025 3477 Inccen.)

1291 3480 1479 3522 Divinare
1495 3482 1548 3520 de
1565 3481 1672 3520 exitu
1698 3477 1825 3532 (ἔδοξε
1842 3479 1937 3518 Mu
1953 3476 2041 3518 τινὰ
2057 3490 2183 3530 mo*-

1342 3534 1415 3584 μὸν
1444 3532 1644 3586 εἰρηκέναι,
1671 3532 1798 3585 inquit
1830 3531 2020 3587 Diodor.)
2047 3532 2139 3581 xvii,
2157 3535 2184 3572 6
