2306 3900
330 247 437 302 698

330 381 443 434 quod
472 381 586 420 intra
614 392 692 422 xv.
714 381 871 434 pedum
902 382 1211 434 longitudinem

331 444 726 495 comprehenditur,
765 451 814 486 ut
848 445 987 498 inquit
1027 446 1209 500 Dionys.

330 508 397 547 Ex
416 506 496 546 hoc
517 508 742 548 sumebant
772 509 951 548 Romani
975 516 1211 562 sceptrum,

331 582 409 622 per
421 571 532 623 quod
545 572 761 623 jurarent,
775 578 820 612 et
835 573 1021 624 lapidem
1035 573 1212 626 silicem,

330 646 414 685 quo
446 633 584 674 foedus
611 633 806 676 ferirent.
849 636 964 687 Lege
992 634 1119 676 Alex,
1139 636 1210 676 >ab

329 696 458 738 Alex.
481 697 553 738 lib.
574 709 607 739 1.
639 701 705 738 14.
734 702 780 737 et
808 710 860 737 ex
891 699 1075 751 antiquis
1109 699 1211 738 Plu-

330 761 542 810 tarchum,
570 761 790 802 Valerium
823 761 1059 802 Maximum
1078 773 1150 803 111.
1169 765 1209 802 2.

331 824 532 864 Keuehen.

387 887 498 926 Exul
513 890 593 926 tum
613 886 675 926 his
692 887 829 939 terris]
857 888 1021 939 Supra:
1064 888 1077 910 ‘
1098 889 1212 929 Hos-

331 950 388 991 tis
415 949 630 991 Antonius
657 952 880 1004 judicatus
910 952 1042 993 Italia
1073 964 1213 992 cesse—

330 1013 431 1055 rat!
456 1014 660 1055 Schottus
681 1013 797 1056 Obs.
824 1026 896 1056 111.
929 1019 967 1056 2.
996 1028 1047 1055 ea·
1063 1015 1215 1055 ultimis

330 1076 466 1117 ten-is.
522 1077 791 1129 Etexplicat
811 1076 865 1117 de
881 1077 1085 1130 AEgypto.
1113 1078 1214 1117 Boe-

330 1141 468 1181 clerus.

388 1205 498 1245 CAP.
525 1207 593 1244 21.
639 1205 740 1244 Cum
771 1215 855 1246 vu.
887 1208 927 1244 et
955 1213 1066 1244 Lxx.
1094 1215 1215 1243 annos

330 1269 569 1322 complesset]
599 1268 686 1312 Qui
707 1274 773 1309 est
791 1281 924 1309 annus
946 1268 1215 1309 climacteri-

331 1343 408 1371 cus
428 1331 748 1372 hebdomaticus
761 1344 954 1384 magnus,
967 1331 1100 1372 ducto
1119 1343 1216 1383 sep·

331 1393 501 1434 tenario
531 1394 574 1433 in
599 1394 816 1438 undecim:
857 1407 954 1434 nam
989 1395 1217 1435 Climacte·

330 1457 432 1497 ricis
452 1457 564 1497 viros
597 1458 970 1509 praestantissimos
989 1458 1216 1510 extinctos,

331 1525 504 1561 veteres
525 1521 738 1561 memoriae
761 1527 1123 1575 monumentaque
1142 1521 1214 1561 de·

333 1584 514 1625 clarent.
568 1583 712 1635 Supra
744 1584 757 1607 ‘
776 1596 888 1624 anno
916 1589 1039 1624 sexto
1058 1590 1104 1625 et
1120 1596 1216 1624 aex-

333 1646 537 1700 agesimo’
574 1653 753 1687 matrem
787 1648 1115 1700 nonagenariam
1145 1659 1217 1688 ex-

335 1713 451 1752 tulit:
473 1717 518 1751 et
533 1711 692 1751 bellum
705 1712 991 1752 Caesarianum
1005 1718 1219 1764 exortum,

333 1775 482 1827 Nepos
503 1774 581 1826 ait,
600 1775 742 1815 aetatis
764 1773 904 1816 Attici
934 1775 1220 1828 sexagesimo,

339 1838 412 1891 qui
433 1844 501 1878 est
534 1838 589 1880 U.
611 1838 660 1878 C.
689 1840 783 1878 704.
825 1837 1080 1877 Decessisse
1114 1850 1219 1878 vero

336 1903 414 1945 Cn.
426 1903 621 1944 Domitio
636 1903 688 1942 L.
703 1902 746 1943 F.
764 1902 860 1943 CN.
880 1902 939 1943 N.
958 1901 1219 1953 AEnobarbo,

335 1967 386 2006 C.
418 1966 541 2008 Sosio
561 1966 607 2006 C.
631 1966 682 2006 F.
702 1967 750 2006 Τ.
770 1966 828 2006 Ν.
859 1965 983 2007 Coss.
1039 1966 1124 2008 Qui
1151 1972 1220 2006 est

334 2044 470 2072 annus
507 2035 601 2072 721.
639 2037 738 2084 post
776 2032 953 2071 Romam
987 2030 1221 2072 conditam.

337 2097 478 2137 Natus
498 2097 643 2149 itaque
659 2095 831 2137 Atticus
848 2108 958 2135 anno
972 2099 1068 2137 644.
1087 2097 1220 2137 trien-

336 2160 408 2200 nio
443 2165 544 2200 ante
577 2161 640 2200 M.
676 2160 878 2212 Tullium,
908 2160 978 2200 cui
1008 2171 1074 2200 xx.
1101 2160 1221 2201 annis

337 2228 558 2275 superstes
580 2222 678 2263 fuit.
719 2222 873 2264 Schott.

341 2309 346 2313 -
392 2287 601 2327 Putaram
634 2298 715 2326 esee
750 2286 968 2338 tenesmon]
1013 2286 1220 2326 Crebram

337 2350 564 2391 etinanem
579 2350 843 2390 voluntatem
864 2349 1082 2402 egerendi.
1102 2350 1220 2390 Plin.

339 2414 458 2454 Hist.
491 2415 597 2454 Nat.
631 2413 706 2453 lib.
738 2424 907 2454 xxvm.
937 2417 1001 2455 14.
1056 2413 1221 2454 Eadem

337 2477 571 2529 explicatio
591 2477 750 2529 legitur
769 2477 883 2529 apud
905 2478 1222 2530 Hippocratem

337 2540 535 2593 Epidem.
556 2540 633 2580 lib.
667 2551 722 2579 u.
753 2545 861 2580 sect.
881 2543 921 2580 2.
951 2540 1221 2592 Dysenteriae

338 2602 480 2643 adfine
527 2613 619 2642 esse
661 2601 829 2653 vitium,
875 2613 1057 2654 eamque
1105 2613 1223 2654 saepe

338 2664 605 2716 praecedere,
625 2669 671 2704 et
689 2664 732 2704 in
753 2667 804 2704 eo
827 2676 964 2715 pauca
981 2669 1159 2704 cruenta
1178 2670 1224 2705 et

337 2739 526 2779 mucosa,
556 2738 652 2767 cum
682 2739 838 2778 magna
862 2727 1058 2767 tensione
1091 2729 1225 2780 egeri,

337 2790 486 2832 scribit
521 2790 713 2830 Galenus
753 2790 874 2830 Com.
906 2789 959 2830 ad
993 2790 1223 2842 aphorism.

339 2858 408 2895 27.
427 2854 500 2895 lib.
522 2864 607 2894 vu.
647 2852 776 2906 Apud
794 2853 1060 2895 Nicandrum
1082 2855 1222 2895 Schol.

337 2920 450 2959 hunc
485 2918 677 2957 morbum
707 2928 783 2956 suo
821 2923 1015 2968 tempore
1056 2917 1226 2968 βιασμὸν

338 2981 501 3022 dictum
542 2979 696 3020 scribit
728 2980 770 3019 in
804 2979 1006 3031 Alexiph.
1036 2994 1098 3021 vs.
1132 2985 1225 3023 182.

339 3042 470 3096 Apud
489 3039 718 3094 utrumque
737 3041 893 3092 legitur
904 3041 1109 3092 τηνεσμός.
1129 3044 1228 3083 Ma·

341 3107 488 3147 nutius
526 3105 679 3146 scribit
710 3103 926 3155 τεινασμός.
953 3104 1024 3146 Jo.
1044 3106 1224 3147 Valder.

342 3167 555 3220 τεινεσμός.
611 3169 766 3209 Bosius
816 3166 1021 3218 τενασμός.
1079 3169 1223 3210 Gifan.

340 3232 489 3272 Lamb.
520 3237 566 3272 et
598 3231 670 3273 J0.
698 3232 858 3272 Savaro
877 3236 1082 3273 tenesmus.
1111 3234 1225 3273 Beu-

342 3307 469 3335 verus
501 3308 602 3335 vero
635 3300 834 3337 tenasmon
871 3297 1036 3338 Latinis
1072 3297 1226 3339 literis.

341 3358 565 3399 Manutius
602 3370 655 3397 ex
694 3360 1051 3413 subsequentibus
1081 3361 1223 3401 verbis

340 3422 425 3463 sine
467 3421 558 3462 uuis
593 3421 787 3462 doloribus
824 3423 980 3474 probat
1023 3422 1225 3473 τεινεσμὸν

690 263 869 302 NOTAE
914 263 1246 304 VARIORUM
1289 265 1350 304 ΙΝ
1398 267 1451 308 C.
1492 266 1753 307 NEPO'l'IS

1273 395 1358 424 non
1387 383 1536 436 fuisse,
1574 385 1704 439 idque
1728 385 1992 428 authoritate
2022 387 2151 429 Corn.

1275 446 1402 487 Celsi.
1448 449 1587 488 Ernst.

1327 510 1564 564 Sextumque
1583 512 1838 564 Peducaeum]
1880 511 1965 554 Qui
1984 512 2155 553 Praetor

1274 579 1368 613 erat
1389 585 1499 613 anno
1520 574 1626 615 Urb.
1654 579 1747 617 678.
1804 575 1944 617 Attici
1976 575 2155 618 familia-

1275 635 1479 675 rissimus.
1521 638 1659 677 Ernst.

1329 699 1380 738 In
1398 699 1567 739 cubitum
1585 701 1767 752 innixus]
1806 702 1890 744 Qui
1911 702 2077 744 habitus
2095 703 2156 744 lo·

1274 761 1346 814 qui
1363 762 1608 813 incipientis
1631 763 1741 815 apud
1759 765 1970 817 antiquos.
2000 765 2158 806 Home-

1275 836 1367 864 rus:
1396 824 1596 876 Ὀρθωθεὶς
1617 825 1648 864 δ’
1682 824 1739 877 ἄρ’
1759 827 1818 865 ἐπ’
1838 827 2022 877 ἀγκῶνος,
2038 835 2157 879 κεφα-

1275 887 1351 935 λὴν
1383 888 1571 940 ἐπαείραε,
1603 888 1801 941 Ἀτρείδην
1827 889 2046 943 προσέειπε,
2073 893 2156 932 &c.

1277 952 1348 991 De
1396 952 1569 991 Christo
1614 953 1817 993 Nonnus:
1866 952 1941 992 Καὶ
1976 951 2158 1003 παλάμῃς

1276 1014 1434 1065 ἀγκῶνα
1451 1014 1723 1064 παλινδίνητον
1740 1015 1903 1068 ἐρείσας,
1927 1009 2160 1070 Ἀκρόέοτον

1275 1077 1362 1132 περὶ
1371 1078 1517 1119 κύκλον
1533 1079 1789 1133 ὕμοστόργοιο
1811 1080 2023 1134 τραπέζης,
2035 1079 2161 1122 Ἐἶπεν

1279 1143 1356 1183 ἑοῖς
1395 1141 1557 1196 ἑτάροις.
1611 1144 1884 1185 Herodianus
1917 1145 1972 1186 de
1994 1139 2160 1186 ‘Marco

1279 1206 1550 1258 Imperatore
1570 1221 1598 1247 :·
1636 1207 1791 1259 Ἥσυχῆ
1835 1209 1908 1248 τοῦ
1951 1209 2161 1259 σκίμποδος

1277 1269 1466 1322 κουφίσαι·
1490 1269 1641 1320 ἑαυτὸν,
1659 1271 1844 1312 τοιούτων
1862 1270 1990 1322 λόγων
2005 1273 2158 1325 ἤρξατο.

1279 1333 1532 1374 Petronius:
1560 1337 1572 1357 ‘
1594 1336 1777 1375 Erectus
1796 1335 1839 1375 in
1856 1334 2060 1386 cubitum,
2077 1335 2158 1376 hac

1279 1395 1372 1436 fere
1421 1396 1615 1437 oratione
1651 1402 1945 1445 contumacem
1980 1398 2160 1438 vexari!

1281 1459 1483 1500 Kenchen.

1335 1523 1451 1568 Quod
1493 1523 1545 1563 ad
1588 1525 1804 1565 sanandum
1836 1537 1897 1565 me
1925 1525 2161 1578 pertineret]

1281 1584 1392 1625 Haec
1409 1582 1454 1624 inv
1471 1585 1725 1637 quibusdam
1751 1587 1873 1627 libris
1892 1589 2162 1630 omittuntur.

1280 1646 1366 1686 Sed
1386 1647 1428 1686 in
1445 1647 1539 1686 aliis
1560 1646 1791 1699 habentur,
1806 1661 1903 1701 nec,
1920 1654 1971 1690 ut
1988 1650 2160 1704 quidam

1281 1708 1540 1761 suspicatur,
1562 1720 1587 1749 a
1607 1709 1814 1751 Lambino
1842 1712 2018 1752 inserta.
2058 1713 2163 1753 Boe-

1279 1774 1416 1814 clerus.

1335 1837 1446 1877 Mihi
1491 1840 1572 1877 stat
1615 1837 1718 1877 olere
1758 1838 1931 1879 morbum
1969 1839 2165 1891 desinere]

1282 1900 1434 1941 Cicero
1454 1900 1529 1941 lib.
1549 1911 1613 1941 lx.
1634 1901 1687 1940 ad
1701 1901 1964 1942 Varronem:
1994 1904 2009 1926 ‘
2029 1896 2163 1943 Modo

1282 1970 1371 2005 stet
1389 1964 1514 2004 nobis
1534 1965 1654 2017 illud,
1679 1977 1763 2004 una
1783 1965 1928 2006 vivere
1946 1966 1990 2006 in
2010 1965 2162 2007 studiis

1281 2028 1454 2079 nostris,
1470 2041 1495 2068 a
1511 2028 1664 2081 quibus
1683 2034 1812 2069 antea
1830 2029 2160 2070 delectationem

1283 2091 1408 2132 modo
1443 2093 1710 2144 petebamus,
1748 2106 1861 2134 nunc
1894 2106 1998 2136 vero
2030 2094 2163 2136 etiam

1281 2156 1494 2197 salutem.'
1533 2156 1687 2197 Sclaott.

1335 2220 1447 2259 CAP.
1468 2222 1535 2259 22.
1570 2220 1635 2258 Ex
1655 2222 1766 2260 domo
1784 2221 1826 2261 in
1842 2223 1998 2262 domum
2013 2221 2167 2263 videre·

1281 2286 1349 2321 tur
1383 2281 1576 2332 migrare]
1616 2282 1727 2322 Cato
1761 2283 1834 2323 ille
1860 2284 2164 2325 Ciceronianus

1282 2344 1416 2384 multo
1433 2344 1622 2384 rectius:
1653 2346 1665 2367 ‘
1682 2346 1747 2385 Ex
1768 2347 1848 2386 hac
1867 2347 1958 2387 vita
1974 2347 2165 2400 discedo,

1283 2413 1485 2460 tanquam
1518 2419 1572 2447 ex
1604 2407 1812 2459 hospiti03
1841 2421 1925 2449 non
1960 2414 2164 2463 tanquam

1283 2483 1336 2511 ex
1356 2471 1508 2510 domo:
1554 2472 1845 2511 commorandi
1865 2473 1978 2512 enim
1999 2473 2167 2514 Natura

1284 2532 1583 2585 diversorium,
1636 2544 1718 2573 non
1757 2533 1982 2574 habitandi
2017 2535 2167 2576 dedit!

1284 2598 1411 2638 Idem.

1337 2661 1519 2713 Agrippa
1555 2673 1642 2701 eum
1677 2660 1786 2714 flens
1820 2665 1936 2714 atque
1971 2663 2164 2715 osculans]

1283 2721 1438 2775 Apage
1480 2723 1579 2763 hinc
1624 2723 1782 2776 oscula,
1827 2725 1888 2764 ait
1923 2725 2164 2778 Schoppius

1283 2786 1518 2828 Verisimil.
1538 2786 1613 2826 lib.
1634 2798 1704 2827 111.
1733 2790 1774 2828 8.
1793 2799 1879 2827 non
1899 2787 2010 2828 enim
2033 2791 2166 2841 aegro,

1284 2850 1439 2903 cuique
1460 2849 1566 2889 mori
1593 2856 1757 2890 certum
1787 2855 1867 2900 est,
1899 2857 2166 2904 competunt.

1282 2912 1435 2952 Sanior
1453 2917 1577 2951 vetus
1610 2910 1774 2962 Codex,
1795 2910 1904 2964 flens
1920 2916 2036 2964 atque
2061 2912 2167 2954 obte-

1282 2987 1411 3016 erane.
1465 2975 1550 3015 Sed
1583 2975 1722 3026 rigido
1757 2975 1924 3015 censori
1952 2976 2167 3030 schoppio

1284 3053 1367 3080 non
1384 3040 1503 3079 venit
1527 3040 1569 3079 in
1589 3045 1793 3090 mentem,
1813 3041 1926 3092 quod
1948 3041 2080 3082 etiam
2099 3042 2165 3084 M.

1283 3103 1478 3156 Popilius
1498 3102 1688 3154 Oppium
1709 3102 1897 3152 Gallum,
1914 3102 2167 3145 familiarem

1285 3178 1421 3215 suum,
1454 3166 1637 3205 moriens
1673 3165 1827 3206 ultimo
1860 3168 2090 3219 complexu
2119 3172 2167 3209 et

1285 3231 1430 3271 osculo
1445 3230 1619 3282 dignum
1625 3229 1851 3281 judicarit.
1878 3230 2026 3270 Valet.
2040 3230 2167 3270 Max-

1284 3296 1355 3337 im.
1387 3295 1462 3336 lib.
1497 3306 1580 3336 vu.
1613 3298 1678 3336 18.
1709 3298 1748 3336 9.
1804 3293 1888 3335 Sed
1921 3295 1966 3334 in
1994 3294 2060 3334 hin
2080 3306 2167 3335 non

1285 3364 1383 3400 sunt
1420 3358 1575 3411 positae
1612 3368 1716 3409 opes
1753 3357 1973 3396 Romanae.
2028 3357 2167 3399 Ernst.

1283 3423 1350 3463 De
1359 3421 1514 3463 osculis
1528 3418 1871 3461 moribundorum
1882 3419 2004 3472 plura
2016 3419 2170 3462 Kirch.
