2306 3900
896 224 1299 263 FRAGMENTA.

200 345 268 386 M.
292 344 494 395 Manlius,
519 346 592 398 qui
627 344 886 396 Capitolium
905 356 931 383 a
950 343 1083 384 Gallis

199 406 472 458 defenderat,
491 419 588 448 cum
620 419 797 460 regnum
824 405 1085 457 affectasset,

200 470 444 521 damnatus,
471 476 731 524 necatusque
751 469 847 510 est!
901 469 1012 509 Vide
1028 469 1082 510 T.

198 534 367 575 Livium
405 535 475 575 lib.
519 546 581 575 vl.
629 533 684 574 ab
730 534 849 574 Urbe
884 533 1083 574 Condita.

200 597 354 643 Schott.
410 596 617 639 Defensio
648 597 720 637 illa
747 597 901 645 Manlii
929 596 1083 636 adver-

199 672 291 700 sum
312 660 459 701 Gallos
480 659 670 700 Senones
687 659 842 700 incidit
862 659 905 698 in
925 671 1083 699 annum

199 722 275 763 ἀπὸ
287 724 363 771 τῆς
375 721 521 764 mistos
538 734 752 764 cchxm.
779 722 902 763 Stad.
947 723 1085 762 Roma

200 797 226 826 a
241 785 379 826 Gallis
398 790 541 837 capta,
559 798 656 826 cum
677 790 912 837 pugnatum
938 785 1084 836 paullo

199 853 300 889 ante
318 853 435 888 esset
456 847 508 888 ad
531 846 690 888 Alliam
715 845 892 896 flumen,
911 846 980 887 die
999 858 1083 896 *xv-

199 911 389 966 Kalend.
434 911 590 951 Sextil.
617 909 706 963 περὶ
739 909 883 963 τροπὰς
922 910 1083 962 θερινὰς,

199 967 285 1027 περὶ
303 973 379 1022 τὴν
395 972 656 1025 πανσέληνον,
680 979 728 1015 ut
746 975 808 1014 ait
821 974 1082 1015 Plutarchus

198 1037 244 1077 in
264 1037 460 1078 Camillo.
517 1037 707 1077 Manlius
727 1049 752 1077 a
769 1037 881 1077 Saxo
898 1037 1083 1089 Tarpeio

199 1112 395 1153 praeceps
424 1099 549 1140 datus
569 1105 634 1140 est
653 1111 763 1140 anno
781 1111 864 1147 vn.
885 1106 984 1151 post
1001 1100 1083 1140 Ur·

199 1163 296 1204 bem
315 1175 341 1204 a
361 1162 499 1204 Gallis
519 1169 754 1215 receptam.
783 1163 975 1216 Agellius
994 1163 1084 1204 Ne-

199 1230 346 1279 potem
382 1226 531 1266 laudat
563 1231 798 1277 auctorem,
826 1226 899 1279 qui
928 1225 1084 1265 Manli-

198 1301 271 1331 um
308 1289 575 1330 verberando
607 1294 807 1330 necatum
842 1289 1082 1341 scripserit.

195 1351 411 1404 ,adjectas
431 1358 600 1392 mortuo
619 1357 758 1403 notas,
787 1352 949 1403 Livius,
982 1351 1082 1393 Sex.

197 1415 447 1467 Pompeius,
477 1415 677 1456 Herodes
702 1415 870 1455 Atticus
890 1414 1004 1466 apud
1024 1413 1083 1453 A-

197 1479 388 1531 gellium,
438 1484 638 1519 auctores
690 1484 816 1518 sunt:
865 1479 877 1500 ⁴
901 1478 1083 1518 alteram

199 1541 440 1596 publicam;
467 1543 581 1595 quod
607 1554 704 1582 curn
725 1542 873 1582 domus
902 1542 992 1594 ejus
1027 1553 1082 1582 ex

197 1606 345 1658 populi
356 1605 481 1658 jussu
501 1606 557 1646 ob
577 1604 800 1647 defensum
822 1606 1083 1658 Capitolium

197 1668 241 1708 in
259 1680 358 1708 arce
377 1667 557 1709 fuisset:
585 1668 660 1709 ubi
697 1675 848 1720 postea
877 1668 992 1709 aedes
1020 1674 1083 1709 at-

198 1742 281 1784 que
300 1730 471 1772 officina
490 1732 682 1773 Mouetae
697 1745 711 1782 3
729 1732 864 1772 latum
877 1732 931 1772 ad
947 1744 1083 1784 popu-

201 1793 288 1834 lum
306 1800 391 1844 est,
405 1806 459 1835 ne
479 1794 574 1846 quis
592 1794 808 1845 Patricius
828 1794 871 1834 in
891 1806 988 1834 arce
1009 1799 1084 1834 aut

200 1857 415 1909 Capitolio
451 1858 699 1899 habitaret:
727 1856 998 1899 Gentilitiam
1025 1858 1083 1897 al·

198 1928 352 1974 teram,
381 1934 436 1963 ne
475 1923 568 1977 quis
599 1935 655 1964 ex
689 1936 743 1964 ea
774 1930 902 1975 gente
940 1923 1083 1964 Marci

198 1987 461 2039 praenomine
505 1986 762 2027 vocaretur)
822 1986 950 2029 Quod
996 1987 1084 2037 ille,

200 2050 272 2103 qui
292 2049 347 2089 de
363 2050 478 2090 Viris
507 2049 764 2101 illustribus,
778 2050 908 2089 Plinii
925 2050 1083 2090 Secun-

199 2113 244 2152 di
264 2112 392 2153 titulo
408 2110 730 2163 circumfertur,
745 2111 933 2164 scripsit,
953 2114 966 2134 ⁸
985 2124 1084 2164 gen·

200 2175 401 2216 tilitatem
436 2175 591 2216 Manlii
629 2176 838 2227 ejurasse,
891 2186 945 2214 ne
988 2175 1083 2228 quis

198 2243 352 2290 postea
388 2237 640 2289 cognomine
673 2238 906 2289 Capitolini
942 2244 1083 2279 utere-

201 2301 302 2352 tur,'
339 2299 591 2352 ἀνιστορησία
615 2306 694 2341 est.
751 2301 935 2342 Constat
970 2302 1083 2341 enim

197 2376 254 2403 ex
273 2363 504 2404 Consulum
530 2362 784 2414 Annalibus,
817 2364 1082 2415 Capitolino-

199 2438 295 2469 rum
330 2427 583 2480 cognomina
615 2426 659 2466 in
706 2426 926 2467 Manliana
963 2426 1083 2466 dein-

201 2502 305 2543 ceps
320 2488 667 2543 frequentissima
680 2489 826 2531 fuisse.
843 2489 963 2530 stad.
1008 2490 1082 2530 Vi-

198 2554 252 2594 de
268 2554 511 2606 Epitomam
526 2552 649 2599 Livii,
669 2563 729 2592 vx.
769 2551 1082 2593 Quintilianum

199 2628 268 2658 ιιι.
288 2620 329 2656 7.
366 2616 461 2656 Val.
480 2614 717 2655 Maximum
737 2625 800 2654 vr.
819 2617 859 2653 3.
896 2613 1081 2654 Plinium

200 2691 280 2720 vu.
300 2682 367 2720 28.
386 2684 432 2719 et
449 2678 725 2718 Plutarchum
743 2677 784 2716 ἐν
806 2675 952 2717 αἰτίοις.

253 2743 479 2783 Alexander·
509 2741 684 2791 Magnus
716 2740 839 2780 Peuoe
867 2743 992 2791 ortus,
1017 2740 1080 2779 Μ.

199 2805 324 2847 Fabio
346 2803 547 2854 Ambusto,
575 2803 667 2843 Tito
700 2802 886 2848 Quinctio
921 2803 1082 2854 Cupito·

196 2869 277 2908 lino
310 2869 420 2908 Coss.
446 2870 534 2919 post
564 2866 731 2906 Romam
758 2865 954 2906 conditam
981 2878 1081 2906 anno

197 2929 478 2981 trecentesimo,
496 2930 756 2980 octuagesimo
769 2929 923 2981 quinto]
944 2928 1081 2982 Atqui

198 2994 344 3035 multis
362 2993 500 3034 modis
521 2993 600 3034 boc
620 2991 773 3033 falsum
797 2990 1081 3044 deprehendi-

199 3063 283 3098 tur.
336 3057 510 3109 Quippe
547 3057 749 3097 convenit
785 3056 899 3096 inter
934 3068 1080 3096 omnes

198 3119 490 3162 Alexandrum
519 3126 665 3160 natum
696 3119 965 3172 Olympiadis
985 3132 1081 3160 sex-

198 3188 256 3224 tae
298 3194 428 3235 snpra
463 3182 738 3222 centesimam
779 3194 890 3222 anno
927 3182 1079 3234 primo.

200 3246 287 3287 Alii
304 3245 494 3287 secundo
524 3245 688 3285 volunt.
743 3245 793 3285 In
831 3246 911 3286 hoc
945 3246 1079 3286 solum

201 3306 416 3350 discordia
430 3313 510 3349 est.
567 3307 694 3349 Quod
727 3313 895 3359 tempus
925 3319 1082 3348 conve-

201 3371 265 3412 nit
295 3382 404 3411 anno
433 3370 538 3411 Urb.
570 3370 757 3411 conditae
781 3369 1081 3410 trecentesimo

202 3435 473 3487 nonagesimo
507 3434 705 3488 septimo,
741 3434 810 3474 vel
842 3439 1011 3486 octavo,
1047 3433 1082 3475 si

1925 211 2031 263 703

1142 343 1346 384 Varronis
1367 344 1578 384 calculum
1603 343 1808 397 sequaris.
1866 343 2032 394 Nepos,

1143 406 1295 458 siquid
1315 407 1460 447 solino
1475 408 1706 457 credimus,
1725 412 1874 447 natum
1897 406 2031 446 Alex·

1144 470 1324 510 andrum
1344 471 1594 523 scripserat,
1622 471 1852 511 Consulibus
1869 471 1931 510 M.
1953 471 2030 510 Fa-

1144 532 1206 572 bio
1230 533 1421 573 Ambusto
1446 537 1487 573 et
1508 534 1556 573 Τ.
1584 534 1768 578 Quinctio
1790 533 2029 585 Capitolino.

1146 594 1351 635 Consules
1389 595 1465 635 illi
1497 594 1672 636 fuerunt
1699 596 1826 648 juxta
1862 596 2031 636 Livium

1146 670 1256 698 anno
1276 658 1408 698 Urbis
1430 658 1850 711 quadringentesimo
1878 660 2031 712 primo,

1144 720 1224 760 hoc
1244 726 1327 770 est,
1343 719 1613 772 Olympiadis
1633 722 1880 762 centesimae
1897 727 2030 763 sextae

1145 796 1256 824 anno
1276 789 1445 837 quarto.
1501 783 1585 824 Sed
1605 796 1751 824 omnes
1763 797 1872 824 auno
1895 785 2030 837 primo

1144 852 1220 888 aut
1238 846 1427 887 secundo
1444 846 1570 899 hujus
1590 846 1864 900 Olympiadis
1883 854 2030 888 natum

1145 911 1389 964 prodidere.
1445 910 1612 962 Nepoti
1628 910 1804 962 placuit,
1821 915 1870 951 ut
1886 923 1941 951 ex
1954 911 2031 951 So-

1142 974 1436 1025 linoscimus,
1463 973 1642 1013 Romam
1687 973 1902 1014 conditam
1938 985 2032 1014 esse

1146 1037 1418 1090 Olympiadis
1456 1038 1652 1089 septimae
1682 1049 1795 1077 anno
1823 1037 2029 1078 secundo.

1145 1102 1192 1142 Si
1211 1113 1266 1142 ex
1294 1113 1383 1141 aera
1415 1101 1701 1151 Varroniana,
1727 1099 1860 1140 Urbis
1893 1113 2031 1141 annus

1145 1164 1472 1204 trecentesimus
1482 1163 1782 1214 nonagesimus
1790 1174 1925 1203 nonus
1935 1175 2035 1203 con·

1147 1227 1267 1267 venit
1295 1238 1391 1267 cum
1419 1226 1690 1278 Olympiadis
1707 1232 1841 1266 sextae
1861 1232 1907 1267 et
1935 1238 2034 1267 cen-

1146 1290 1312 1330 tesimae
1349 1301 1461 1329 anno
1493 1289 1709 1340 secund03
1742 1296 1863 1330 certe
1883 1302 2033 1330 secun-

1146 1353 1247 1392 dum
1263 1364 1391 1392 aeram
1409 1353 1696 1404 Nepotianam
1716 1353 1848 1393 Urbis
1865 1358 2033 1394 trecen-

1147 1416 1324 1456 tesimns
1383 1415 1680 1466 nonagesimus
1729 1415 1936 1467 septimus
1987 1416 2032 1455 iu

1145 1478 1325 1518 eundem
1343 1490 1500 1518 annum
1536 1477 1803 1530 Olympiadis
1824 1489 2033 1529 congrue-

1145 1542 1220 1582 rit.
1276 1542 1392 1594 Ergo
1425 1554 1561 1582 annus
1589 1541 1719 1582 Urbis
1746 1541 2034 1594 quadringen-

1147 1605 1323 1645 tesimus
1343 1603 1520 1657 primus,
1540 1605 1671 1657 juxta
1686 1606 1918 1656 Nepotem,
1934 1616 2034 1644 cum

1147 1667 1416 1719 Olympiadis
1453 1669 1647 1720 septimae
1684 1668 1822 1720 primo
1857 1672 1932 1709 aut
1967 1680 2032 1708 se-

1146 1731 1286 1771 cundo
1324 1742 1434 1770 anno
1455 1731 1704 1783 pariaverit.
1760 1730 2033 1783 Olympiadis

1145 1806 1251 1834 vero
1271 1800 1406 1835 sextae
1427 1802 1473 1835 et
1492 1796 1736 1835 centesimae
1768 1807 1904 1835 annus
1936 1794 2036 1835 ulti-

1150 1868 1258 1908 mus,
1273 1869 1358 1910 quo
1390 1864 1539 1897 natum
1554 1856 1847 1898 Alexandrum
1862 1857 2034 1909 putavit

1148 1916 1310 1973 Nepos,
1327 1921 1457 1961 Urbis
1477 1933 1611 1973 annus
1632 1921 1763 1962 fuerit
1781 1922 2033 1962 trecentesi-

1147 1997 1239 2026 mus
1273 1986 1571 2038 nonagesimus
1606 1998 1754 2029 nonus.
1811 1986 1879 2027 An
1900 1987 2033 2039 igitur

1146 2048 1215 2088 hic
1232 2061 1430 2088 numerus
1463 2050 1544 2090 hoc
1565 2050 1658 2090 loco
1690 2050 2033 2102 expungendus?

1146 2111 1200 2151 Id
1220 2112 1344 2152 nimis
1366 2112 1492 2163 longe
1511 2112 1601 2152 abit
1627 2124 1654 2152 a
1673 2112 1866 2165 vestigiis
1898 2112 2032 2164 scrip-

1147 2180 1257 2216 turae
1280 2175 1434 2215 veteris
1464 2176 1650 2215 omnium
1679 2175 1896 2215 librorum.
1953 2176 2033 2216 Er-

1148 2251 1221 2278 ror
1239 2239 1380 2291 potius
1400 2239 1535 2279 Solini
1563 2237 1792 2290 fuerit,-ut
1825 2238 1868 2278 in
1898 2238 2032 2278 omni-

1146 2302 1224 2343 bus
1242 2303 1441 2342 solennes
1467 2302 1559 2354 ejus
1594 2307 1696 2342 sunt
1724 2302 1833 2342 tales
1852 2301 2032 2346 halluci-

1146 2366 1352 2406 nationes.
1395 2365 1595 2406 Natalem
1618 2364 1853 2411 Alexandri
1872 2365 1915 2404 in
1932 2376 2033 2405 con-

1145 2429 1330 2469 sulatum
1363 2428 1486 2468 Fabii
1527 2426 1729 2468 Ambusti
1756 2432 1802 2468 et
1839 2427 2034 2470 Quinctii

1146 2492 1380 2544 Capitolini
1431 2491 1676 2532 contulerat
1722 2492 1890 2541 Nepos.
1944 2489 2034 2530 An-

1145 2566 1246 2594 num
1284 2553 1414 2594 Urbis
1449 2553 1504 2592 de
1541 2564 1617 2592 suo
1648 2552 1813 2591 addidit
1846 2551 2034 2601 Solinus,

1146 2629 1230 2668 quo
1250 2628 1358 2655 anno
1387 2615 1491 2654 nulli
1522 2615 1730 2655 Consules
1759 2615 1919 2664 Romae,
1953 2614 2032 2654 sed

1143 2677 1323 2720 Tribuni
1356 2678 1537 2718 militum
1567 2677 1791 2718 Consulari
1812 2683 2031 2728 potestate

1146 2742 1372 2795 regebant.
1428 2741 1555 2783 Quod
1595 2746 1764 2791 tempus
1800 2739 1951 2780 incidit
1987 2739 2031 2779 in

1147 2804 1447 2858 Olympiadem
1491 2802 1723 2844 secundam
1765 2809 1811 2842 et
1849 2801 2031 2842 centesi-

1145 2880 1257 2908 mam
1295 2873 1541 2908 exeuntem.
1597 2865 1651 2906 In
1697 2865 1811 2918 quod
1861 2871 2031 2917 tempus

1145 2943 1270 2970 nemo
1288 2936 1368 2981 est,
1383 2930 1455 2983 qui
1469 2927 1707 2970 Alexandri
1725 2928 1909 2968 natalem
1930 2939 2030 2967 con-

1135 2995 1309 3047 jecerit.
1366 2992 1620 3034 Existimavi
1640 2990 1867 3044 aliquando
1886 2991 2030 3042 legen·

1145 3058 1274 3099 dum:
1320 3062 1412 3110 post
1458 3058 1625 3097 Romam
1677 3057 1873 3096 conditam
1929 3067 2031 3094 anno

1144 3131 1440 3164 cccnxxxxv.
1489 3121 1570 3160 hoc
1629 3126 1712 3168 est,
1755 3117 2030 3169 nonagesimo

1146 3186 1311 3238 quinto,
1346 3196 1429 3223 uno
1457 3183 1633 3222 decusse
1673 3181 1833 3220 detrito
1866 3178 2030 3220 factum

1145 3257 1400 3288 cccnxxxv.
1456 3245 1565 3284 Haec
1596 3249 1665 3283 est
1708 3254 1795 3282 a>ra
1829 3242 2032 3294 Pictoris,

1147 3322 1274 3362 quam
1292 3308 1475 3349 fortasse
1495 3308 1564 3347 liic
1583 3312 1756 3346 secutus
1773 3310 1840 3346 est
1860 3306 2028 3358 Nepos.

1148 3373 1315 3412 Octava
1337 3369 1596 3422 Olympiade
1617 3370 1792 3409 Romam
1811 3367 2030 3410 conditam

1147 3433 1295 3475 voluit.
1321 3431 1563 3474 Secundum
1582 3432 1693 3473 liunc
1714 3432 1937 3485 calculum,
1954 3432 2028 3485 qui
