2306 3900
307 228 510 286 lxxxvi

359 364 468 418 (pro,
486 370 528 403 et
543 359 619 414 ita)
646 360 713 408 vii,
729 365 757 403 4
785 361 897 418 (Sict
926 361 1078 415 utique,
1098 377 1182 415 pro,

360 425 402 457 et
436 418 522 456 uti:
568 426 742 466 quoque,
778 426 866 468 pro}-
899 422 942 455 et
975 429 1069 468 quo.
1099 416 1182 456 vid.

362 470 511 521 Utique
529 474 570 509 et
589 468 771 519 Quoque.
826 469 1030 509 Interdum
1055 475 1183 511 tamen

363 520 599 568 connexioni
627 527 780 561 tantum
812 520 1006 574 inservit).
1052 523 1185 575 itaque

361 574 427 616 hic
445 575 555 622 fecit,
580 580 625 613 ut
642 586 732 615 vere
749 574 899 618 dictum
916 576 1094 616 videatur
1110 577 1185 616 ὅτε.

360 642 452 674 xxv,
474 632 522 671 11
554 626 732 689 (voret.)

307 682 489 734 Itemque
515 680 623 728 xxiii,
640 685 665 722 7
712 680 896 735 (copulat
921 685 964 721 et
989 689 1187 734 comparat

364 735 477 777 simul

309 787 392 829 Iter
421 734 548 830 facire
575 786 619 835 ii,
648 791 674 829 5
718 800 809 828 cum
838 787 911 828 iter
940 799 1011 839 per
1033 787 1186 828 Thebas

362 841 509 882 faceret
535 841 615 888 xvi,
635 844 658 883 1
687 840 760 882 iter
771 854 882 881 suurn
894 841 1050 882 flectere
1077 840 1187 886 xviii,

363 899 390 937 9
431 894 504 935 iter
531 906 755 945 comparare
771 895 824 933 ad
841 893 1011 945 aliquem
1038 894 1106 940 vii,
1135 898 1187 934 10

363 948 405 987 in
423 947 562 988 itinere
579 960 671 988 cum
689 946 820 998 aliquo
839 947 1049 999 confligere
1079 945 1188 994 xviii,

363 1005 390 1040 8
435 1013 612 1052 oppon-2
641 1013 722 1040 non
753 1001 941 1041 instructa
966 1000 1065 1048 acie,
1091 1000 1188 1040 ibid.

364 1053 566 1093 itineribus
604 1053 758 1093 occulte
793 1054 983 1094 utendum
1018 1054 1060 1092 in
1097 1053 1198 1095 beu..

366 1108 475 1153 xviii,
494 1111 520 1146 8

309 1159 465 1200 Iterum>
480 1159 627 1200 Consul
643 1157 904 1211 (secundum)
930 1160 1037 1207 xxiii,
1055 1165 1080 1201 5
1111 1160 1189 1212 pri·

365 1226 487 1260 mum,
506 1213 660 1260 iterum,
680 1213 793 1253 tertio
821 1212 930 1261 xxiii,
949 1217 978 1255 6
1022 1213 1100 1267 (ita
1118 1213 1186 1254 Ci-

310 1319 336 1359 J
340 1266 624 1361 ufflssdssffiz,
653 1324 714 1358 est
757 1318 853 1359 mihi
897 1318 962 1372 (in
1006 1318 1190 1359 convictu

366 1372 473 1426 soil.)
495 1387 585 1420 κεν,
609 1375 660 1412 16

311 1424 497 1469 Judicare
533 1427 584 1466 de
613 1423 848 1464 instantibus
874 1424 917 1471 ii,
948 1428 970 1465 1
1012 1424 1191 1476 judicare

365 1480 536 1532 aliquem
567 1478 721 1518 exulem
739 1476 914 1530 (judicio
933 1476 1090 1517 exilium
1120 1478 1190 1517 de·

368 1532 546 1586 cernere)
576 1531 682 1578 xxiii,
701 1535 726 1573 7
786 1531 905 1582 aliqu.
942 1531 1094 1570 hostem
1129 1531 1191 1583 (v.

366 1585 509 1638 Host.)
548 1587 600 1632 ix,
633 1588 658 1625 4
703 1584 794 1626 Sic:
839 1583 963 1624 hostis
989 1583 1191 1635 judicatus

347 1677 351 1681 ,
366 1653 458 1685 xxv,
475 1643 502 1681 2
530 1638 562 1680 si
574 1637 836 1689 judicandum
850 1642 912 1676 est
928 1637 1096 1677 utilitate
1109 1636 1191 1689 (se-

367 1693 542 1731 cundum
555 1689 784 1741 utilitatem)
795 1703 885 1736 xxv,
899 1693 950 1733 13
971 1690 1012 1729 id
1021 1688 1194 1741 judicari

367 1751 500 1797 potest
533 1758 581 1783 ex
615 1743 710 1795 ipsis
742 1744 854 1782 rebus
885 1742 960 1784 &e.
990 1743 1192 1796 (intelligi,

369 1797 576 1850 cognosci)
603 1809 692 1843 xxv,
711 1800 758 1837 ll
801 1796 867 1836 Sic
886 1811 895 1835 :
924 1810 972 1837 ex
991 1809 1070 1848 quo
1083 1796 1192 1848 judi-

369 1853 448 1892 cari
467 1856 620 1903 poterat
645 1850 720 1890 διο.
747 1863 837 1896 xxm
856 1853 905 1891 13
953 1855 998 1890 ut
1023 1849 1194 1902 judicari

367 1905 494 1957 possit
518 1917 582 1950 xv,
600 1907 639 1944 3.
669 1917 757 1950 xxv,
777 1908 801 1943 5
825 1903 996 1955 judicari
1027 1903 1193 1957 (intelli-

371 1959 425 2010 gi,
443 1955 664 2010 cognosci),
679 1955 777 1996 ibid.

317 2010 343 2050 J
346 2011 518 2051 udicium
554 2011 600 2051 fit
635 2010 686 2049 de
722 2011 798 2049 hoc
833 2009 1040 2062 (habetur)
1068 2010 1147 2058 xix,
1167 2013 1192 2050 3

367 2064 562 2116 judicium
580 2063 722 2105 habere
741 2063 800 2115 (v.
819 2062 946 2115 Hub.)
973 2077 1062 2110 xxv,
1080 2068 1108 2103 6
1152 2063 1194 2102 in

367 2117 565 2171 judicium
582 2116 713 2157 venire
741 2131 806 2163 xv,
824 2121 850 2157 8
896 2130 920 2156 a
947 2116 1101 2168 judicio
1131 2130 1197 2156 ca-

370 2172 462 2224 pitis
497 2171 663 2211 maxima
698 2170 897 2210 discedere
927 2171 1063 2222 gloria,
1099 2169 1196 2210 ibid.

370 2226 438 2265 ille
465 2225 527 2264 sui
549 2223 692 2275 judicii
717 2223 850 2275 potius
880 2223 1105 2263 intuebatur
1121 2223 1195 2262 &e-

372 2278 513 2330 (homo
530 2275 805 2329 αι’ντογνῶμων)
840 2290 928 2323 xxv,
946 2280 996 2316 10
1040 2277 1104 2327 (in
1131 2277 1198 2314 bo-

374 2344 465 2371 nam
482 2337 631 2381 partem
647 2345 656 2368 :
686 2331 753 2380 qui
786 2343 856 2369 suo
875 2329 1117 2380 potissimum
1130 2328 1197 2380 ju-

375 2383 480 2423 dicio
500 2382 574 2423 sibi
599 2383 783 2422 standum
799 2394 846 2422 ea
875 2388 1091 2431 temporum
1110 2394 1196 2432 per-

375 2436 596 2477 turbatione
607 2434 864 2486 intelligebat.
899 2434 1134 2486 Quanquam
1147 2434 1197 2473 de

375 2489 546 2529 lectione
581 2487 660 2528 loci
694 2489 947 2540 disceptatur.
984 2487 1092 2527 Suet.
1109 2486 1198 2526 Tib.

377 2547 429 2585 18
457 2548 470 2567 ‘
483 2542 630 2582 arbitrii
642 2542 701 2582 sui
713 2547 1001 2592 contentusque
1015 2555 1056 2580 se
1070 2539 1198 2594 uno’).

372 2595 527 2649 judicio
541 2595 644 2647 fugit
659 2596 755 2647 reip.
774 2595 1100 2646 procurationem,
1118 2607 1198 2634 non

376 2650 517 2690 inertia
543 2662 632 2696 xxv,
652 2653 702 2689 15
728 2648 880 2701 judicio
899 2648 1074 2688 omnium
1092 2660 1199 2701 mag-

376 2717 450 2743 nus
477 2717 540 2750 xx,
562 2707 584 2744 1

323 2757 348 2798 J
354 2757 482 2798 udicia
494 2756 645 2808 privata
660 2755 705 2802 ii,
719 2759 741 2795 1
771 2753 836 2808 (in
850 2754 909 2794 his
921 2753 1200 2794 Themistocles

378 2810 598 2850 rudimenta
615 2808 738 2849 civilis
754 2807 904 2860 peritioe
921 2813 1110 2859 actusque
1127 2820 1199 2859 po·

378 2865 509 2903 nebat.
557 2863 678 2902 Porro
696 2863 747 2902 de
775 2861 939 2913 publicis
962 2860 1199 2912 privatisque

379 2916 678 2955 Atheniensium
700 2914 876 2967 judiciis,
895 2928 934 2953 v.
959 2915 1048 2955 Car.
1066 2914 1198 2966 Sigon.

379 2971 430 3008 de
459 2982 540 3020 rep.
558 2968 704 3007 Athen.
735 2967 802 3006 lib.
819 2971 859 3008 8.
885 2980 973 3020 cap.
994 2972 1032 3007 1.
1063 2967 1199 3008 Boecl-

378 3024 470 3063 add.
500 3022 605 3062 Ubb.
633 3021 760 3060 Emm.
788 3027 882 3060 tom.
910 3025 950 3060 8.
975 3027 1052 3059 vet.
1073 3020 1201 3060 Graec.

380 3090 421 3129 p.
436 3080 503 3116 41.
531 3081 573 3114 et
588 3087 698 3126 seqq.
717 3074 819 3114 Satn.
840 3074 960 3114 Petit.
979 3074 1130 3114 Comm.
1151 3074 1201 3112 ad

383 3131 457 3182 leg.
477 3128 600 3169 Attia.
620 3127 686 3167 lib.
702 3131 743 3168 4.
761 3127 858 3180 &c.)

327 3184 352 3222 J
356 3197 472 3234 ugera
489 3182 569 3235 agri
595 3180 679 3228 viii,
694 3185 721 3223 4

329 3236 354 3276 J
359 3236 426 3275 ulii
445 3236 540 3275 Divi
557 3235 659 3275 filius
676 3233 735 3289 (si
752 3233 926 3287 genuina*
940 3239 1000 3273 est
1018 3232 1148 3273 lectio.
1167 3246 1204 3271 v.

384 3287 490 3340 not.)
516 3303 604 3336 xxv,
626 3292 678 3328 19

329 3341 556 3381 ‚Iumentum
570 3343 642 3392 (de
660 3340 794 3433 equis)
820 3338 926 3386 xviii,
941 3345 964 3379 6
994 3339 1034 3378 in
1047 3338 1203 3391 jumen-

387 3400 511 3433 torum
541 3395 689 3433 cornib.
720 3395 770 3433 de
788 3394 895 3446 igata
920 3399 1114 3432 sarmenta
1146 3392 1203 3430 in·

386 3447 518 3488 cendit
552 3446 750 3487 Hannibal
795 3447 900 3494 xxiii,
938 3451 960 3487 5
1018 3446 1206 3498 jumentis

1129 242 1329 282 lNDEX

1295 363 1445 415 junctis
1476 363 1564 403 vehi
1595 361 1836 416 (κομίζεσθαι
1865 363 1929 405 ἐπὶ
1958 363 2122 418 §obrem

1301 417 1523 467 Plutarch.)
1549 431 1613 463 xx,
1630 422 1656 457 4
1685 418 1908 472 (Boecler.)

1245 468 1367 510 Iunia
1383 470 1529 510 familia
1555 484 1644 517 xxv,
1663 475 1716 511 18

1246 522 1402 575 Jupiter
1435 522 1631 563 Hammon
1660 524 1711 571 vi,
1732 527 1756 564 3
1803 523 1994 564 Feretrius
2031 538 2122 574 xxv,

1299 580 1354 617 20
1382 575 1483 631 (vid.
1500 590 1588 629 sup.
1606 576 1765 616 Hamm.
1782 583 1824 616 et
1840 577 2007 631 Feretr.)
2021 579 2121 631 opu

1301 629 1417 670 Max.
1442 630 1550 677 xxiii,
1569 634 1596 671 2
1623 630 1734 670 Jovis
1753 631 1946 671 antistites
1974 632 2026 679 vi,
2042 634 2067 672 3

1246 679 1273 720 J
1275 694 1383 723 utare
1403 697 1412 722 :
1439 696 1543 722 aram
1562 690 1759 723 tenentem
1776 683 1904 735 jurare
1914 683 2035 736 jussit
2052 684 2122 737 (ex

1301 737 1377 776 ritu
1392 736 1484 775 satis
1502 742 1611 775 noto.
1629 751 1668 776 v.
1684 736 1790 788 not.)
1816 737 1923 784 xxiii,
1941 741 1968 778 2
2007 738 2124 791 (add.

1302 789 1438 828 Lamb.
1449 790 1489 827 h.
1508 789 1533 827 l.
1547 796 1588 828 et
1601 789 1704 829 Clar-
1717 790 1884 843 Berneg.
1903 791 2006 831 Just.
2020 791 2123 838 xxiv,

1301 846 1343 887 2,
1373 845 1412 882 8.
1454 849 1496 880 et
1529 845 1613 880 not.
1645 842 1816 893 Schott.)
1870 843 2002 895 jurare
2032 844 2124 884 cal-

1302 895 1476 934 licratem
1494 901 1642 946 cogunt
1668 894 1711 934 in
1729 897 1854 934 aedem
1879 897 2123 952 Proserpinae

1302 947 1516 987 deductum
1530 949 1601 1000 (ex
1617 950 1709 988 eod.
1726 948 1826 1001 ritu)
1853 963 1892 997 x,
1911 954 1938 990 8

1249 999 1274 1039 J
1278 1013 1342 1039 us:
1364 1002 1559 1041 communi
1573 1001 1663 1053 jure
1672 1001 1845 1054 gentium
1858 1002 2008 1055 aliquid
2020 1003 2125 1044 face-

1303 1067 1345 1093 re
1362 1054 1403 1101 ii,
1417 1058 1441 1094 7
1471 1054 1650 1107 (additur
1664 1062 1675 1080 ⁸
1689 1056 1912 1103 communi,’
1931 1057 2023 1108 quin
2037 1070 2126 1104 cum

1303 1107 1470 1147 naturali
1495 1108 1714 1148 coincidit:
1751 1114 1813 1147 est
1836 1109 1940 1147 enim
1967 1109 2126 1149 omnino

1303 1161 1542 1200 defensionis
1562 1161 1644 1213 jus,
1662 1163 1714 1200 de
1745 1174 1824 1214 quo
1843 1163 1967 1202 serm'o
1985 1168 2059 1209 est,
2077 1165 2127 1203 ab

1304 1214 1391 1265 ipsa
1407 1221 1545 1253 natura
1562 1215 1790 1267 profectum.
1807 1213 1899 1255 vide
1925 1216 2014 1255 Pet.
2033 1215 2128 1257 Fab.

1305 1273 1475 1306 semestr.
1488 1266 1517 1315 i,
1533 1271 1572 1307 3.
1590 1268 1739 1308 Seneca
1756 1268 1833 1320 Ep.
1846 1272 1901 1309 48
1933 1274 2129 1308 ‘commu-

1305 1333 1356 1360 ne
1369 1320 1437 1372 jus
1452 1321 1603 1372 generis
1621 1321 1810 1367 humani‚’
1826 1328 1868 1361 et
1885 1323 1938 1362 de
1955 1322 2082 1364 Clem.
2098 1323 2129 1370 i,

1307 1377 1358 1414 18
1387 1379 1399 1397 ¹
1417 1387 1624 1414 commune
1653 1374 1877 1414 animalium
1901 1374 1981 1428 jus'
2001 1382 2128 1415 vocat.

1304 1425 1427 1478 Apul.
1443 1428 1484 1466 in
1500 1427 1607 1479 apol.
1624 1434 1665 1467 et
1682 1428 1850 1467 Metam.
1867 1432 1893 1468 3
1930 1434 1942 1452 ‘
1956 1441 2127 1468 commu-

1305 1492 1356 1518 ne
1369 1479 1436 1531 jus
1456 1480 1735 1527 humanitatis,'
1754 1486 1795 1520 et
1809 1481 1896 1522 Cic.
1915 1487 1929 1506 ⁸
1937 1481 2005 1534 jus
2022 1494 2129 1522 com-

1305 1533 1433 1572 munis
1451 1533 1748 1587 humanitatis').
1778 1534 1919 1574 Cimon
1949 1547 2130 1588 magnam

1307 1584 1555 1636 prudentiam
1585 1586 1685 1638 juris
1706 1588 1830 1627 civilis
1856 1589 2027 1628 habebat
2050 1589 2128 1643 (sc.

1307 1637 1583 1691 Atheniensis)
1608 1653 1648 1687 v,
1673 1643 1699 1680 2
1743 1639 1786 1679 in
1811 1640 1878 1692 jus
1911 1642 1962 1681 de
1990 1654 2062 1681 sua
2089 1656 2131 1682 re

1304 1704 1504 1743 nunquam
1518 1690 1566 1730 iit
1583 1691 1646 1745 (in
1663 1693 1819 1745 propria
1831 1694 1969 1747 cause)
1996 1707 2085 1752 xxv,
2103 1700 2131 1736 6

1308 1745 1443 1796 patrioe
1476 1746 1668 1784 sanctiora
1687 1745 1793 1798 jura,
1811 1759 1928 1799 quarn
1955 1748 2131 1800 hospitii,

1307 1810 1393 1838 esse
1408 1797 1524 1838 >duxit
1541 1798 1612 1852 (de
1631 1799 1766 1840 officiis
1782 1801 1917 1852 patriae
1939 1806 1982 1840 et
1997 1801 2131 1854 hospi-

1308 1851 1378 1890 tib.
1397 1852 1647 1906 praestandis)
1676 1853 1756 1899 xiii,
1774 1857 1801 1894 4
1829 1854 1934 1906 quod
1950 1855 2132 1895 advertus

1303 1904 1372 1956 jus
1391 1904 1551 1957 hospitii
1567 1912 1670 1945 esset
1696 1906 1802 1954 xxiii,
1828 1911 1880 1948 12
1907 1908 1967 1960 (v.
1983 1906 2132 1960 Hospi-

1307 1957 1440 2011 tium).
1478 1972 1567 1998 cum
1586 1959 1790 2011 legationis
1811 1959 1900 2012 jure
1926 1958 2020 2000 satis
2048 1967 2131 2001 tec-

1312 2018 1396 2050 tum
1407 2024 1449 2050 se
1466 2012 1710 2056 arbitraretur
1725 2013 1803 2060 xvi,
1813 2019 1837 2054 5
1855 2014 1914 2067 (v.
1932 2014 2131 2068 Legatio).

1307 2064 1397 2171 {ure
1414 2078 1491 2170 933
1505 2066 1695 2160 ιιοέξιὶιίἰα
1709 2065 1919 2159 (plurimug
1934 2067 2132 2160 vindirizzre

1332 2131 1424 2157 men
1533 2131 1615 2166 viu,
1732 2132 1822 2172 Jure
1866 2133 1891 2159 a
1917 2120 2034 2159 mulis
2092 2134 2131 2160 re

1311 2172 1541 2223 rempublic.
1567 2172 1671 2221 xxiv,
1689 2177 1716 2213 2
1763 2185 1912 2225 oppon.
1955 2174 2133 2227 potentia

1312 2238 1399 2264 eam
1416 2225 1695 2274 administrare,
1711 2226 1810 2266 ibid.

1258 2276 1539 2328 Jusjurandum
1556 2279 1673 2318 alicui
1690 2281 1824 2318 datum
1851 2293 1999 2320 servare
2025 2280 2133 2328 xxiii,

1313 2334 1339 2370 2
1368 2330 1493 2383 (Ergo
1512 2337 1557 2369 ut
1569 2332 1710 2371 dicitur
1723 2338 1735 2356 ‘
1750 2333 1868 2372 fidem
1883 2333 1988 2372 ἀοι-ε’
2006 2339 2049 2372 et
2064 2338 2075 2356 ‘
2085 2333 2131 2371 fi-

1313 2382 1404 2422 dem
1429 2383 1607 2430 servare‚'
1625 2383 1680 2422 ita
1699 2385 1815 2424 etiam
1840 2385 2132 2438 ‘jusjurandum

1313 2434 1418 2475 dare'
1447 2441 1489 2475 et
1505 2435 1802 2488 ‘jusjurandum
1822 2451 1970 2479 servare
1988 2439 2012 2478 ε’
2040 2440 2133 2491 quia

1312 2488 1495 2528 videlieet
1531 2489 1821 2542 jusjurandum,
1865 2493 1974 2543 quod
1991 2504 1994 2508 ·
2015 2491 2132 2532 elicui

1312 2542 1441 2589 datur,
1472 2542 1606 2589 fidem,
1624 2543 1651 2582 i.
1669 2557 1706 2583 e.
1722 2544 2016 2597 promissionem
2032 2544 2074 2584 in
2092 2557 2134 2584 se

1312 2595 1518 2646 continet3
1545 2602 1588 2635 et
1612 2597 1680 2649 qui
1707 2610 1749 2637 se
1766 2597 1915 2649 aliquid
1942 2598 2134 2639 facturum

1307 2647 1429 2700 jurat,
1448 2649 1552 2688 idem
1570 2651 1760 2701 promittit
1775 2664 1816 2691 se
1830 2652 2035 2692 facturum.
2062 2651 2135 2690 Est

1315 2707 1444 2741 autem
1477 2707 1490 2726 ‘
1505 2703 1611 2742 dare’
1633 2705 1675 2743 in
1700 2704 1782 2743 istis
1804 2704 2006 2757 phrasibus
2035 2704 2134 2744 nihil

1313 2754 1421 2794 aliud
1449 2768 1566 2807 quam
1603 2762 1615 2780 ¹
1627 2757 1753 2798 facere
1767 2757 1793 2807 ς’
1834 2757 1948 2811 cujus
1983 2757 2135 2811 generis

1313 2808 1426 2860 plura
1449 2809 1539 2848 vide
1567 2822 1656 2862 pag.
1685 2813 1778 2851 124.
1805 2817 1847 2850 et
1877 2815 1972 2853 125.
1999 2811 2069 2851 lib.
2082 2812 2134 2850 de

1313 2861 1472 2903 Latinit.
1490 2862 1588 2902 falso
1604 2876 1710 2917 susp.
1737 2863 1892 2917 Vorst.)

1258 2914 1285 2954 J
1287 2928 1377 2954 ussu
1394 2915 1685 2967 magistratuum
1710 2917 1802 2963 xvii,
1821 2920 1848 2958 4

1259 2967 1377 3007 Jussu
1397 2969 1533 3021 populi
1555 2969 1743 3022 (formula
1759 2968 2036 3023 δημοκρατικὴ)
2051 2970 2135 3017 xiii,

1314 3025 1340 3061 4
1377 3020 1491 3073 jussu
1508 3023 1696 3074 ephorum
1721 3022 1814 3071 xvii,
1828 3026 1855 3063 4
1900 3023 1986 3077 (Sic
2001 3024 2134 3076 vulgo.

1314 3074 1541 3115 Genuinum
1560 3082 1690 3115 autem
1703 3081 1884 3128 putamus
1900 3090 1987 3116 esse
2014 3081 2028 3101 ‘
2042 3078 2134 3116 mis·

1315 3141 1362 3166 su
1381 3127 1609 3179 Ephorum.’
1629 3143 1665 3168 v.
1683 3130 1770 3168 infr.
1790 3128 1940 3222 Minu)

1263 3180 1289 3222 J
1291 3186 1399 3221 ustus
1417 3181 1657 3234 (cognomen
1676 3182 1876 3236 Aristidis)
1893 3183 1920 3222 ii
1937 3211 1950 3230 ,
1970 3186 1992 3223 1
2020 3181 2132 3234 (vide

1316 3247 1383 3286 ap.
1412 3234 1609 3275 Plutarch.
1636 3235 1677 3274 in
1700 3235 1820 3276 Arist.
1847 3236 2033 3288 prolixam
2059 3234 2131 3272 hn-

1312 3286 1380 3339 jus
1406 3288 1573 3328 nominis
1599 3290 1975 3335 commentationem,
1999 3299 2131 3340 quum,

1277 3380 1284 3385 ,
1318 3354 1424 3381 more
1443 3354 1529 3388 suo,
1546 3342 1846 3394 philosophandi
1856 3354 1976 3381 causa
1988 3341 2132 3379 inserit.

1317 3394 1475 3447 Boecl.)
1509 3395 1638 3446 justus
1667 3400 1853 3448 tyrannus
1880 3394 1954 3445 (de
1981 3392 2131 3432 Miltia-

1317 3448 1382 3496 de,
1395 3448 1468 3501 ·qui
1488 3454 1718 3500 potestatem
1742 3459 1868 3500 neque
1885 3459 1954 3499 per
1970 3445 2048 3486 vim
2068 3460 2134 3487 ce-
