2306 3900
776 304 998 345 RERUM
1044 303 1119 345 ΕΤ
1161 306 1528 348 VERBORUM.

289 427 377 481 ejus
411 430 514 483 (non
551 431 666 470 decet
699 430 818 469 virum
857 437 935 470 tam
982 433 1115 485 prud.)

291 484 398 532 xviii,
418 484 466 524 11
513 483 603 524 Sic:
649 484 807 536 negavit
838 484 878 523 id
910 487 1117 525 convenire

263 549 371 577 „sure
390 538 521 577 virtuti
545 538 639 584 xvii,
658 543 682 578 5
724 550 804 576 non
823 540 1011 579 convenit
1027 540 1116 593 (ab-

291 591 432 638 solute,
463 591 491 631 i.
520 605 557 631 e.
577 604 658 631 non
676 597 830 630 constat
846 591 948 632 inter
963 593 1118 632 histori-

288 658 370 685 cos.
397 644 552 695 Lamb.)
578 645 684 692 xxiii,
720 648 769 685 13
817 652 862 684 ut
894 647 1119 686 conveniret

248 721 254 725 »
288 697 596 738 Lacedaemoniis
613 712 700 739 cum
715 711 804 752 rege
815 698 882 753 (ut
895 700 1120 740 tollerentur

290 752 574 799 controversiae,
605 766 682 805 pax
707 752 991 801 conciliaretur,
1020 754 1121 793 inter

293 805 384 845 Lac.
401 812 443 846 et
469 806 522 859 r.)
550 807 643 854 xvii,
661 810 687 846 2
733 807 946 848 convenire
973 808 1048 847 hoc
1077 808 1119 846 in

290 858 399 899 illum
419 859 572 899 videtur
594 860 690 914 (ipsi
721 862 796 903 hoc
822 861 969 901 factum
1001 862 1119 900 tribu-

290 914 438 953 endum
465 914 632 961 videtur,
661 914 829 967 suspicio
860 914 977 967 hujus
995 915 1051 955 rei
1078 915 1119 954 in

290 966 399 1006 illum
416 967 624 1021 competit)
652 968 720 1014 vii,
747 972 772 1008 3
811 982 900 1020 quae
925 981 1120 1009 convene·

291 1027 379 1060 rant
404 1020 505 1060 inter
539 1035 669 1074 regem
705 1021 1017 1076 Pausaniamque
1049 1022 1119 1074 (de

292 1075 402 1128 quib.
419 1075 526 1133 pacti
542 1074 715 1128 fuerant)
742 1075 796 1123 iv,
815 1079 841 1116 4
879 1077 967 1130 (Sic
982 1077 1119 1117 Petro-

291 1128 403 1168 nius:
435 1134 446 1152 ‘
456 1129 598 1181 pariter
623 1130 838 1168 secundum
856 1130 1000 1170 lectum
1029 1143 1121 1170 con-

291 1182 498 1233 ciderunt3
527 1189 571 1222 ut
585 1189 740 1235 putares
757 1184 832 1223 hoc
857 1183 1121 1238 convenisse’)

291 1235 382 1276 Ita:
408 1249 490 1276 non
509 1250 726 1276 convenere
749 1237 996 1278 conditiones
1014 1237 1120 1292 (pro,

291 1298 374 1329 non
390 1290 576 1330 convenit
604 1290 654 1329 de
681 1291 990 1343 conditionibus)
1015 1291 1123 1338 xxiii,

291 1348 320 1384 6
360 1343 444 1397 (Sic
461 1345 591 1384 solent
613 1343 774 1384 veteres.
803 1345 934 1385 Livius
962 1359 1050 1392 xxx,
1069 1349 1123 1386 40

294 1403 307 1421 ’
321 1398 352 1436 si
371 1398 619 1438 conditiones
637 1399 889 1438 convenirent
902 1399 1040 1450 pacis.’
1071 1399 1124 1438 Et

293 1464 330 1492 c.
348 1454 401 1492 43
450 1452 511 1490 ‘si
542 1464 620 1504 pax
653 1452 925 1492 convenisset)
966 1452 1123 1491 Sallust.

291 1503 454 1557 Ing-45
485 1510 588 1558 ‘pax
605 1505 816 1545 convenit.’
861 1505 1008 1546 Justin.
1035 1519 1124 1553 xxx,

293 1562 336 1606 3,
356 1562 408 1600 1³
435 1564 448 1582 ⁸
462 1571 539 1611 pax
557 1572 637 1598 non
655 1559 866 1599 convenit!
913 1559 1032 1599 Adde
1051 1559 1124 1599 Gi-

292 1613 375 1652 fan.
405 1611 569 1653 observ.
594 1613 682 1652 Lat.
707 1613 753 1652 L.
783 1627 823 1666 p.
853 1617 921 1654 51.
949 1613 1124 1653 Gronov.

294 1673 379 1706 not.
409 1668 460 1706 ad
487 1667 601 1707 Statii
625 1666 749 1706 Theb.
777 1666 831 1714 vi,
865 1671 960 1708 630.
1007 1674 1048 1706 et
1075 1669 1127 1707 de

295 1733 439 1773 pecun.
475 1727 554 1760 vet.
583 1719 640 1768 iii,
661 1724 726 1761 13.
768 1721 893 1773 princ.
928 1733 974 1761 ac
1007 1720 1124 1761 Thes.

295 1773 513 1828 Buchneri)

242 1829 462 1871 Convenire
479 1828 648 1880 aliquem
668 1827 897 1881 (accedere)
925 1841 963 1876 x,
982 1831 1021 1868 8.
1062 1843 1127 1876 xv,

293 1886 321 1924 4
348 1881 607 1924 conveniendi
625 1882 791 1935 alicujus
808 1888 1039 1934 potestatem
1059 1881 1129 1922 ha'-

294 1937 388 1977 bere
414 1935 482 1984 vii.
501 1940 529 1978 9
569 1937 831 1976 conveniendi
864 1935 1029 1988 alicujus
1047 1950 1130 1990 gra·

297 1989 502 2032 tiavenire
529 2003 567 2037 x,
585 1994 612 2030 9
640 1990 790 2029 aditum
818 1991 1008 2043 petentib.
1037 1992 1128 2030 dare

293 2044 350 2093 iv,
368 2048 393 2085 3
425 2044 632 2086 convenire
651 2045 692 2083 in
710 2044 950 2096 colloquium
977 2044 1082 2091 xxiii,
1101 2049 1128 2084 6

297 2099 350 2138 ad
380 2098 672 2139 defendendum
704 2098 845 2152 (coire,
882 2098 1129 2151 congregari)

295 2152 380 2200 xiii,
402 2155 428 2194 4

244 2208 473 2250 Conventus
507 2205 707 2247 Arcadum
751 2204 936 2259 (magnus
973 2211 1130 2245 senatus

298 2260 516 2307 Arcadum,
530 2260 568 2300 οἵ
582 2259 724 2313 μύριοι)
739 2273 804 2306 xv,
820 2264 847 2300 6
875 2259 1127 2313 legationum,

295 2314 393 2354 ibid.
420 2313 480 2366 (v.
498 2313 569 2353 inf.
586 2312 843 2366 Legationes)

246 2369 484 2412 Convertere
502 2368 552 2407 ad
571 2368 733 2407 salutem
753 2367 860 2419 quod
881 2367 931 2406 ad
963 2367 1129 2420 pernici·

255 2433 260 2439 ·
299 2435 362 2463 em
392 2421 519 2462 fuerat
543 2422 755 2474 cogitatum
789 2420 869 2467 xiv,
886 2424 913 2461 6
954 2420 1129 2474 (Terent.

299 2477 424 2517 Andr.
462 2471 517 2523 ἰῠ,
536 2479 576 2523 1,
594 2480 648 2516 48
690 2480 796 2514 ‘non
827 2487 941 2526 posse
964 2473 1050 2527 jam
1080 2476 1131 2514 ad

299 2530 466 2570 salutem
497 2527 674 2569 converti
702 2529 778 2567 hoc
811 2528 1006 2579 malum').
1037 2540 1131 2567 con-

298 2589 448 2624 vertere
460 2583 511 2623 ad
528 2595 570 2622 se
585 2582 719 2621 oculos
738 2579 911 2620 omnium
923 2579 1067 2633 (aspici
1082 2582 1131 2620 ab

302 2637 497 2684 omnibus,
516 2634 773 2675 aestimatione
801 2641 843 2673 et
877 2634 1132 2674 admiratione

300 2691 467 2739 virtutis,
486 2689 687 2743 potentiae,
714 2686 873 2742 Boecl.)
897 2687 964 2734 vii,
990 2691 1025 2728 8.
1044 2689 1130 2742 (Sic

303 2744 414 2786 Curt.
432 2746 484 2785 de
509 2750 630 2783 matre
655 2755 701 2782 ac
731 2741 901 2803 conjuge
919 2741 1045 2789 Darii,
1072 2742 1130 2789 iii,

301 2803 370 2846 11,
388 2802 456 2841 24.
501 2804 542 2838 et
558 2795 795 2837 ‹ie-Roxane
821 2796 957 2843 viii,4‚
976 2799 1043 2837 24.
1071 2796 1131 2835 Si-

301 2853 384 2893 mili
404 2852 548 2906 phrasi,
567 2857 579 2876 ‘
594 2856 817 2892 convertere
836 2850 878 2889 in
898 2862 939 2889 se
957 2848 1131 2890 omnium

303 2907 485 2955 mentes,’
513 2905 613 2945 dixit
630 2904 733 2944 Flor.
757 2904 801 2951 ii,
822 2908 889 2951 17,
908 2906 947 2944 4.
977 2909 989 2927 ‘
1006 2909 1130 2943 toturn

305 2967 488 3002 terrarum
506 2959 667 3006 orbem,'
685 2957 828 2999 Vellei.
843 2957 886 3005 ii,
902 2960 970 3004 81,
991 2961 1030 2998 1.
1061 2963 1073 2981 ¹
1090 2971 1130 2997 a·

303 3015 453 3055 nimum
467 3012 726 3054 adolescentis
743 3011 863 3064 regis'
881 3011 1015 3051 Livius
1028 3012 1132 3060 xxixa

307 3068 370 3123 6).
396 3067 588 3109 convertit
605 3080 647 3107 se
665 3067 717 3106 ad
729 3079 820 3105 eum
839 3064 976 3105 civitas
986 3066 1135 3129 (opini-

308 3135 384 3162 one
403 3122 576 3161 omnium
594 3120 874 3166 destinabatur,
892 3119 960 3171 qui
979 3120 1133 3159 liberta-

308 3182 387 3216 tern
405 3183 447 3215 et
477 3181 618 3215 statum
647 3173 742 3226 reip.
770 3173 972 3226 redderet)
999 3186 1089 3221 xxv,
1109 3178 1134 3215 8

306 3229 470 3285 (Cicero
478 3228 554 3281 Ep.
563 3229 614 3267 ad
622 3226 745 3266 Attio.
761 3226 840 3273 xiv,
850 3229 918 3268 20.
935 3226 990 3265 ita
1001 3227 1115 3266 effert
1125 3242 1134 3265 z

308 3290 321 3307 ⁶
335 3297 436 3336 resp.
471 3282 620 3335 pendet
642 3293 666 3319 a
691 3279 831 3326 Bruto,
850 3279 900 3318 ab
917 3279 993 3318 isto
1011 3292 1137 3319 serva-

306 3336 437 3377 bitur!
463 3335 602 3376 Boecl.
650 3333 737 3372 Hac
773 3333 863 3383 ipsa
891 3345 980 3371 vero
1010 3333 1136 3385 phrasi

307 3403 401 3431 usus
432 3391 536 3430 idem
571 3389 612 3428 in
639 3387 773 3427 Somn.
800 3385 907 3437 Scip.
937 3398 973 3425 c.
1003 3389 1043 3425 2.
1070 3386 1139 3437 qui

308 3444 418 3485 locus
449 3445 571 3483 instar
587 3438 868 3495 παραφράσεως
885 3439 969 3478 erit.
998 3444 1010 3462 ⁴
1027 3438 1076 3478 In
1101 3446 1139 3479 te

311 3498 460 3546 unum,'
486 3498 628 3551 inquit,
643 3502 782 3547 ‘atque
798 3494 837 3532 in
857 3500 970 3548 tuum,
983 3505 1140 3538 nomen,

279 3568 284 3574 ·
312 3565 355 3591 se
384 3558 466 3591 tota
484 3557 683 3592 convertet
708 3548 868 3590 civitas:
914 3553 950 3587 te
972 3553 1140 3594 senatus,

1901 307 2063 346 XXXV

1232 439 1271 472 te
1290 446 1422 473 omnes
1441 433 1548 479 boni,
1568 437 1606 471 te
1637 430 1748 478 socii,
1775 436 1812 470 tc
1841 430 1970 470 Latini
2003 432 2066 471 in-

1233 489 1465 526 tuebuntur:
1496 493 1539 525 tu
1557 486 1630 526 eris
1647 498 1763 532 unus,
1793 485 1834 524 in
1858 498 1938 538 quo
1963 485 2064 524 nita-
2094 526 2112 547 ι

1233 546 1294 578 tur
1337 541 1503 582 civitatis
1547 534 1694 585 salus,'‘
1712 539 1786 578 διο.
1830 539 1968 579 Senec.
2014 540 2065 580 de

1233 593 1358 633 Clem.
1387 595 1416 640 i,
1435 598 1461 634 4
1507 593 1733 645 ‘Sequitur,
1764 594 1815 631 vut
1845 591 1879 631 is
1906 605 2064 645 quoque

1233 646 1356 686 carior
1373 647 1436 694 sit,
1455 647 1496 686 in
1515 660 1630 699 quern
1649 659 1690 685 se
1717 647 1885 698 respubl.
1904 659 2067 686 conver-

1235 699 1333 753 tit').
1383 713 1567 740 conversa
1620 700 1748 740 subito
1805 701 1962 740 fortuna
2006 707 2067 739 est

1234 752 1512 807 (commutata)
1539 767 1629 799 xxv,
1649 757 1701 794 10

1181 805 1395 859 Convictus
1411 806 1682 862 (προσομιλία)
1709 819 1796 853 xxv,
1813 810 1838 846 8

1182 859 1369 900 Convivae
1396 862 1521 902 Attici
1553 861 1682 901 animo
1708 867 1750 900 et
1780 866 1916 901 ventre
1934 860 2067 901 delec-

1234 915 1307 954 tati
1343 929 1430 962 ην,
1462 920 1513 956 14
1560 915 1695 969 quales
1723 914 1774 953 ab
1803 915 1893 954 eod.
1922 915 2066 961 vocati,

1234 967 1332 1008 ibid.
1379 969 1559 1009 convivio
1589 982 1726 1008 uxores
1754 967 1926 1007 Romani
1957 969 2069 1007 adhi-

1234 1022 1394 1070 bebant,
1433 1022 1562 1064 Graeci
1590 1036 1671 1061 non
1705 1022 1814 1068 item,
1849 1022 1967 1061 Praef.
2027 1023 2067 1061 in

1236 1077 1416 1117 convivio
1436 1076 1563 1118 Attici
1581 1081 1806 1129 anagnostae
1825 1076 1950 1115 auditi
1977 1090 2067 1124 xxv,

1182 1183 1366 1224 Cooritur
1383 1185 1479 1224 risus
1507 1198 1570 1233 xv,
1585 1188 1612 1224 8

1183 1237 1320 1291 Copiae
1347 1237 1424 1292 (sc.
1461 1236 1676 1290 militum):
1724 1238 1923 1290 copiarum
1953 1251 2070 1278 omne

1239 1305 1363 1344 genus
1391 1292 1498 1339 xviii,
1518 1297 1541 1332 ὅ
1589 1293 1723 1344 copias
1752 1305 1840 1331 suas
1876 1293 2071 1334 deducere

1238 1347 1278 1385 in
1297 1359 1425 1398 camp.
1452 1346 1482 1393 i,
1500 1350 1527 1386 4
1572 1346 1819 1384 barbarorum
1835 1345 2014 1397 disjicere
2043 1346 2070 1394 i,

1239 1403 1269 1440 2
1312 1400 1478 1439 educere
1513 1412 1561 1438 ex
1593 1400 1687 1437 urbe
1728 1399 1755 1445 i,
1792 1404 1816 1439 5
1870 1401 2072 1440 traducere

1241 1453 1404 1506 (ponte:
1425 1452 1533 1499 alibi,
1553 1452 1726 1504 trajicere
1733 1467 1745 1502 ;
1770 1459 1810 1492 et
1827 1465 1931 1500 mox,
1950 1460 2072 1493 trans-

1239 1505 1415 1559 portare)
1443 1507 1470 1554 i,
1490 1509 1515 1547 3
1564 1506 1689 1559 copiis
1721 1506 1870 1560 exiguis
1887 1507 2072 1548 dimicare

1243 1561 1271 1607 i,
1286 1564 1313 1601 4
1361 1573 1450 1601 cum
1469 1560 1586 1599 tantis
1605 1561 1729 1612 copiis
1748 1560 1945 1613 Europam
1965 1561 2073 1600 inva-

1241 1615 1348 1662 dere,
1369 1621 1413 1653 ut
1439 1614 1482 1661 ii,
1500 1617 1526 1654 2
1572 1614 1697 1666 copiis
1720 1615 1965 1666 pedestribus
1985 1616 2073 1668 plus

1243 1668 1371 1708 valere
1389 1680 1505 1720 quam
1523 1668 1687 1707 navibus
1705 1669 1772 1715 vii,
1788 1673 1813 1709 8
1841 1669 1986 1722 pellere
2004 1671 2074 1709 ad-

1242 1723 1428 1761 versarios
1456 1722 1562 1769 xxiii,
1580 1725 1629 1762 11

1190 1776 1362 1829 Copiosa
1380 1776 1443 1814 via
1467 1774 1592 1830 (mox,
1619 1776 1790 1815 omnium
1809 1789 1933 1816 rerum
1951 1777 2076 1817 abun-

1243 1831 1362 1870 dans:
1391 1842 1486 1882 opp.
1508 1829 1594 1869 loca
1612 1829 1786 1884 deserta)
1812 1831 1919 1878 xviii,
1938 1835 1964 1871 8
1991 1830 2077 1884 (Sic

1245 1897 1310 1937 ap.
1330 1883 1414 1924 Cic.
1428 1882 1658 1936 pro'Archia
1674 1899 1684 1923 :
1706 1889 1718 1907 ‘
1733 1887 1820 1924 urbs
1832 1885 2020 1938 copiosa,’
2035 1886 2078 1924 in

1245 1950 1325 1991 qua
1342 1937 1515 1976 omnium
1530 1950 1657 1976 rerum
1674 1945 1733 1977 est
1747 1939 1875 1991 copia.
1894 1938 2050 1990 Vorst.)

1192 1991 1386 2043 Copulam
1414 2003 1532 2030 mann
1563 2003 1693 2044 gerere
1719 1992 1799 2038 xiv,
1827 1995 1850 2032 3
1898 1992 2077 2046 (ἵμαντα,

1246 2045 1463 2091 vinculum,
1491 2043 1630 2091 lorum,
1650 2059 1730 2097 quo
1760 2045 1930 2097 ligantur
1959 2058 2076 2086 canes

1246 2099 1430 2139 venatici.
1466 2096 1632 2137 Ovidius
1657 2098 1771 2138 Trist.
1797 2113 1836 2146 v,
1858 2103 1909 2140 19
1952 2104 1964 2123 “
1979 2099 2081 2139 Luc-

1245 2158 1392 2192 tantem
1409 2152 1549 2191 frustra
1565 2153 1709 2204 copula
1727 2153 1823 2196 dura
1839 2153 1973 2193 tenet.'
2013 2153 2078 2193 De

1244 2219 1342 2247 cane
1364 2205 1543 2246 venatico
1570 2205 1754 2259 loquitur.
1795 2206 1915 2247 Adde
1939 2207 2079 2247 Barth.

1244 2261 1400 2301 advers.
1426 2260 1534 2307 xviii,
1556 2259 1640 2314 14).
1668 2260 1811 2313 copula
1827 2261 1964 2300 talium
1978 2261 2079 2300 viro-

1244 2327 1327 2353 rum
1364 2314 1436 2369 (de
1472 2313 1622 2361 Attico,
1657 2314 1726 2366 qui
1759 2315 1860 2355 inter
1904 2314 2080 2362 aemulos,

1248 2368 1332 2409 Cic.
1358 2375 1400 2407 et
1428 2367 1694 2415 Hortensium,
1725 2368 1944 2408 intercessit
1958 2369 2082 2408 veluti

1246 2421 1413 2469 medius,
1449 2421 1658 2474 effecitque
1687 2428 1732 2460 ut
1761 2423 1866 2462 nulla
1886 2424 1987 2462 inter
2013 2437 2080 2462 eos

1246 2475 1505 2515 intercederet
1535 2475 1789 2526 obtrectatio)
1818 2489 1907 2523 xxv,
1930 2481 1954 2516 5
1996 2476 2081 2530 (Sic

1247 2528 1274 2569 J
1278 2529 1357 2568 ulia
1376 2527 1558 2579 Pompeii
1576 2534 1616 2567 et
1636 2527 1799 2568 Caesaris
1817 2529 1961 2582 copula
1977 2529 2052 2568 fuit
2069 2545 2079 2567 ε

1247 2581 1316 2633 qui
1342 2581 1448 2621 enim
1477 2581 1544 2619 illa
1579 2582 1868 2622 necessitudine
1903 2582 2081 2623 contine·

1249 2637 1390 2675 bantur
1407 2635 1550 2682 adhuc,
1569 2634 1696 2674 soluto
1721 2648 1790 2687 per
1817 2642 1979 2675 mortem
2008 2636 2080 2676 Ju-

1249 2688 1311 2727 liae
1328 2689 1488 2735 soedere,
1507 2689 1557 2727 ad
1573 2701 1677 2727 arma
1691 2702 1912 2741 prorupere.
1944 2696 1956 2713 ³
1970 2690 2082 2730 Male

1248 2743 1478 2783 cohaerentis
1496 2742 1535 2794 pi
1593 2755 1637 2781 us
1651 2743 1898 2792 concordiae:
1927 2743 2081 2786 Velleio

1247 2797 1299 2836 ob
1317 2796 1358 2836 id
1374 2795 1528 2836 dicitur.
1582 2796 1703 2848 oecl.)

1195 2849 1387 2903 Coquitur
1404 2851 1439 2889 ei
1459 2862 1571 2890 coena
1588 2848 1836 2904 (apparatur)
1863 2865 1901 2899 v,
1920 2855 1947 2893 4
1993 2864 2083 2893 coc·

1245 2911 1287 2944 ta
1305 2903 1448 2945 cibaria
1473 2904 1580 2952 xviii,
1600 2908 1625 2944 8

1195 2959 1407 3011 Corcyram
1440 2959 1512 2998 sub
1545 2957 1748 3011 imperium
1775 2956 1924 2999 Athen.
1941 2959 2082 3012 redigit

1246 3012 1417 3052 Timoth.
1460 3011 1542 3059 xiii,
1575 3015 1602 3052 2
1647 3012 1839 3065 demigrat
1867 3013 2083 3052 Themisto-

1250 3067 1329 3106 cles
1356 3066 1398 3113 ii,
1431 3069 1458 3106 8
1503 3066 1755 3119 Corcyraeum
1790 3065 1935 3105 bellum
1971 3066 2083 3119 (cum

1252 3119 1472 3172 Corcyraeis
1510 3118 1681 3172 gestum)
1709 3119 1750 3165 ii,
1786 3122 1812 3158 2
1857 3118 2084 3172 Corcyraeos

1250 3174 1394 3224 frangit
1410 3173 1542 3212 classis
1559 3173 1707 3212 Athen.
1726 3172 1768 3218 ii,
1788 3175 1814 3211 2

1199 3226 1408 3269 Corinthus
1426 3239 1449 3265 a
1467 3232 1634 3279 tyranno
1652 3225 1835 3264 liberatur
1860 3238 1927 3274 xx,
1946 3229 1968 3266 1
1998 3239 2084 3267 eam

1253 3291 1480 3331 oppugnare
1497 3291 1577 3317 non
1595 3278 1678 3316 vult
1695 3276 1900 3331 Agesilaus
1946 3280 2038 3327 xvii,
2057 3286 2081 3321 6

1207 3339 1220 3350 “
1252 3333 1354 3372 circa
1371 3345 1455 3371 eam
1476 3332 1670 3371 confertur
1686 3344 1802 3372 omne
1816 3333 1962 3372 bellum
1990 3334 2084 3381 xvii,

1256 3390 1279 3425 6
1329 3385 1574 3425 Corinthium
1604 3384 1748 3425 bellum
1776 3387 1881 3427 unde
1910 3388 2084 3439 appella·

1255 3445 1354 3486 tum,
1373 3439 1469 3478 ibid.
1496 3438 1712 3493 (Diodoro,
1744 3439 1963 3487 Pausaniae,
1984 3441 2083 3487 aliis,

1256 3492 1425 3543 πόλεμος
1462 3492 1736 3546 numeranda)
1757 3493 1947 3534 Corinthii
1979 3507 2082 3546 saepc

1257 3546 1382 3601 adjuti
1400 3546 1679 3600 Dionysiorum
1698 3546 1838 3599 opibus
1866 3561 1928 3594 xx,
1948 3551 1974 3587 2
