2326 3944
327 228 441 284 480-

713 246 892 287 NO'I'AE
932 244 1270 290 vAamRUM
1311 248 1378 288 ΙΝ
1414 248 1472 289 Ὀ.
1510 247 1776 289 NRF-ovis

766 648 916 763 ¹vl.
1010 698 1698 773 LvsA-NDER.

381 976 606 1033 Lysander]
633 980 884 1023 Aristocleti
904 976 1028 1035 filius,
1047 996 1102 1024 ex
1121 983 1211 1024 He-

328 1044 586 1084 raclidarum
599 1056 772 1098 genere,
781 1046 954 1086 minime
967 1059 1212 1098 generosus.

328 1106 595 1159 Theopomp.
617 1109 734 1160 apud
752 1108 911 1150 Athen.
928 1110 1003 1151 lib.
1023 1122 1087 1151 vl.
1114 1111 1211 1151 Mo-

327 1168 496 1209 thacem
515 1169 645 1215 fuisse
675 1172 850 1214 adserit.
905 1174 1015 1214 Sunt
1044 1175 1212 1216 Motha-

329 1243 401 1273 ces
428 1243 513 1273 non
541 1233 624 1285 ipsi
655 1235 829 1287 quidem
862 1237 1211 1278 Lacedaemonio-

326 1307 421 1336 rum
439 1295 534 1348 filii,
562 1297 639 1338 sed
670 1311 768 1340 cum
797 1300 849 1340 iis
879 1302 1005 1343 sim-ul
1035 1301 1212 1344 educati

326 1359 624 1407 adolescentes
651 1362 842 1415 ingenui,
874 1365 948 1417 qui
975 1365 1131 1407 deinde
1155 1365 1210 1406 ad

328 1425 539 1475 praeclara
546 1423 679 1478 facta,
694 1439 789 1478 quae
799 1426 855 1467 ab
866 1427 950 1468 illis
962 1434 1209 1481 sperantur,

326 1485 546 1527 Laconum
560 1488 687 1540 Reip.
702 1489 1020 1532 adscribuntur.
1039 1492 1209 1544 Longol.

325 1547 416 1590 Alii
443 1551 673 1593 Mothaces
693 1553 843 1594 volunt
868 1553 998 1594 fuisse
1026 1555 1210 1596 conditi·

326 1624 407 1653 one
416 1624 578 1654 servos.
596 1614 838 1667 Hesychius
854 1629 866 1656 ι
886 1614 1063 1658 Μόθακες
1072 1618 1109 1658 oi
1122 1631 1211 1659 συν·

325 1674 553 1728 τρεφόμενοι
569 1677 662 1717 υἴοῖς
680 1678 810 1718 δοῦλοι
824 1681 968 1720 παῖδες.
1023 1681 1090 1729 Et>
1101 1681 1210 1729 dicti

324 1737 506 1792 μόθακες,
516 1739 620 1794 παρὰ
635 1739 684 1780 τὸ
699 1742 888 1791 ὁμουθεῖν.
932 1733 1061 1783 Unde
1076 1743 1208 1785 etiam

325 1807 392 1842 est
408 1802 539 1852 μάθος.
593 1804 732 1844 Erant
757 1803 888 1856 igitur
914 1806 1027 1845 servi
1045 1817 1071 1846 a
1089 1807 1211 1858 pedi-

322 1865 419 1918 bus,
452 1867 525 1920 qui
555 1866 647 1908 aliis
683 1867 851 1908 Graecis
882 1867 1140 1910 dicebantur
1166 1875 1210 1910 et

323 1928 490 1979 μόθῳνες
525 1931 678 1971 iisdem
716 1931 977 1973 Laconibus.
1046 1934 1210 1986 Lysan-

324 1994 449 2036 drum
476 1996 681 2048 juvenem
709 2009 732 2036 e
760 1996 1034 2037 Mothacibus
1064 2010 1211 2050 unum,

324 2059 440 2112 quod
475 2058 647 2111 dicitur,
689 2057 837 2110 fuisse,
882 2071 936 2100 ex
975 2060 1209 2101 Plutarcho

324 2132 410 2161 non
447 2121 601 2161 discas.
675 2119 859 2161 Fatetur
895 2125 1041 2161 tamen
1078 2124 1209 2163 etiam

323 2183 510 2223 AElianus
546 2183 622 2223 lib.
661 2194 749 2224 xn.
787 2187 907 2225 c.43.
947 2185 1208 2228 casaubonus.

324 2246 437 2287 Vide
457 2246 740 2287 Plutarchum
759 2247 804 2287 in
822 2248 943 2288 Vita.
963 2249 1081 2300 Mag.
1135 2250 1207 2290 De

323 2310 406 2350 hoc
425 2310 615 2363 Thucyd.
631 2310 708 2351 lib.
727 2322 771 2351 V.
787 2311 1029 2363 Xenophon
1049 2311 1126 2352 lib.
1154 2323 1207 2352 11.

324 2373 504 2414 Diodor.
541 2373 616 2414 lib.
653 2385 757 2414 xm.
786 2374 981 2427 Polyaen.
1018 2375 1207 2427 Strateg.

321 2435 398 2476 lib.
422 2447 453 2476 1.
469 2442 515 2477 et
535 2448 616 2478 vu.
649 2435 765 2478 Just.
785 2437 860 2478 lib.
889 2450 930 2478 v.
960 2438 1153 2479 Frontin.
1173 2450 1206 2480 1.

324 2502 365 2540 5.
386 2510 438 2540 u.
460 2503 499 2539 1.
520 2511 584 2542 ιν.
604 2503 642 2540 1.
665 2499 837 2541 Sanora.

375 2552 710 2613 Lacedaemonius]
739 2563 809 2604 Sic
830 2563 986 2604 Cicero
1014 2563 1057 2603 in
1078 2564 1205 2605 Cato-

319 2635 375 2664 ne
411 2624 611 2677 Majore:
653 2625 897 2677 ‘Lysander
933 2625 1206 2667 Lacedaemo-

319 2685 430 2736 nius,
445 2685 509 2726 vir
529 2699 704 2727 summae
724 2687 923 2729 virtutis!
951 2688 1069 2739 Mag.

373 2748 514 2800 Magis
547 2749 746 2799 felicitate
779 2762 895 2803 quam
926 2751 1077 2801 virtute
1107 2763 1204 2803 par-

320 2811 422 2864 tam]
448 2811 624 2851 Curtius
641 2811 712 2852 lib.
736 2823 790 2853 11.
819 2814 830 2835 ‘
849 2813 955 2855 Quis
971 2819 1117 2866 neget,
1133 2825 1206 2854 ex-

318 2872 462 2913 imiam
475 2885 643 2927 quoque
655 2875 832 2926 gloriam
843 2876 999 2929 saepius
1007 2875 1206 2929 fortuma,

321 2948 448 2990 quam
465 2938 631 2978 virtutis
647 2950 740 2978 esse
757 2938 1013 2979 beneficium
1026 2935 1055 2979 Ρ
1077 2940 1205 2982 Gebh.

319 3000 403 3040 Ms.
421 3001 506 3041 mei
538 3001 590 3041 C.
617 3001 704 3041 fide
733 3002 855 3054 lego:
885 3003 1014 3053 magis
1037 3003 1206 3052 fortuna

318 3078 434 3118 quam
463 3065 626 3117 virtute,
646 3079 741 3119 quae
772 3067 960 3119 pulcrior
989 3069 1205 3119 oppositio

319 3133 412 3169 est:
445 3129 507 3171 sic
527 3127 625 3169 infr.
644 3129 685 3168 in
716 3129 1008 3181 Thrasybulo:
1036 3132 1048 3154 ‘
1065 3131 1110 3170 Si
1126 3143 1205 3183 per

319 3203 366 3230 se
401 3191 538 3231 virtus
580 3191 669 3231 sine
707 3190 880 3232 fortuna
925 3193 1204 3245 ponderanda

319 3253 404 3293 sit.’
434 3255 570 3295 Ernst.
626 3254 739 3295 Vide
771 3261 894 3296 notas
923 3254 1204 3296 Freinshemii

317 3314 373 3355 ad
392 3316 508 3356 Flor.
528 3316 654 3368 praef.

374 3377 498 3418 Sexto
531 3384 568 3419 et
601 3380 788 3431 vigesimo
820 3380 939 3432 anno]
993 3380 1066 3422 Sic
1095 3378 1203 3422 'rhu-

320 3439 498 3494 ‘cydides
517 3441 590 3483 lib.
609 3452 669 3483 ιν.
699 3439 769 3492 ἔτη
785 3441 827 3485 δὲ
845 3441 899 3485 εἷς
911 3444 1030 3484 τοῦτο
1040 3442 1094 3485 τὰ
1112 3441 1202 3495 ξύμ,-

1274 998 1404 1025 παντοι
1421 983 1580 1036 ἐγένετο
1606 981 1666 1036 ‘nb‘
1680 981 1839 1035 πολέμῳ
1860 983 1963 1039 δητὰ
1978 983 2044 1026 καὶ
2062 984 2160 1031 «ἵκο-

1273 1062 1329 1101 σι,
1345 1052 1429 1090 &c.
1461 1049 1644 1090 Lambin.
1699 1049 1758 1089 Et
1789 1047 2036 1100 pestilentia
2062 1059 2160 1105 con·

1274 1111 1506 1154 flictantes.
1551 1111 1666 1153 Vide
1683 1112 1964 1152 Plutarchum
1979 1111 2023 1152 in
2041 1112 2160 1167 Vita,

1273 1177 1552 1230 Xenophont.
1579 1177 1769 1218 ‘EMc-11.
1802 1175 1934 1225 Diod.
1966 1176 2158 1218 Siculum

1275 1248 1383 1281 xm.
1404 1241 1446 1280 in
1467 1245 1676 1282 extremo.

1331 1301 1567 1354 Confecisse]
1627 1301 1806 1342 Penitus
1861 1302 2060 1343 stravisse
2107 1314 2158 1344 ac

1272 1364 1436 1408 vicisse.
1492 1364 1667 1417 Magius
1696 1364 2042 1420 substituendum
2061 1376 2161 1406 cen-

1273 1433 1420 1468 suerat
1438 1427 1672 1478 confregisse
1691 1428 1780 1468 sive
1797 1427 2038 1471 contudisse.
2071 1427 2159 1474 Sed

1271 1490 1318 1530 in
1341 1502 1392 1531 eo
1413 1503 1459 1530 se
1486 1491 1582 1542 ipse
1601 1490 1900 1543 reprehendit.
1957 1490 2158 1544 conficere

1273 1553 1387 1593 enim
1419 1558 1504 1605 est,
1536 1553 1708 1606 penitus
1740 1552 1977 1594 absumere.
2004 1544 2161 1594 Sotion.

1277 1615 1479 1656 Gebhard.
1538 1614 1776 1667 confecisse]
1816 1615 2056 1660 Historiam
2080 1614 2159 1656 'ha-

1271 1679 1349 1733 bes'
1365 1679 1409 1718 in
1430 1679 1644 1729 Alcibiad.
1664 1679 1796 1720 refert
1815 1679 2037 1721 Plutarch.
2052 1672 2160 1726 Dio-

1273 1742 1365 1784 dor.
1403 1743 1475 1784 lib.
1514 1754 1620 1784 xm.
1656 1744 1853 1796 Polyaen.
1893 1754 1935 1785 1..
1960 1744 2077 1786 Just.
2113 1754 2158 1784 V.

1272 1805 1467 1847 Frontin.
1486 1817 1540 1848 ιι.
1558 1809 1597 1846 1.
1629 1806 1828 1858 exemplo
1846 1805 1926 1847 ult.
1952 1812 1999 1847 et
2029 1806 2159 1848 Pom·

1272 1880 1373 1921 pon.
1389 1869 1507 1909 Mela
1522 1879 1575 1908 11.
1591 1867 1706 1908 infra
1720 1869 1765 1925 in
1781 1869 1969 1910 Conone.
1988 1863 2157 1924 Sauara.

1325 1931 1376 1971 Id
1394 1944 1469 1983 qua
1500 1931 1653 1972 ratione
1683 1935 1906 1972 consecutus
1936 1932 2008 1984 sit,
2037 1926 2157 1984 latet]

1273 1994 1380 2034 Rem
1409 1995 1523 2035 enim
1557 1995 1785 2042 maximam
1813 1987 1984 2037 minimo
2013 1996 2158 2039 labore

1273 2054 1486 2107 confecit3
1507 2063 1553 2098 et
1565 2059 1670 2099 hora
1684 2071 1768 2098 una
1779 2064 1948 2111 tempus
1961 2049 2155 2113 longissi-

1272 2132 1402 2174 mum,
1433 2126 1479 2161 et
1509 2122 1664 2162 bellum
1699 2122 1898 2175 omnium,
1927 2136 2022 2176 quae
2054 2128 2158 2165 ante

1270 2185 1412 2236 ipsum
1446 2183 1633 2237 fuerant,
1670 2186 1853 2227 maxime
1899 2187 2063 2228 varium
2110 2193 2157 2229 et

1271 2246 1542 2288 cladibuset
1577 2248 1746 2289 casibus
1781 2249 1969 2291 sustulit.
2026 2250 2155 2293 Quod

1271 2314 1530 2362 strategema
1549 2311 1639 2363 ejus
1659 2316 1820 2364 praeter
1850 2312 1954 2353 alios
1973 2324 2156 2354 comme-

1270 2378 1408 2415 morat
1420 2374 1530 2426 Poly
1538 2386 1654 2414 aenus
1671 2374 1743 2416 lib.
1762 2387 1796 2415 1.
1817 2376 2029 2428 quomodo
2046 2377 2156 2418 late·

1271 2447 1317 2476 re
1335 2440 1482 2488 potest
1515 2437 1739 2489 cumipse
1772 2438 1893 2478 dicat
1923 2437 2089 2479 factum
2108 2439 2154 2480 id

1268 2498 1537 2540 immodestia
1553 2499 1922 2542 adversariorum?
1967 2501 2156 2543 Videtur

1269 2562 1340 2603 hic
1359 2563 1478 2603 locus
1500 2574 1592 2603 esse
1621 2563 1858 2615 mutilatus,
1876 2569 1926 2605 ut
1954 2568 2002 2604 et
2019 2564 2091 2605 alii
2109 2564 2154 2605 in

1268 2626 1350 2667 hoc
1379 2627 1583 2679 opusculo
1615 2627 1755 2668 multi.
1810 2627 1994 2669 Credam
2020 2627 2153 2680 igitur

1269 2690 1367 2730 olim
1383 2688 1517 2731 fuisse
1536 2703 1612 2731 non
1630 2693 1742 2732 latet.
1772 2690 1919 2732 Ernst.

1322 2753 1404 2794 Sed
1430 2753 1691 2805 immodestia]
1721 2754 1793 2795 Sic
1818 2750 1932 2795 infra
1963 2754 2008 2795 in
2031 2753 2151 2796 Alci·

1268 2815 1395 2856 biade
1413 2830 1425 2856 ε
1455 2819 1467 2839 ‘
1484 2816 1735 2858 Periculum
1754 2822 1837 2870 est,
1855 2829 1911 2858 ne
1927 2817 2152 2859 immodes-

1269 2879 1330 2920 tia
1349 2878 1532 2920 militum
1559 2884 1804 2920 nostrorum
1834 2879 2004 2920 occasio
2022 2879 2153 2921 detur

1267 2942 1488 2996 Lysandro
1521 2943 1655 2983 nostri
1686 2937 1955 2996 opprimendi
1987 2941 2152 2983 exerci-

1268 3005 1366 3045 tus!
1439 3005 1565 3044 Hanc
1610 3004 1793 3044 militum
1839 3004 2150 3046 immodestiam

1267 3066 1443 3117 pulchre
1473 3065 1680 3106 describit
1707 3065 1968 3106 Plutarchus
2001 3066 2044 3114 in
2070 3067 2153 3120 Ly-

1268 3129 1423 3169 sandro
1452 3128 1516 3169 his
1546 3128 1710 3169 verbis:
1756 3128 1806 3169 ὡς
1836 3129 1914 3182 ’γὰρ
1947 3127 2152 3184 ἐξέβησαν,

1267 3190 1391 3240 εὐθὺς,
1401 3190 1473 3232 ἅτε
1480 3190 1600 3242 μηδὲν
1613 3191 2149 3246 προσδοκοῦντες,ᾖγόραζον.

1267 3255 1491 3295 ἐπλανῶντο
1509 3255 1683 3308 repis-3111
1699 3255 1846 3309 χώραν,
1859 3255 2061 3298 ἐκάθευδον
2075 3255 2149 3297 ὑπὸ

1264 3321 1353 3360 ταῖς
1371 3321 1551 3370 σκηναῖς,
1566 3320 1896 3373 ἠριστοποιοῦντο,
1914 3318 2148 3372 ποῤῥωνάτω

1264 3382 1336 3422 τοῦ
1362 3381 1598 3435 μέλλοντος,
1630 3382 1780 3436 ἀπειρίᾳ
1806 3385 1885 3424 τῶν
1910 3383 2148 3439 ἡγουμένων,

1264 3443 1390 3487 ὄντες.
1419 3445 1505 3488 Sed
1516 3446 1732 3488 Aristides
1746 3447 1945 3500 Sophista
1957 3448 2150 3500 Λευτρικῷ
