2306 3900
777 269 838 308 x.
904 271 1167 321 moNnM,
1210 272 1341 310 cAP.
1379 260 1433 312 7.

184 385 298 426 unde
314 391 455 428 metus
474 387 567 440 ejus
586 387 628 427 in
649 385 853 440 caeteros)
872 387 1069 429 accivere

185 449 456 491 Bardadem!
510 450 633 491 Idem
668 451 780 492 Hist.
816 452 894 492 lib.
924 463 976 493 ιι.
1004 456 1069 493 17.

183 512 206 546 ⁴-
232 513 291 553 Et
323 512 620 554 contradicere
667 526 792 555 ausos
843 515 1069 556 Claudium

184 576 424 617 Pliirricum
443 577 725 618 trierarchum
744 577 1071 620 Liburnicarum

184 639 243 679 ibi
265 640 458 691 navium;
477 641 728 683 Quinctium
745 642 926 683 Certum
942 643 1071 696 Equi·

187 709 274 744 tem
295 705 473 746 Roman.
505 704 693 746 interfici
715 706 860 758 jubet,
892 719 1071 760 quorum

186 772 326 809 morte
360 768 574 820 exterriti,
600 769 673 822 qui
707 769 918 811 aderant.‘
970 771 1071 812 Jus-

188 831 264 872 tiu.
286 831 361 872 lib.
382 842 469 872 ιιι.
487 837 528 872 5.
554 834 567 856 ‘
590 834 792 874 Fremere
816 835 963 888 itaque
983 847 1072 876 om-

185 907 262 935 nes
282 896 491 937 universis
518 899 672 938 castris
703 910 890 951 coepere,
910 899 1074 940 innoxii

188 959 302 1000 senis
338 959 500 1014 filiique
529 974 672 1002 casum
701 963 975 1014 misen-auten
1008 963 1072 1004 in-

188 1023 357 1064 terdum
376 1036 423 1064 se
439 1037 614 1079 ,quoque
631 1038 716 1067 non
740 1026 898 1068 debere
923 1027 1074 1068 melius

188 1099 360 1139 sperare
388 1087 611 1134 dicentes!
667 1092 725 1131 Et
751 1102 850 1142 cap.
878 1094 919 1131 6.
947 1091 961 1114 ‘
989 1091 1074 1131 Re·

188 1149 373 1202 putabat
391 1150 566 1206 deinde,
589 1158 796 1206 qnantum
815 1154 859 1194 iu
878 1153 1076 1193 exercitu

189 1226 281 1264 suo,
309 1220 515 1267 quantum
547 1218 662 1270 apud
702 1218 897 1258 devictas
924 1225 1075 1270 gentes

187 1275 428 1319 fabularum
461 1286 591 1334 atque
639 1282 831 1333 invidiae,
866 1289 1073 1334 quantum

188 1341 303 1393 apud
320 1349 502 1384 caeteros
523 1346 682 1385 amicos
695 1351 855 1386 metum
871 1344 1074 1386 etodium

188 1405 252 1444 sui
272 1403 458 1447 fecerit!
489 1408 687 1449 Gebhard.

244 1467 320 1510 lue
334 1474 481 1522 autem,
511 1471 736 1512 adversario
768 1476 930 1524 remoto,
958 1471 1076 1512 licen-

188 1533 270 1572 tius
295 1545 428 1574 eoram
453 1533 567 1586 bonu,
593 1547 686 1587 quos
715 1535 860 1577 sciebat
890 1537 1076 1577 adversas

188 1608 231 1637 se
246 1598 422 1650 sensisse,
444 1599 635 1640 militibus
659 1599 905 1652 dispertivit]
933 1600 1076 1640 Moni-

192 1664 282 1701 tum
297 1662 554 1713 praeclarum
569 1663 624 1706 de
639 1663 1075 1717 Domiuantibus,qui

189 1725 500 1770 exsistentibus
538 1727 704 1768 aemulis
737 1728 935 1781 aliisque,
968 1740 1077 1781 quos

190 1789 259 1829 vel
282 1795 561 1831 revereantur
593 1792 663 1832 vel
689 1797 902 1843 metuant,
930 1792 1076 1833 mode-

192 1853 306 1904 rati;
348 1853 401 1894 iis
441 1866 544 1896 vero
588 1857 765 1896 remotis
810 1856 1080 1898 licentiosius

191 1914 472 1959 effunduntur
499 1918 543 1959 in
573 1919 788 1961 dedecora
807 1926 937 1974 atque
954 1918 1074 1974 flagi-

191 1979 268 2031 tia,
311 1992 409 2033 quae
461 1982 736 2034 praesentium
785 1983 1076 2025 viventiumve

190 2050 331 2086 metus
349 2050 426 2086 aut
440 2047 685 2088 reverentia
698 2046 966 2089 cohibuerat.
997 2048 1075 2088 Ta·

190 2108 267 2151 cit.
301 2108 416 2151 Hist.
449 2110 524 2152 lib.
548 2122 599 2152 ιι.
624 2114 693 2153 78.
718 2111 732 2134 ‘
750 2112 838 2153 Vix
869 2111 1076 2153 credibile

190 2179 260 2213 est
306 2180 562 2226 memoratu,
609 2181 816 2228 quantum
861 2175 1082 2230 superbiai.

190 2235 481 2291 socordiaque
499 2238 674 2279 Vitellio
690 2239 942 2292 adoleverit,
958 2245 1077 2293 post·

192 2313 322 2355 quam
355 2303 652 2355 speculatores
683 2304 810 2357 Syria
834 2305 1077 2359 Judaeaque

192 2364 393 2406 adactum
410 2366 454 2406 in
475 2367 604 2408 verba
618 2367 714 2420 ejus
729 2367 956 2409 Orientem
970 2380 1077 2409 nun-

192 2429 379 2470 ciavere.
446 2431 559 2472 Nam
591 2431 675 2473 etsi
701 2433 822 2486 vagis
856 2432 995 2474 adhuc
1032 2438 1079 2473 et

188 2493 369 2535 incertis
389 2495 652 2548 auctoribus,
665 2501 762 2537 erat
775 2501 921 2537 tamen
939 2495 984 2536 in
1001 2507 1078 2537 ore

193 2555 392 2611 famaque
419 2558 730 2612 Vespasianus,
753 2571 806 2600 ac
827 2560 1077 2614 >plerunque

194 2620 249 2662 ad
283 2631 434 2662 nomen
453 2621 549 2674 ejus
566 2622 775 2668 Vitellius
788 2622 1078 2664 excitabatur.

191 2684 299 2725 Tum
315 2684 406 2737 ipse
419 2685 740 2740 exercitusque,
751 2690 802 2727 ut
818 2685 932 2727 nullo
947 2697 1077 2726 azmu-

194 2747 254 2798 lo,
282 2743 464 2801 sivitia,
489 2744 687 2801 libidine,
713 2755 845 2803 raptu
869 2750 914 2790 in
932 2754 1077 2791 exter·

194 2822 273 2852 nos
302 2822 446 2852 mores
476 2812 765 2865 proruperat!
819 2813 989 2855 Clarius
1021 2814 1077 2856 de

194 2875 376 2917 Tiberio
395 2875 471 2918 lib.
483 2886 547 2916 vr.
565 2874 639 2917 fin.
659 2876 749 2928 ubi,
766 2883 988 2932 postquam
1007 2891 1080 2921 ex·

192 2952 318 2982 eessu
345 2940 478 2981 Livia
503 2939 652 2981 matris
675 2931 812 2982 omnis
835 2943 1080 2984 reverentia

195 3004 336 3046 auimo
354 3002 625 3057 excessisset,
657 3007 702 3044 et
731 3003 899 3045 sublato
916 3005 1078 3059 Sejano

194 3072 334 3109 metus
366 3065 527 3108 sublati
556 3070 715 3118 essent,
750 3066 1001 3121 Principem
1032 3069 1079 3111 in

194 3131 362 3172 scelera
379 3130 572 3172 simulac
590 3130 808 3173 dedecora
830 3133 1079 3186 prorupisse

196 3195 272 3236 ait.
311 3194 513 3235 caussam
529 3188 793 3236 ibidem‘nou
806 3195 963 3238 reticet
981 3209 1079 3250 prn-

195 3257 471 3300 deutissimus
489 3256 700 3310 scriptor:
728 3270 829 3300 nam
849 3260 952 3302 dum
971 3262 1079 3303 alios

196 3323 351 3366 timent
368 3326 660 3375 verenturque
678 3320 965 3375 dominantes,
983 3324 1078 3366 libi-

194 3385 318 3426 dines
343 3396 443 3426 snas
469 3384 705 3437 obtegunt:
734 3389 903 3426 remoto
931 3391 1078 3427 autem

198 3448 364 3501 pudore
383 3460 435 3491 sc
461 3453 594 3501 metu,
612 3459 690 3489 suo
716 3453 885 3490 tantum
904 3448 1079 3502 ingenio

198 3517 390 3556 utuntur.
445 3513 546 3555 Non
575 3516 642 3554 est
671 3512 1000 3566 praetereundus
1018 3514 1081 3556 lo-

1905 262 2013 315 539

1130 400 1205 428 cus
1245 388 1357 430 Anu.
1390 389 1464 430 lib.
1497 401 1593 432 xiv.
1629 393 1693 431 13.
1721 389 1776 431 de
1810 389 2012 433 Nerone:

1116 451 1142 487 r‘
1173 451 1286 492 Hinc
1319 453 1531 505 superbus
1565 466 1615 495 ac
1650 453 1816 506 publici
1846 454 2017 509 servitii

1131 514 1270 554 victor
1301 515 1564 567 Capitolium
1601 517 1724 570 adiit,
1765 523 1912 570 grates
1944 530 2018 559 ex-

1130 578 1284 618 solvit:
1312 590 1446 631 seque
1477 581 1522 619 in
1557 593 1702 622 omnes
1736 580 1938 622 libidines
1956 580 2019 622 ef·

1130 639 1290 692 fundit,
1317 653 1424 694 quas
1461 644 1571 684 male
1607 643 1819 685 coercitas
1853 645 2024 698 quales-

1130 716 1314 757 cumque
1359 706 1509 747 matris
1545 708 1790 748 reverentia
1823 709 2022 750 tardave-

1131 767 1229 808 rat!
1271 769 1443 810 Flavius
1460 771 1676 823 Vopiscus
1690 771 1872 812 Carino:
1899 772 1912 794 ‘
1931 771 2020 813 Hic

1132 826 1205 872 ubi
1226 838 1396 884 patrem
1415 832 1592 874 fulmine
1619 833 1907 886 absumptum,
1933 834 2020 876 fra-

1131 899 1244 935 trem
1274 908 1300 935 a
1326 907 1474 936 socero
1501 897 1825 949 interemptum,
1843 897 2020 939 Diocle-

1131 957 1295 999 tianum
1311 957 1553 1012 Augustum
1573 959 1836 1012 appellatum
1850 971 2020 1013 compe-

1133 1022 1204 1074 rit,
1235 1023 1404 1075 majora
1444 1023 1552 1066 vitia
1585 1035 1637 1064 ac
1669 1023 1837 1064 scelera
1868 1022 2023 1074 edidit,

1132 1087 1252 1140 quasi
1283 1087 1378 1140 jam
1407 1087 1519 1129 liber
1551 1100 1578 1128 a
1605 1086 1739 1128 frenis
1769 1086 2021 1129 domestice

1134 1151 1331 1203 pietatis,
1362 1164 1532 1193 suorum
1562 1152 1751 1194 moribus
1768 1152 2022 1195 absolutus!

1133 1214 1209 1256 Ita
1242 1215 1410 1257 sublato
1447 1216 1577 1258 Gallo
1626 1217 1904 1259 Constantius
1942 1229 2021 1259 suo

1135 1277 1273 1317 utitur
1293 1278 1462 1330 ingenio
1484 1278 1596 1331 apud
1617 1277 1830 1320 Ammian.
1851 1280 1926 1322 lib.
1940 1291 2021 1322 XV·

1135 1341 1148 1362 ‘
1172 1340 1271 1382 Quo
1291 1341 1364 1380 ille
1385 1341 1529 1381 studio
1548 1341 1855 1383 blanditiarum
1872 1344 2023 1397 exqui-

1138 1402 1220 1445 sito
1237 1402 1444 1455 sublatus,
1462 1403 1781 1458 immunemque
1796 1419 1843 1447 se
1862 1407 2022 1448 deinde

1135 1466 1232 1507 fore
1261 1467 1315 1507 ab
1348 1468 1463 1508 omni
1502 1468 1839 1513 immortalitatis
1862 1470 2024 1512 iucom-

1134 1532 1262 1573 modo
1276 1531 1462 1573 fidenter
1472 1534 1738 1588 existimans,
1749 1533 1981 1576 confestim
1997 1547 2024 1575 a

1128 1595 1305 1648 justitia
1323 1596 1588 1639 declinavit.'
1642 1598 1828 1641 Diodor.
1844 1600 1876 1640 l.
1901 1610 2025 1642 xvir.

1135 1659 1272 1700 Parte
1292 1660 1561 1711 posteriore:
1587 1660 1690 1711 μετὰ
1706 1660 1749 1704 δὲ
1766 1663 1896 1704 ταῦτα
1912 1661 2026 1714 δόξας

1134 1722 1209 1771 ἤδη
1228 1722 1508 1776 κεκρατηκέναι
1523 1726 1596 1774 riis
1620 1727 1823 1777 ἐπιβολῆς,
1853 1726 1921 1770 καὶ
1949 1726 2024 1775 τὴν

1135 1786 1344 1833 βασιλείαν
1360 1787 1542 1841 ἀδήριτον
1569 1788 1693 1843 ἔχειν,
1713 1791 1859 1845 ἤρξατο
1875 1790 2027 1844 ζηλοῦν

1134 1851 1209 1900 τὴν
1223 1851 1418 1905 Περσικὴν
1429 1853 1579 1906 τρυφὴν
1595 1853 1661 1895 καὶ
1673 1855 1749 1904 τὴν
1762 1853 2025 1898 πολυτέλειαν

1135 1918 1215 1957 τῶν
1230 1916 1418 1957 Ἀσιανῶν
1442 1917 1655 1965 βασιλέων.
1712 1919 1808 1961 Nec
1835 1919 1867 1961 ii
1883 1930 2024 1960 mores

1137 1979 1273 2020 solinu
1287 1980 1519 2031 homiuum,
1535 1981 1611 2022 sed
1627 1980 1761 2022 etiam
1775 1981 2027 2031 civitatum3

1137 2055 1232 2096 quae
1260 2043 1428 2084 sublato
1462 2045 1627 2084 aemulae
1647 2044 1765 2085 urbis
1783 2048 1905 2086 metu
1931 2044 2026 2085 lan-

1138 2113 1349 2159 guescunt
1366 2106 1594 2159 industria,
1621 2113 1881 2161 torpescunt
1904 2109 2028 2152 luxu·

1139 2169 1203 2210 ria
1233 2174 1374 2223 atque·
1395 2171 1607 2213 socordia.
1662 2171 1919 2213 Paterculus
1946 2171 2023 2214 lib.

1138 2244 1195 2276 ιι.
1208 2238 1248 2276 1.
1267 2235 1280 2258 ‘
1298 2236 1480 2276 Remoto
1491 2235 1766 2287 Carthaginis
1780 2241 1915 2288 metu,
1929 2235 2028 2277 sub-

1138 2299 1317 2353 lataque*
1340 2299 1510 2352 imperii
1540 2300 1721 2350 aemula;
1756 2311 1844 2341 non
1871 2299 2027 2354 gradu,

1140 2363 1217 2404 sed
1235 2362 1455 2416 praecipiti
1486 2375 1619 2406 cursu
1648 2376 1675 2404 a
1706 2363 1870 2406 virtute
1889 2363 2025 2406 desei-

1140 2431 1252 2477 tum,
1267 2426 1323 2467 ad
1342 2426 1449 2468 vitia
1466 2426 1787 2470 transcursum!
1821 2428 2025 2471 Gebhard.

1195 2491 1334 2543 Neque
1366 2503 1439 2543 quo
1469 2503 1607 2532 munus
1631 2491 1876 2544 porrigeret]
1903 2493 2027 2534 Non-

1139 2554 1260 2594 nulla
1290 2554 1555 2608 exemplaria
1597 2554 1660 2596 sic
1693 2555 1870 2607 habent,
1903 2567 2026 2607 neque

1138 2615 1308 2668 mplius
1324 2616 1418 2669 quid
1435 2617 1678 2670 porrigeret,
1689 2617 1932 2671 metebat,
1947 2618 2029 2659 nisi

1137 2680 1351 2721 anticorum
1363 2679 1634 2734 possessiones.
1683 2682 1781 2734 Ego
1809 2681 1920 2723 hanc
1938 2682 2028 2723 lec-

1137 2745 1301 2786 tionem
1347 2744 1528 2796 retineo,
1584 2744 1732 2799 illique
1793 2749 2027 2799 antepono.

1138 2808 1366 2850 Lambinus.
1419 2808 1655 2861 Vulgatum
1683 2820 1852 2851 mecum
1877 2815 2028 2852 tuetur

1140 2871 1412 2913 doctissimus
1428 2870 1661 2913 Piccartus
1676 2883 1776 2925 cap.
1794 2875 1862 2914 10.
1900 2873 2026 2914 Peri·

1139 2935 1229 2978 cul.
1257 2934 1411 2976 Critic.
1432 2935 1608 2978 Curtius
1623 2934 1694 2978 lib.
1706 2947 1790 2979 vn.
1808 2940 1881 2979 55.
1898 2938 1911 2961 ‘
1923 2937 1953 2980 J
1958 2950 2027 2980 am

1141 2998 1272 3039 etiam
1289 2997 1346 3039 ad
1363 3010 1524 3051 pecora
1544 3004 1693 3041 nostra
1710 3012 1861 3043 avaras
1886 3006 1932 3042 et
1961 3002 2026 3043 in-

1141 3067 1319 3108 stabiles
1351 3079 1502 3108 manus
1527 3066 1761 3120 porrigisz'
1797 3067 1872 3120 qui
1906 3068 2027 3109 locus

1141 3143 1197 3174 ex
1214 3133 1296 3173 hoc
1318 3132 1751 3173 videtur·imitatione
1768 3143 2027 3184 ειμι-ωας

1142 3207 1273 3250 quare
1288 3195 1484 3248 improbe
1491 3194 1609 3259 (fecit
1625 3195 1870 3237 Lambinus.
1899 3196 2028 3239 Geu-

1198 3258 1362 3312 Offensu
1379 3259 1423 3299 in
1441 3261 1527 3300 eam
1543 3258 1715 3299 militum
1731 3259 1948 3312 mute]
1970 3259 2027 3301 ld

1141 3326 1226 3373 est,
1243 3322 1431 3363 alienata
1450 3321 1504 3362 ab
1518 3333 1571 3361 eo
1586 3321 1768 3362 militum
1786 3322 2027 3364 voluntate.

1141 3384 1298 3425 Cicero
1314 3384 1486 3425 Tuscul.
1502 3384 1669 3427 Quaest.
1690 3385 1704 3408 ⁸
1718 3383 1912 3438 Propter
1925 3385 2028 3426 alie-

1141 3453 1308 3552 2821·ss
1325 3446 1531 3490 offensam
1563 3448 1714 3502 populi
1732 3448 2029 3492 voluntatem)
