2306 3900
332 188 440 241 692

332 321 452 362 seriis
503 321 842 372 recitationibus,
885 322 1040 374 partim
1086 321 1213 363 dictis

332 384 544 438 factisque
586 383 776 424 ridiculis
813 389 980 425 saturos
1012 386 1212 426 convivas

334 449 639 489 exhilararent.
721 446 1025 488 Audiebantur
1084 449 1212 489 etiam

333 516 546 562 cantores,
571 509 786 562 tibicines,
802 511 1040 562 citharoedi,
1056 518 1104 553 et
1122 513 1214 565 qui-

335 585 505 628 cunque
525 574 601 614 alii
617 574 782 615 musica
798 574 1083 615 instrumenta
1101 579 1214 615 trac-

334 642 445 688 tare,
482 637 668 690 pulsare,
711 642 787 677 aut
830 635 982 678 inflare
1022 643 1212 679 nossent.

333 699 570 741 Acromata
598 711 682 740 nno
712 699 846 740 verbo
878 700 1024 741 Graeci
1056 700 1215 741 Latini-

333 774 418 816 que
461 776 608 804 omnes
649 763 726 803 hos
772 769 942 805 vocant.
998 763 1215 805 Cannaban.

333 825 522 867 Acroma
534 826 698 867 dicitur
712 838 789 879 pro
804 837 1019 877 acroama,
1031 833 1079 867 ut
1095 825 1215 879 ἆκρω·

332 888 463 942 τήριον
482 902 560 942 pro
587 887 848 942 ἀκροατήριον.
903 889 989 929 Sed
1022 894 1068 930 et
1100 890 1215 942 apud

334 952 612 994 Plutarchum
631 953 826 1004 Sympos.
858 952 931 993 lib.
950 963 984 993 1.
1017 951 1216 1003 κρούματα

334 1015 421 1056 dici
440 1015 632 1057 invenies
651 1014 737 1055 ἀντὶ
753 1018 833 1056 τῶν
850 1013 1092 1065 αὐλημάτων.
1138 1016 1216 1056 Le-

335 1090 389 1128 ge
405 1079 612 1120 Senecam
642 1080 713 1119 De
731 1078 837 1119 Vita
859 1078 1004 1130 beata,
1034 1091 1127 1130 cap.
1150 1089 1215 1120 xr.

334 1148 380 1184 et
398 1141 622 1182 Philonem
650 1142 722 1182 De
749 1142 851 1182 Vita
866 1141 1214 1193 contemplativa.

391 1204 522 1249 Quam
538 1203 797 1255 anagnostes]
841 1203 1061 1244 Manutius
1078 1209 1215 1255 recte,

335 1256 451 1319 quod
470 1272 677 1320 sequatur
702 1266 716 1289 ‘
736 1265 1026 1319 anagnostes,'
1057 1279 1138 1319 pro
1163 1278 1215 1307 eo

333 1329 408 1382 qui
439 1329 612 1378 recitat,
639 1341 724 1369 non
745 1342 822 1382 pro
859 1341 906 1370 re
937 1342 1032 1383 quae
1059 1331 1216 1371 recita-

336 1396 424 1441 tur,
448 1391 622 1443 exponi.
674 1392 737 1432 Ut
757 1390 911 1432 Cicero
930 1403 1008 1444 pro
1037 1392 1213 1433 Sextio:

334 1454 346 1483 ‘-
369 1454 470 1495 Non
488 1454 624 1494 solum
642 1459 875 1506 spectator,
893 1454 972 1495 sed
1004 1459 1142 1506 actor,
1168 1461 1215 1496 et

335 1514 562 1555 acroama!
590 1515 744 1557 Schott.
779 1538 782 1539 ν

396 1577 454 1617 Ut
483 1589 560 1616 non
587 1576 716 1616 minus
748 1578 893 1629 animo,
927 1590 1044 1630 quam
1078 1582 1217 1619 ventre

292 1692 294 1695 v
334 1641 504 1682 eonvivoe
521 1640 822 1692 delectarentur]
850 1642 923 1682 Sic
942 1642 998 1682 de
1020 1643 1216 1683 Platonis

336 1716 461 1753 coena
487 1703 752 1757 Timotheus,
778 1705 905 1746 homo
926 1705 1068 1746 clarus
1085 1705 1218 1747 Athe-

335 1767 418 1817 nis,
449 1771 497 1807 et
524 1766 725 1819 princeps
743 1767 948 1819 civitatis,
975 1781 1071 1810 cum
1092 1769 1219 1810 vidis-

335 1836 404 1871 set
435 1842 533 1870 eum
552 1829 775 1882 postridie,
801 1829 815 1852 ‘
832 1829 1036 1882 Vestrae,'
1066 1831 1219 1884 inquit,

335 1892 499 1933 ‘coenae
537 1904 622 1933 non
651 1893 786 1935 solum
818 1894 862 1934 in
900 1895 1216 1947 pi·aesenti,*sed

337 1956 467 1996 etiam
489 1962 665 2008 postero
686 1956 754 1997 die
769 1957 976 2009 jucundae
993 1958 1121 1999 sunt!
1149 1959 1219 2000 Ci-

336 2031 439 2060 cero
451 2019 675 2060 Tusculan.
696 2031 737 2060 V.
754 2025 801 2060 et
815 2020 1093 2062 Demosthen.
1108 2028 1220 2064 orat.

336 2083 423 2132 περὶ
439 2080 665 2133 συντάξεως.
721 2083 846 2123 Idem
865 2083 910 2123 in
940 2084 1106 2125 Catone
1127 2086 1221 2126 Ma-

328 2147 456 2199 jore:
498 2148 511 2170 ‘
533 2148 688 2200 Neque
708 2146 900 2199 ipsorum
924 2148 1219 2189 conviviorum

337 2208 673 2250 delectationem
705 2209 998 2261 voluptatibus
1026 2211 1219 2264 corporis

335 2272 489 2324 magis,
505 2284 630 2325 quam
664 2278 780 2313 coetu
800 2273 1032 2314 amicorum
1060 2279 1107 2315 et
1134 2285 1220 2315 ser-

334 2335 531 2376 monibus
559 2335 783 2377 metiebar.
838 2336 960 2383 Beue
987 2333 1102 2377 enim
1130 2349 1219 2378 ma·

327 2397 447 2450 jures
465 2399 790 2439 accubationem
821 2399 1045 2451 epularum
1065 2399 1219 2441 amico·

336 2473 446 2514 rum,
463 2462 563 2515 quia
591 2461 693 2502 vitae
727 2461 1075 2513 conjunctionem
1094 2462 1222 2504 habe·

336 2530 422 2576 ret,
456 2525 698 2566 convivium
728 2524 1030 2576 nominarunt3
1070 2526 1221 2568 melius

336 2602 461 2643 quam
480 2589 647 2640 Graeci,
665 2589 741 2643 qni
767 2588 849 2630 hoc
870 2588 984 2630 idem
1005 2596 1222 2643 compota·

335 2653 511 2704 tionem,
527 2657 619 2693 tum
638 2653 1010 2694 concoenatiouem
1031 2653 1220 2695 vocant!

335 2716 408 2756 Sic
429 2722 475 2757 et
492 2716 546 2756 ad
566 2716 717 2757 Famil.
752 2715 828 2757 lib.
845 2726 912 2757 1X.
945 2721 991 2756 et
1023 2716 1219 2758 Macrob.

334 2778 509 2821 saturn.
531 2779 604 2820 lib.
621 2790 652 2821 1.
681 2779 835 2831 Schott.
874 2778 987 2820 Vide
1003 2778 1220 2832 Agellium

336 2841 411 2881 lib.
432 2853 503 2882 ιιι.
526 2846 593 2883 11.
613 2842 686 2882 ubi
705 2843 840 2882 multa
861 2854 914 2882 ex
944 2842 1008 2884 M.
1027 2843 1220 2884 Varrone

338 2902 472 2944 infert
493 2904 547 2945 de
564 2905 775 2957 ejusmodi
798 2906 1021 2957 conviviis,
1039 2908 1052 2931 ‘
1069 2906 1112 2947 in
1130 2907 1222 2961 qui·

340 2965 419 3006 bus
451 2966 536 3018 legi
570 2979 655 3007 non
683 2967 826 3008 omnia
856 2968 1033 3019 debent,
1065 2970 1140 3010 sed
1169 2983 1223 3011 ea

339 3029 619 3081 potissimum,
636 3043 732 3083 quae
754 3036 854 3071 sunt
872 3033 1064 3083 βιωφελῆ,
1082 3039 1129 3073 et
1149 3033 1223 3073 de·

338 3090 533 3132 lectent.'
601 3093 805 3134 Erasmus
845 3094 858 3115 ‘
880 3105 1044 3134 coenam
1075 3094 1222 3136 Plato·

339 3153 478 3194 nicam
493 3155 504 3171 ’
533 3160 660 3196 vocat
679 3155 722 3196 in
743 3156 955 3199 Convivio
976 3159 1221 3211 Prophano.

336 3215 492 3258 Kena-h.

339 3307 346 3312 .
397 3278 452 3316 Ut
482 3292 602 3331 neque
635 3282 678 3321 in
704 3283 879 3323 sestertio
906 3283 1045 3335 vicies]
1098 3285 1223 3326 Vole-

340 3339 465 3389 bam3
501 3341 656 3383 Vixerit
685 3347 726 3383 in
756 3347 976 3387 sestertium
1007 3347 1139 3399 vicies,
1156 3348 1223 3388 vel

337 3404 495 3456 centia,
528 3407 710 3457 scilicet,
750 3401 1016 3460 patrimbuio.
1078 3412 1133 3452 Et
1161 3411 1224 3451 sic

717 203 896 242 No'rAE
937 203 1272 244 VARJORUM
1314 205 1380 244 IN
1423 207 1473 246 G.
1515 206 1778 247 NEPo‘rls

1276 323 1390 365 alibi.
1445 325 1684 367 Gronovius
1700 324 1756 367 de
1773 326 2008 368 Sestertiis.

1329 388 1503 441 Parique
1527 389 1701 440 fastigio
1730 390 1888 431 steterit
1917 390 1964 430 in
1991 394 2159 444 omne

1265 449 1452 503 fortuna]
1506 452 1622 493 Hinc
1643 452 1772 493 animi
1792 453 1886 505 ejus
1902 453 2160 495 moderatio-

1274 524 1375 553 nem
1393 519 1441 555 et
1458 515 1710 568 aequitatem
1729 520 1875 556 uotam
1903 515 2161 569 sibi'praedi-

1276 582 1348 617 cat
1377 577 1443 619 M.
1473 578 1636 619 Tullius
1667 579 1711 618 in
1741 580 1919 630 Catone,
1945 590 2070 632 quem
2097 579 2163 620 illi

1276 638 1470 692 dedicat,
1488 641 1610 681 initio
1628 655 1641 682 ι
1669 642 1981 695 ingenuitatem
2009 640 2161 682 animi-

1277 713 1359 754 que
1391 703 1729 756 magnitudinem
1760 704 1902 757 Epist.
1926 688 2006 746 lib.
2026 715 2060 745 r.
2089 706 2156 744 1⁷.

1277 763 1431 806 Schott.
1527 773 1542 791 ·

1334 827 1499 868 Nullam
1530 828 1789 868 suburbanam
1819 833 1889 869 out
1916 829 2165 871 marinianum

1276 895 1538 941 sumptuosam
1555 891 1709 943 villmn]
1736 892 1866 935 Quod
1893 904 2044 944 parum
2072 905 2164 934 cre-

1279 953 1426 994 dibile.
1485 953 1624 994 Miror
1654 954 1824 995 allatam
1854 967 1881 995 a
1906 955 2084 1008 Nepote
2106 955 2163 996 fi·

1278 1015 1395 1069 dem,
1410 1017 1573 1069 quippe
1592 1018 1663 1070 qui
1683 1023 1864 1070 propter
1881 1017 2024 1060 Attici
2037 1017 2164 1060 fumi-

1277 1078 1525 1130 liaritatem‚
1543 1092 1662 1132 saepe
1681 1080 1928 1122 domesticis
1952 1081 2079 1123 rebus
2104 1082 2167 1123 in-

1280 1141 1445 1184 terfuit.
1502 1143 1672 1185 Habuit
1690 1144 1849 1184 Villam
1879 1144 2164 1197 Pomponius,

1280 1205 1384 1245 etin
1402 1206 1476 1246 illa
1496 1206 1775 1259 Gymnasium
1793 1206 2095 1259 Amaltheum;
2115 1214 2168 1250 nt

1281 1269 1439 1320 passim
1455 1281 1482 1310 a
1510 1270 1720 1312 Cicerone
1739 1270 1969 1312 traditum.
2013 1271 2110 1312 Lib.
2130 1282 2166 1314 1.

1281 1331 1336 1372 ad
1355 1330 1580 1374 Atticum:
1607 1334 1622 1358 ⁶
1643 1334 1737 1386 Ego
1768 1338 1812 1375 te
1840 1333 2027 1375 arbitror
2044 1335 2168 1376 caesis

1280 1394 1397 1446 apud
1416 1394 1684 1441 Amaltheam
1704 1402 1822 1437 tuam
1853 1396 2060 1450 victimis,
2076 1403 2166 1439 sta·

1280 1457 1356 1497 tim
1375 1469 1469 1498 esse
1499 1457 1555 1498 ad
1583 1458 1808 1511 Sicyonem
1827 1459 2165 1511 oppugnandum

1281 1519 1550 1572 profectum!
1606 1521 1770 1562 Eodem
1803 1521 1878 1563 lib.
1905 1523 1924 1563 ‘.
1940 1523 2166 1575 Epigram-

1279 1582 1405 1623 matis
1425 1583 1528 1634 tuis,
1544 1595 1640 1636 quae
1655 1583 1698 1623 in
1714 1582 1947 1624 Amaltheo
1967 1585 2168 1637 posuisti,

1281 1645 1475 1685 contenti
1516 1646 1703 1686 erimus.’
1770 1647 1829 1687 Et
1873 1648 2004 1699 paulo
2034 1654 2136 1700 post
2153 1662 2167 1690 z

1280 1707 1293 1730 ‘
1310 1707 1452 1751 Velim
1474 1707 1537 1748 ad
1569 1719 1639 1749 me
1657 1708 1836 1760 scribas,
1854 1709 2095 1762 cujusmodi
2113 1712 2170 1752 sit

1281 1771 1509 1820 Ἀμαλθεῖον
1539 1776 1686 1812 tuum:
1739 1783 1933 1827 quasque
1960 1772 2170 1815 :historias

1284 1834 1339 1874 de
1358 1833 1605 1876 Amaltheia
1632 1834 1780 1887 habes,
1809 1834 1865 1876 ad
1897 1847 1967 1877 me
1996 1835 2169 1877 mittas?

1284 1897 1411 1938 Unde
1445 1896 1767 1938 evidentissime
1797 1903 1984 1950 constat,
2026 1910 2170 1951 sump-

1284 1965 1449 2000 tuosam
1469 1960 1599 2001 etiam
1627 1959 1760 2001 fuisse
1786 1961 1906 2002 illam
1938 1961 2099 2014 villam,
2123 1962 2170 2003 iu

1284 2034 1369 2076 qua
1384 2023 1559 2075 plenum
1591 2023 1726 2064 omnis
1757 2023 2011 2065 eruditionis
2036 2023 2170 2077 Gym-

1283 2086 1463 2128 nasium.
1535 2087 1588 2128 In
1625 2098 1730 2139 agro
1765 2087 1896 2128 etiam
1940 2087 2172 2130 Buthrotio

1284 2149 1452 2201 praedia
1481 2149 1651 2194 habuit.
1705 2150 1790 2191 Sed
1822 2151 2031 2203 legendus
2060 2151 2171 2193 wur-

1283 2211 1382 2253 neb.
1402 2211 1514 2253 Adv.
1534 2212 1610 2255 lib.
1628 2223 1696 2254 11.
1717 2217 1786 2255 16.
1823 2214 2024 2256 Kaukon.

1336 2275 1498 2315 Proeter
1514 2275 1798 2328 Ardeatinam]
1825 2275 1987 2318 Ardea
2001 2277 2171 2330 civitas,

1284 2336 1328 2377 in
1357 2342 1513 2378 octavo
1546 2338 1717 2379 decimo
1745 2339 1945 2380 milliario
1977 2339 2032 2381 ab
2059 2340 2168 2382 urbe

1284 2399 1443 2452 posita.
1497 2401 1750 2454 Eutropius.
1805 2402 2063 2443 Rutulorum
2101 2415 2170 2443 ur·

1282 2462 1382 2503 bem
1400 2462 1507 2506 facit
1527 2463 1726 2515 Orosius,
1740 2469 1786 2506 et
1804 2465 1971 2517 Livius,
1987 2466 2169 2519 quieam

1283 2525 1399 2568 inter
1444 2526 1632 2568 colonias
1690 2528 1899 2569 Romanas
1954 2535 2171 2572 numerat.

1284 2589 1488 2631 Meminit
1505 2589 1629 2643 hujus
1649 2602 1819 2644 quoque
1846 2591 2107 2634 Plutarchus
2123 2594 2169 2634 in

1285 2652 1478 2695 Camillo.
1526 2653 1671 2707 Ἀρδεα
1701 2654 1809 2707 legit
1833 2654 2005 2709 Strabo,
2022 2655 2171 2697 Ptole·

1284 2728 1434 2767 maeus,
1454 2721 1507 2757 >et
1525 2716 1794 2769 Stephanus3
1836 2717 1911 2770 qui
1939 2729 2035 2758 eam
2067 2729 2172 2771 quo-

1286 2791 1369 2831 que
1398 2780 1571 2832 TroJam
1605 2779 1766 2820 dictam
1792 2779 1962 2820 scribit.
2026 2780 2171 2822 Dauni

1286 2841 1435 2882 urbem
1465 2842 1659 2895 appellat
1690 2841 1896 2894 Virgilius
1923 2842 2093 2884 AEneid.
2120 2853 2169 2883 x.-

1285 2906 1444 2948 Ardeae
1475 2918 1632 2948 nomen
1667 2906 1856 2946 retinere
1892 2904 2047 2946 scribit
2078 2906 2170 2959 qui-

1284 2970 1399 3011 dam.
1453 2971 1467 2994 ⁴
1489 2970 1775 3011 Ardeatinam
1793 2967 2024 3023 praedium',
2041 2969 2171 3010 Pom-

1285 3033 1403 3085 ponii
1422 3032 1582 3085 Attici,
1600 3039 1668 3074 est
1682 3031 1849 3074 AEmilio
1868 3031 2013 3074 Probo
2030 3032 2078 3072 in
2093 3032 2170 3074 hu·

1276 3095 1349 3146 jus
1370 3096 1472 3137 vita.
1503 3096 1694 3137 Ortelius.

1341 3159 1397 3199 Et
1418 3158 1727 3210 Nomentanum]
1759 3157 1963 3209 Νῶμεντον
1996 3156 2171 3216 Latino-

1287 3234 1379 3262 rum
1399 3222 1719 3263 mediterranea
1734 3221 1853 3272 urbs,
1871 3220 1988 3273 apud
2000 3219 2168 3260 Livium

1285 3292 1330 3326 et
1362 3287 1659 3327 Ptolemaeum.
1714 3284 1916 3335 Νόμων-ος
1948 3281 2169 3335 Stephano

1285 3354 1366 3388 est.
1424 3349 1692 3389 Duodecimn
1722 3348 1778 3388 ab
1805 3346 1912 3387 urbe
1933 3345 2092 3397 lapide,
2120 3351 2169 3387 ut

1289 3410 1419 3451 tradit
1442 3410 1648 3461 Rhegion.
1687 3410 1950 3450 Lamentana
1971 3407 2167 3457 Leandro
