2306 3900
306 256 471 312 lxxvi

348 396 541 451 *religiose
578 397 789 436 colebatur.
836 396 1040 438 Hactenus
1058 390 1189 438 Buch-

367 466 497 498 nerus‚
526 452 595 503 qui
621 464 670 491 ex
697 450 810 490 Livio
838 457 1026 502 praeterea
1060 455 1191 492 obser·

365 512 431 545 vat
458 505 681 558 hujusmodi
717 505 888 558 hospitia
907 518 988 544 non
1022 506 1192 559 privatos

311 583 314 585 -
363 559 498 606 modo,
529 560 600 598 sed
627 558 774 611 Reges,
794 560 894 598 viros
923 559 1125 613 Principes
1152 567 1194 600 et

365 613 554 654 Civitates
603 613 740 652 solitos
778 613 897 653 fuisse
936 613 1193 667 conjungere,

364 666 427 707 vel
448 668 632 718 parandae
659 668 847 720 potentine
866 666 929 707 vel
949 669 1193 715 stabiliendae

363 734 496 761 causa.
539 721 722 761 Ceterum
752 727 874 760 totam
905 721 1007 762 hanc
1033 734 1113 761 rem
1142 724 1193 762 de

363 787 470 815 more
503 788 549 814 ac
587 775 677 828 jure
720 775 881 828 hospitii
923 787 988 828 ap.
1029 782 1192 824 veteres,

363 835 447 882 tum
479 830 531 869 de
572 828 862 870 necessitudine
910 841 958 868 ac
1005 829 1192 882 religione

363 883 567 936 hospitalis
607 882 763 923 foederis
799 882 960 935 copiose
988 883 1193 923 illustravit

362 935 429 977 Jo.
449 937 558 977 Guil.
587 937 772 976 Stuckius
798 936 981 989 antiquit.
1000 938 1193 977 convival.

366 992 433 1030 lib.
465 995 502 1031 l.
521 1003 608 1043 cap.
628 993 696 1031 27.
711 991 804 1031 add.
822 990 910 1031 Jac.
930 990 1034 1030 Phil.
1050 991 1193 1031 Toma-

365 1045 441 1085 sini
479 1045 617 1084 librum
644 1045 695 1084 de
730 1045 882 1085 tesseris
919 1044 1193 1098 hospitalitatis

364 1112 467 1139 anno
497 1102 617 1139 1647.
647 1098 760 1138 Utini
777 1098 950 1153 editum)

307 1151 460 1192 Hostias
487 1153 596 1200 xxiii,
615 1157 641 1194 2

311 1206 447 1247 Hostis
478 1207 622 1261 (hostis
640 1208 682 1245 in
709 1219 779 1246 sua
798 1213 895 1247 terra
925 1207 1193 1260 invadendus)

362 1260 457 1310 xvii,
474 1265 514 1302 2.
560 1261 711 1307 xxiii,8
753 1261 964 1314 imparatus
998 1275 1022 1300 a
1057 1262 1194 1314 paucis

363 1317 544 1363 vincitur,
575 1322 731 1368 paratus
759 1316 823 1354 vix
856 1328 996 1368 magno
1023 1317 1194 1356 exercitu

364 1371 444 1417 xiv,
463 1375 489 1412 4
553 1370 704 1408 hostem
735 1369 916 1421 judicare
951 1369 1045 1422 aliq.
1084 1369 1137 1416 ix,
1166 1376 1193 1412 4

363 1426 495 1464 hostes
514 1437 594 1462 non
612 1429 755 1462 temere
770 1425 949 1469 credunt,
962 1436 1050 1474 quae
1064 1424 1193 1475 palam

362 1479 664 1532 pronuntIantur
706 1477 800 1523 xvii,
838 1480 863 1516 3
923 1477 1074 1516 hostem
1110 1490 1194 1518 esse

360 1533 477 1572 alicui
506 1532 534 1579 i,
552 1535 577 1572 4
616 1543 736 1570 naves
763 1531 805 1570 in
837 1531 1006 1570 hostium
1031 1532 1196 1572 veniunt

361 1592 597 1638 potestatem
626 1584 696 1631 vii,
727 1590 751 1625 5
798 1597 910 1637 pares
941 1599 1026 1624 esse
1060 1585 1194 1625 hostes

348 1653 494 1692 neque
513 1639 607 1678 mari
625 1651 754 1690 neque
772 1644 872 1677 terra
890 1644 1055 1690 possunt
1081 1639 1148 1686 vii,
1167 1644 1196 1680 6

362 1695 535 1733 Marium
559 1694 710 1731 hostem
724 1691 947 1744 judicatum
971 1691 1078 1745 juvit
1108 1694 1196 1745 opi-

362 1749 434 1787 bus
451 1747 529 1786 suis
557 1760 645 1792 xxv,
663 1750 687 1786 2
733 1746 852 1785 hostis
870 1746 1070 1786 Antonius
1081 1745 1195 1799 judi·
1244 1758 1248 1761 ·

365 1808 476 1842 catus
495 1801 613 1841 Italia
631 1800 749 1840 cessit
775 1814 863 1847 xxv,
885 1805 911 1841 9
962 1800 1194 1854 (Enimvero

362 1870 445 1903 eos,
474 1855 542 1909 qui
572 1861 706 1894 contra
736 1855 900 1907 patriam
926 1867 1032 1893 arma
1066 1856 1193 1909 cepis-

365 1916 465 1958 sent,
502 1909 564 1948 vel
601 1923 625 1948 a
659 1922 742 1961 rep.
779 1909 1029 1956 defecissent,
1056 1922 1193 1962 resque

361 1977 485 2004 novas
504 1963 628 2003 moliti
646 1969 789 2009 essent,
805 1963 918 2001 moris
937 1969 1032 2010 erat,
1063 1965 1194 2004 hostes

359 2033 384 2058 a
398 2019 544 2059 Senatu
566 2017 753 2070 judicari,
770 2017 899 2069 inquit
916 2017 1090 2057 Brisson.
1114 2018 1191 2058 for-

360 2073 455 2113 mul.
474 2077 514 2114 2.
544 2073 611 2112 ubi
631 2071 743 2124 plura
758 2070 837 2110 vid.
871 2070 1030 2124 Boecl.)

308 2127 574 2180 Hujusmodi:
618 2126 659 2166 id
687 2125 912 2179 hujusmodi
931 2130 1028 2172 erat,
1055 2131 1100 2166 ut
1117 2126 1191 2168 διο.

360 2182 619 2234 (sequebatur
646 2194 694 2220 ex
714 2193 777 2227 eo,
796 2179 930 2227 fiebat,
956 2179 989 2219 is
1019 2186 1103 2220 erat
1133 2182 1190 2222 ef-

360 2238 486 2276 fectus
505 2234 592 2285 ejus
610 2234 687 2287 rei)
716 2249 754 2281 x,
770 2238 796 2274 7

310 2290 543 2330 Humanitas
558 2302 707 2328 summa
724 2289 751 2334 i,
773 2292 798 2329 8
825 2287 1066 2326 humanitate
1083 2290 1189 2340 capi-

363 2350 480 2382 untur
508 2342 683 2380 homines
712 2342 778 2386 vii,
796 2344 823 2379 9
863 2341 1105 2381 humanitate
1135 2342 1190 2381 ci-

360 2398 500 2436 vitates
514 2408 647 2434 omnes
667 2398 852 2447 praestant
866 2393 1036 2433 Athenas
1054 2408 1142 2442 xxv,
1163 2399 1187 2436 8

303 2448 478 2491 Humare
504 2449 674 2501 aliquem
692 2448 872 2502 (cremati
898 2447 1066 2501 alicujus
1083 2449 1189 2489 cine-

361 2519 420 2545 res
449 2504 636 2545 collectos
667 2503 787 2542 humo
818 2502 982 2554 operire,
1004 2502 1188 2557 sepelire)

357 2559 471 2606 xviii,
493 2561 544 2598 13

304 2614 501 2654 Humilis:
549 2624 665 2651 nemo
696 2616 774 2650 tarn
809 2609 965 2649 humilis
995 2617 1092 2658 erat,
1125 2611 1189 2651 cui

360 2682 440 2707 non
461 2667 510 2706 ad
529 2665 753 2705 Miltiadem
781 2664 910 2703 aditus
936 2670 1087 2717 pateret
1114 2666 1143 2714 i,
1162 2670 1188 2706 8

357 2721 514 2761 humilis
545 2720 706 2759 vestitus
736 2717 890 2772 (vilior)
918 2719 1010 2766 xvii,
1043 2723 1068 2759 8
1114 2720 1187 2758 hu-

358 2775 465 2816 milia
506 2774 626 2828 (infra
666 2773 896 2825 dignitatem
933 2773 1087 2812 honesti
1118 2775 1187 2813 viri

357 2828 523 2882 posita),
544 2828 661 2868 Praef.
698 2826 903 2868 humiliore
931 2827 1088 2867 fortuna
1106 2828 1187 2882 (in-

354 2884 514 2934 feriore)
539 2895 627 2929 xxv,
647 2885 700 2923 19

302 2939 494 2992 Hyberna
513 2937 564 2976 ad
584 2948 695 2975 usum
725 2934 818 2974 belli
837 2948 987 2975 sumere
1033 2935 1141 2983 xviii,
1160 2940 1186 2977 8

301 2989 584 3048 Hybernacula
611 2989 704 3036 xvii,
724 2992 765 3029 3.
794 2988 899 3036 xviii,
919 2993 945 3030 8
990 2990 1080 3042 (pro
1110 2991 1186 3044 hy-

358 3045 513 3087 bernis:
543 3049 588 3083 ut
606 3056 670 3096 ap.
698 3042 857 3082 Sallust.
886 3043 975 3083 Cat.
996 3046 1091 3084 123.
1119 3044 1187 3083 ubi

356 3115 395 3140 v.
422 3107 505 3139 not.
523 3097 634 3138 Dan.
665 3096 808 3146 Parei5
836 3095 931 3136 alias
965 3097 1186 3152 ‘hyberna-

357 3155 458 3195 cula’
477 3166 547 3207 pro
564 3151 658 3204 ipsis
675 3150 850 3190 tentoriis
869 3157 1086 3198 sumuntur,
1103 3151 1185 3191 sive

355 3222 426 3260 pro
445 3207 578 3260 pellib.
597 3205 670 3244 sub
692 3205 834 3257 quibus
868 3204 1084 3259 antiquitus
1114 3205 1185 3244 mi-

360 3262 446 3302 lites
465 3260 717 3315 hyemabant.
732 3257 894 3312 Boecl.)

305 3314 455 3368 Hyems
473 3318 566 3367 (pro
592 3314 845 3366 tempestate)
873 3326 964 3360 xxv,
984 3316 1035 3352 10
1081 3311 1185 3366 (vid.

355 3369 462 3408 Serv.
482 3369 532 3407 ad
562 3366 661 3404 illud
687 3366 796 3420 Virg.
825 3365 920 3406 AEn.
950 3371 970 3407 1
1032 3371 1044 3391 ³
1061 3366 1188 3406 Emis-

335 3434 516 3475 ..samque
555 3422 739 3472 hyemem
770 3420 890 3460 sensit
923 3419 1187 3474 Neptunus’).

355 3475 539 3532 hyemale
555 3480 711 3524 ternpus
738 3473 815 3519 xiv,
835 3478 863 3513 6

302 3509 526 3585 {lyemarez
572 3527 799 3579 hyematum
829 3527 1013 3567 reducere
1043 3528 1186 3568 exerci-

1116 267 1318 311 INDEX

1310 403 1393 436 tum
1407 394 1538 450 aliquo
1558 397 1651 445 xvii,
1665 401 1689 439 8
1718 410 1886 451 eumque
1903 395 1950 437 ἐπ’
1964 394 2142 440 Mediam

1310 451 1537 503 hyematum
1567 452 1700 505 coegit
1731 453 1856 492 redire
1893 450 2000 499 xviii.
2017 456 2044 493 8
2078 454 2140 493 ,in

1309 504 1475 544 finitima
1499 507 1656 558 regione
1675 507 1904 559 hyematum
1927 505 2063 558 copias
2079 507 2161 546 di:

1310 558 1418 609 visit,
1433 558 1531 599 ibid.
1559 560 1715 614 (Caesar
1730 561 1779 600 Β.
1799 559 1848 601 C.
1867 560 1979 607 i‚s⁷.
2015 559 2140 600 dixit:

1310 617 1322 635 ⁸
1339 611 1513 665 legiones
1532 614 1677 654 circum
1695 614 1828 667 aliqua
1846 614 1934 654 loca
1953 614 2141 668 hyeman-

1265 690 1267 694 -
1310 665 1353 706 di
1369 679 1487 707 causa
1503 667 1747 721 disponere')
2041 682 2043 684 ·

1257 718 1481 783 {lystaspes
1501 720 1612 762 Darii
1629 730 1741 776 pater
1767 723 1846 771 xxi,
1864 727 1886 763 1

1626 891 1630 894 ·
1680 881 1735 921 1.

1256 985 1396 1027 Jacere
1414 988 1488 1042 (de
1507 988 1606 1044 situ)
1622 1001 1633 1029 ι
1680 990 1767 1030 haec
1785 1001 1882 1041 gens
1898 988 2010 1042 jacet
2025 995 2141 1045 'supr-

1311 1041 1491 1082 Ciliciam
1518 1043 1597 1092 xiv,
1615 1047 1643 1085 4
1688 1054 1777 1095 pars
1797 1042 1917 1091 Anisa,
1935 1056 2025 1097 quae
2041 1044 2142 1085 inter

1309 1095 1478 1135 'faurum
1510 1105 1682 1138 montem
1703 1097 1814 1150 jacet
1839 1103 1960 1151 atque
1986 1097 2141 1139 Helles·
2219 1125 2232 1131 -

1311 1157 1475 1203 pontum
1503 1151 1612 1199 xviii,
1646 1156 1672 1192 3
1714 1157 1849 1206 portus
1879 1151 2142 1204 jacensffinter

1313 1205 1488 1258 Cyrenas
1518 1212 1559 1246 et
1577 1206 1799 1259 AEgyptum
1826 1206 1922 1253 xvii,
1941 1210 1968 1246 8
2010 1205 2071 1259 (ν.
2090 1207 2141 1247 cl.

1311 1258 1444 1299 Vorst.
1487 1261 1537 1300 de
1572 1261 1736 1302 Latinit.
1768 1260 1866 1299 falso
1900 1272 2008 1312 susp.
2052 1273 2142 1313 cap.

1312 1317 1379 1354 13.
1409 1326 1498 1366 pag.
1518 1313 1632 1367 151).
1683 1313 1824 1376 jacens
1841 1313 1915 1369 (de
1930 1327 1994 1361 eo,
2012 1315 2083 1368 qui
2099 1315 2142 1355 in

1257 1369 1821 1463 Jafftiianiu⁰5tiffi>mlssiisss
1847 1434 1936 1469 m,
1950 1425 1980 1462 ο

1256 1474 1346 1514 Jam
1367 1481 1448 1513 tum
1477 1475 1559 1523 xiii,
1579 1480 1604 1517 3
1647 1475 1731 1528 jam
1749 1481 1834 1514 tum
1859 1475 1936 1514 illis
1952 1481 2032 1515 tem
2089 1476 2139 1515 ri·

1312 1529 1383 1567 bus
1408 1529 1533 1576 viii,2
1597 1543 1686 1570 cum
1713 1528 1783 1569 illo
1813 1527 1983 1568 venisset
2047 1530 2140 1569 issa-

1311 1584 1491 1634 phemes‚
1505 1583 1590 1635 jam
1616 1582 1825 1635 Agesilaus
1841 1595 1985 1635 magna
2009 1585 2142 1636 praeda

1312 1641 1395 1675 erat
1411 1636 1560 1687 potitus
1577 1637 1668 1683 xvii,
1682 1640 1706 1677 8
1734 1637 1799 1677 hic
1816 1648 1905 1677 cum
1912 1637 1998 1690 jam
2009 1638 2141 1677 animo

1310 1689 1562 1730 meditaretur
1580 1690 1772 1743 proficisci
1798 1691 1841 1729 in
1867 1691 2021 1739 Persas,
2037 1703 2141 1730 nun-

1311 1744 1388 1783 tius
1408 1744 1446 1782 ei
1466 1745 1584 1784 domo
1602 1744 1710 1784 venit
1735 1744 1829 1792 xvii,
1845 1747 1873 1785 4
1915 1743 1994 1799 (sic
2012 1745 2141 1785 edidi-

1311 1811 1396 1837 mus
1414 1811 1462 1838 ex
1481 1799 1562 1839 Ms.
1580 1798 1710 1852 Dan.)
1750 1811 1839 1838 cum
1861 1797 1947 1850 jam
1965 1799 2070 1839 haud
2085 1799 2141 1840 ita

1311 1852 1428 1904 longe
1446 1854 1614 1900 abesset,
1633 1853 1818 1893 obsistere
1835 1852 1873 1893 ei
1887 1853 2020 1894 conati
2034 1860 2141 1903 sunt,

1308 1907 1406 1946 ibid.

1256 1961 1411 2002 Janua:
1442 1974 1539 2013 puer
1552 1962 1600 2001 ab
1622 1961 1745 2014 janua
1765 1961 2005 2014 prospiciens
2030 1957 2141 2010 xxiii,

1312 2019 1362 2057 12
1391 2015 1573 2069 (Pignor.
1591 2017 1642 2055 de
1671 2017 1788 2055 servis
1819 2028 1910 2079 pag.
1934 2019 2030 2056 214.
2070 2029 2138 2055 ex·

1310 2069 1458 2110 istimat
1471 2069 1663 2109 servulum
1683 2070 1907 2123 significan,
1923 2070 1999 2122 qui<
2011 2070 2137 2110 claus-

1309 2125 1377 2163 tris
1400 2123 1537 2176 januae
1563 2131 1762 2178 praeesset,
1795 2124 1953 2176 qualem
1985 2123 2139 2163 Laevius

1307 2179 1415 2231 apud
1448 2178 1554 2219 Gell.
1589 2178 1656 2226 xii,
1687 2182 1739 2219 10
1782 2184 1793 2202 ⁸
1813 2178 2137 2218 claustritumnm'

1303 2233 1422 2281 dixit.
1442 2233 1506 2272 alii
1527 2232 1574 2273 τὸ
1602 2238 1614 2256 ·
1632 2233 1682 2272 ab
1694 2231 1832 2286 janua’
1851 2233 1902 2272 ad
1919 2233 2026 2272 verb.
2046 2244 2136 2285 pro-

1306 2287 1436 2339 spexit
1461 2286 1654 2336 referunt)
2037 2314 2043 2318 ⁴

1252 2340 1376 2380 Jason
1395 2346 1585 2392 tyrannus
1613 2340 1695 2387 xiii,
1714 2344 1740 2381 4

1252 2393 1362 2433 Ictus
1380 2393 1513 2445 lapide
1540 2393 1658 2440 xxi,2

1252 2447 1301 2487 Id
1321 2448 1430 2500 quod
1456 2447 1536 2493 xiv,
1555 2450 1595 2487 4.
1635 2459 1700 2492 xx,
1721 2450 1760 2486 l.
1786 2447 1866 2493 xxi,
1884 2450 1911 2487 2
1957 2446 2136 2499 (elegan-

1307 2506 1379 2549 ter,
1399 2513 1470 2553 pro
1496 2501 1633 2548 Quod,
1664 2500 1726 2538 vel
1751 2499 1874 2546 Quod
1906 2499 2059 2552 etiarn).
2095 2501 2136 2539 id

1308 2555 1584 2608 Carthaginem
1622 2554 1796 2593 delatum
1845 2559 1906 2593 est
1949 2552 2135 2606 (subaud.

1306 2609 1477 2663 factum)
1506 2607 1613 2656 xxiii,
1633 2611 1657 2648 3

1251 2663 1365 2704 Idem
1384 2677 1394 2702 t
1424 2669 1597 2716 satrapes
1615 2663 1798 2714 idemque
1816 2674 1934 2715 gener
1952 2661 2053 2714 regis
2079 2661 2134 2708 ix,

1304 2721 1331 2758 2
1355 2716 1464 2757 idem
1481 2717 1703 2763 continens,
1720 2716 1797 2756 &c.
1818 2729 1879 2764 xv,
1896 2719 1920 2757 3
1961 2715 2136 2769 (copulre

1305 2771 1429 2811 vicem
1463 2775 1623 2824 'praestat
1648 2770 1874 2823 eleganter:
1902 2775 1914 2793 ⁶
1931 2768 2051 2809 iidem
2078 2769 2136 2808 illi

1305 2825 1558 2879 Eumolpidas
1588 2826 1740 2865 sacerd.
1777 2830 1806 2863 t.
1833 2837 1863 2866 r.
1899 2837 1931 2863 s.
1971 2827 2022 2863 cl
2067 2823 2135 2870 vii,

1248 2880 1451 2973 Idoxieus:
1481 2931 1628 2972 idoneo
1647 2933 1735 2971 loco
1757 2937 1884 2971 castra
1900 2931 2077 2972 fecerunt
2104 2931 2132 2978 i.

1304 2993 1328 3029 5
1377 2988 1543 3027 idoneus
1574 2987 1683 3027 locus
1718 2987 1769 3026 ad
1789 2993 1916 3026 castra
1946 2986 2137 3038 ponenda

1303 3042 1386 3089 xiv,
1405 3044 1454 3082 11
1487 3040 1631 3081 idonea
1649 3053 1768 3080 causa
1786 3039 1987 3093 (speciosa
2002 3046 2045 3080 et
2061 3052 2134 3092 op-

1303 3093 1492 3149 portuna)
1520 3094 1563 3141 ii,
1591 3098 1618 3135 6
1661 3094 1846 3134 idoneum
1867 3100 2022 3147 ternpus
2038 3093 2133 3147 (op-

1303 3156 1516 3201 portunum
1536 3148 1634 3203 &c.)
1662 3161 1752 3196 xxv,
1771 3152 1798 3188 2
2028 3161 2033 3176 ⁵

1250 3202 1399 3256 Igitur:
1428 3201 1626 3243 Eumenes
1662 3201 1780 3254 igitur
1809 3201 2064 3255 intelligebat,
2101 3199 2134 3237 si

1303 3257 1431 3312 copiae
1451 3256 1526 3296 διο.
1554 3257 1661 3303 xviii,
1680 3259 1705 3296 8
1752 3256 1838 3310 (Sic
1857 3267 1925 3308 qu.
1943 3254 2035 3295 edd.
2052 3253 2129 3292 Sed

1303 3324 1376 3352 nos
1410 3311 1670 3365 expunximus
1698 3307 1747 3349 τὸ
1775 3309 1906 3362 igitur,
1926 3308 2033 3360 quod
2061 3319 2131 3359 pro

1304 3371 1316 3389 ⁴
1333 3365 1525 3420 inquam,'
1541 3363 1618 3411 vel,
1635 3369 1649 3387 ‘
1664 3369 1710 3402 ut
1722 3363 1825 3415 coep'i
1839 3362 1997 3407 dicere:
2015 3359 2131 3402 Lam-

1303 3419 1421 3459 binus
1439 3425 1481 3460 et
1498 3419 1710 3460 Boeclerus
1739 3417 1908 3470 positum
1935 3421 2027 3467 post
2043 3415 2129 3454 lon-

1303 3473 1449 3526 giorem
1493 3470 1719 3522 ἆπεμβολὴν
1754 3478 1800 3508 a'c
1836 3469 2130 3523 suspensionem

1303 3533 1444 3579 coeptae
1461 3524 1689 3566 narrationis
1707 3524 1866 3577 putant)
