<?xml version="1.0" encoding="UTF-8"?>
<!DOCTYPE html PUBLIC "-//W3C//DTD XHTML 1.0 Transitional//EN"
    "http://www.w3.org/TR/xhtml1/DTD/xhtml1-transitional.dtd">
<html xmlns="http://www.w3.org/1999/xhtml" xml:lang="en" lang="en">
 <head>
  <title>
</title>
<meta http-equiv="Content-Type" content="text/html;charset=utf-8" />
  <meta name='ocr-system' content='tesseract 3.04.00' />
  <meta name='ocr-capabilities' content='ocr_page ocr_carea ocr_par ocr_line ocrx_word'/>
</head>
<body>
  <div class='ocr_page' id='page_1' title='image "./vitaeexcellentiu02nepouoft_0073.png"; bbox 0 0 2306 3900; ppageno 0'>
   <div class='ocr_carea' id='block_1_1' title="bbox 678 230 1523 294">
    <p class='ocr_par' dir='ltr' id='par_1_1' title="bbox 678 230 1523 294">
     <span class='ocr_line' id='line_1_1' title="bbox 678 230 1523 294; baseline 0.002 -13"><span class='ocrx_word' id='word_1_1' title='bbox 678 242 787 281; x_wconf 83' lang='lat' dir='ltr'><strong>vn.</strong></span> <span class='ocrx_word' id='word_1_2' title='bbox 848 242 1263 294; x_wconf 62' lang='lat' dir='ltr'><strong>aminnium«,</strong></span> <span class='ocrx_word' id='word_1_3' title='bbox 1302 243 1434 283; x_wconf 74' lang='lat' dir='ltr'><strong>cAr.</strong></span> <span class='ocrx_word' id='word_1_4' title='bbox 1469 230 1523 283; x_wconf 90' lang='grc'><strong>4.</strong></span> 
     </span>
    </p>
   </div>
   <div class='ocr_carea' id='block_1_2' title="bbox 190 357 1091 3520">
    <p class='ocr_par' dir='ltr' id='par_1_2' title="bbox 190 357 1074 783">
     <span class='ocr_line' id='line_1_2' title="bbox 190 357 1069 414; baseline -0.002 -12"><span class='ocrx_word' id='word_1_5' title='bbox 190 365 239 402; x_wconf 86' lang='lat' dir='ltr'><strong>et</strong></span> <span class='ocrx_word' id='word_1_6' title='bbox 265 359 409 414; x_wconf 83' lang='lat' dir='ltr'><strong>capite</strong></span> <span class='ocrx_word' id='word_1_7' title='bbox 434 359 611 413; x_wconf 78' lang='lat' dir='ltr'><strong>depulsa</strong></span> <span class='ocrx_word' id='word_1_8' title='bbox 628 358 726 401; x_wconf 86' lang='lat' dir='ltr'><strong>est.’</strong></span> <span class='ocrx_word' id='word_1_9' title='bbox 757 357 981 400; x_wconf 80' lang='lat' dir='ltr'><strong>Claudian.</strong></span> <span class='ocrx_word' id='word_1_10' title='bbox 1013 358 1069 400; x_wconf 84' lang='lat' dir='ltr'><strong>de</strong></span> 
     </span>
     <span class='ocr_line' id='line_1_3' title="bbox 190 422 1071 476; baseline -0.003 -10"><span class='ocrx_word' id='word_1_11' title='bbox 190 425 248 466; x_wconf 64' lang='lat' dir='ltr'><strong>Ba</strong></span> <span class='ocrx_word' id='word_1_12' title='bbox 267 424 371 466; x_wconf 84' lang='lat' dir='ltr'><strong>Get.</strong></span> <span class='ocrx_word' id='word_1_13' title='bbox 393 424 408 447; x_wconf 79' lang='lat'><strong><em>⁴</em></strong></span> <span class='ocrx_word' id='word_1_14' title='bbox 423 423 484 465; x_wconf 85' lang='lat' dir='ltr'><strong>At</strong></span> <span class='ocrx_word' id='word_1_15' title='bbox 497 428 601 464; x_wconf 75' lang='lat' dir='ltr'><strong>vero</strong></span> <span class='ocrx_word' id='word_1_16' title='bbox 611 422 784 463; x_wconf 85' lang='lat' dir='ltr'><strong>Italiam</strong></span> <span class='ocrx_word' id='word_1_17' title='bbox 803 422 971 476; x_wconf 87' lang='lat' dir='ltr'><strong>quoties</strong></span> <span class='ocrx_word' id='word_1_18' title='bbox 987 423 1071 463; x_wconf 88' lang='lat' dir='ltr'><strong>cir-</strong></span> 
     </span>
     <span class='ocr_line' id='line_1_4' title="bbox 190 487 1071 540; baseline -0.002 -11"><span class='ocrx_word' id='word_1_19' title='bbox 190 488 416 538; x_wconf 81' lang='lat' dir='ltr'><strong>cumstetit</strong></span> <span class='ocrx_word' id='word_1_20' title='bbox 429 492 552 528; x_wconf 80' lang='lat' dir='ltr'><strong>atrox</strong></span> <span class='ocrx_word' id='word_1_21' title='bbox 565 487 834 538; x_wconf 84' lang='lat' dir='ltr'><strong>Tempestas,</strong></span> <span class='ocrx_word' id='word_1_22' title='bbox 844 487 1071 540; x_wconf 86' lang='lat' dir='ltr'><strong>ipsumque</strong></span> 
     </span>
     <span class='ocr_line' id='line_1_5' title="bbox 190 549 1072 606; baseline -0.001 -12"><span class='ocrx_word' id='word_1_23' title='bbox 190 555 326 606; x_wconf 85' lang='lat' dir='ltr'><strong>caput</strong></span> <span class='ocrx_word' id='word_1_24' title='bbox 341 552 499 592; x_wconf 76' lang='lat' dir='ltr'><strong>laesnra</strong></span> <span class='ocrx_word' id='word_1_25' title='bbox 525 549 762 603; x_wconf 88' lang='lat' dir='ltr'><strong>pependit.&#39;</strong></span> <span class='ocrx_word' id='word_1_26' title='bbox 788 551 931 592; x_wconf 89' lang='lat' dir='ltr'><strong>Tacit.</strong></span> <span class='ocrx_word' id='word_1_27' title='bbox 961 550 1072 593; x_wconf 88' lang='lat' dir='ltr'><strong>Ann.</strong></span> 
     </span>
     <span class='ocr_line' id='line_1_6' title="bbox 190 613 1074 657; baseline -0.002 -2"><span class='ocrx_word' id='word_1_28' title='bbox 190 614 268 657; x_wconf 86' lang='lat' dir='ltr'><strong>lib.</strong></span> <span class='ocrx_word' id='word_1_29' title='bbox 287 625 351 656; x_wconf 72' lang='grc' dir='ltr'><strong>ιι.</strong></span> <span class='ocrx_word' id='word_1_30' title='bbox 369 618 439 655; x_wconf 77' lang='lat' dir='ltr'><strong>sl.</strong></span> <span class='ocrx_word' id='word_1_31' title='bbox 467 613 639 655; x_wconf 87' lang='lat' dir='ltr'><strong>Curtius</strong></span> <span class='ocrx_word' id='word_1_32' title='bbox 659 613 735 654; x_wconf 88' lang='lat' dir='ltr'><strong>lib.</strong></span> <span class='ocrx_word' id='word_1_33' title='bbox 757 623 803 655; x_wconf 85' lang='lat' dir='ltr'><strong>x.</strong></span> <span class='ocrx_word' id='word_1_34' title='bbox 819 617 886 656; x_wconf 76' lang='lat'><strong>34.</strong></span> <span class='ocrx_word' id='word_1_35' title='bbox 906 617 918 637; x_wconf 89' lang='lat'>‘</span> <span class='ocrx_word' id='word_1_36' title='bbox 931 615 1074 657; x_wconf 83' lang='lat' dir='ltr'><strong>Quan-</strong></span> 
     </span>
     <span class='ocr_line' id='line_1_7' title="bbox 191 677 1074 730; baseline -0.002 -12"><span class='ocrx_word' id='word_1_37' title='bbox 191 684 294 718; x_wconf 64' lang='lat' dir='ltr'><strong>tam,</strong></span> <span class='ocrx_word' id='word_1_38' title='bbox 319 681 619 730; x_wconf 68' lang='lat' dir='ltr'><strong>tempestatem</strong></span> <span class='ocrx_word' id='word_1_39' title='bbox 662 677 804 718; x_wconf 85' lang='lat' dir='ltr'><strong>subita</strong></span> <span class='ocrx_word' id='word_1_40' title='bbox 839 678 1074 718; x_wconf 75' lang='lat' dir='ltr'><strong>serenitate</strong></span> 
     </span>
     <span class='ocr_line' id='line_1_8' title="bbox 193 740 936 783; baseline 0 -1"><span class='ocrx_word' id='word_1_41' title='bbox 193 740 422 783; x_wconf 64' lang='lat' dir='ltr'><strong>discnssit!</strong></span> <span class='ocrx_word' id='word_1_42' title='bbox 449 740 624 782; x_wconf 85' lang='lat' dir='ltr'><strong>Patere.</strong></span> <span class='ocrx_word' id='word_1_43' title='bbox 645 752 699 782; x_wconf 88' lang='lat'><strong>11.</strong></span> <span class='ocrx_word' id='word_1_44' title='bbox 714 744 782 782; x_wconf 80' lang='grc'><strong>27.</strong></span> <span class='ocrx_word' id='word_1_45' title='bbox 812 741 936 782; x_wconf 69' lang='lat' dir='ltr'><strong>Gebh.</strong></span> 
     </span>
    </p>

    <p class='ocr_par' dir='ltr' id='par_1_3' title="bbox 192 803 1076 1047">
     <span class='ocr_line' id='line_1_9' title="bbox 250 803 1076 856; baseline 0.001 -12"><span class='ocrx_word' id='word_1_46' title='bbox 250 803 363 845; x_wconf 64' lang='lat' dir='ltr'><strong>Clam</strong></span> <span class='ocrx_word' id='word_1_47' title='bbox 388 816 430 845; x_wconf 77' lang='lat' dir='ltr'><strong>ss</strong></span> <span class='ocrx_word' id='word_1_48' title='bbox 463 817 489 844; x_wconf 87' lang='grc' dir='ltr'><strong><em>α</em></strong></span> <span class='ocrx_word' id='word_1_49' title='bbox 514 805 736 846; x_wconf 72' lang='lat' dir='ltr'><strong>custodibus</strong></span> <span class='ocrx_word' id='word_1_50' title='bbox 764 805 971 856; x_wconf 70' lang='lat' dir='ltr'><strong>subduxit]</strong></span> <span class='ocrx_word' id='word_1_51' title='bbox 1008 805 1076 845; x_wconf 82' lang='grc' dir='ltr'><strong>Ἐν</strong></span> 
     </span>
     <span class='ocr_line' id='line_1_10' title="bbox 192 865 1075 920; baseline -0.001 -11"><span class='ocrx_word' id='word_1_52' title='bbox 192 866 238 909; x_wconf 68' lang='grc' dir='ltr'><strong>δὲ</strong></span> <span class='ocrx_word' id='word_1_53' title='bbox 271 865 444 920; x_wconf 76' lang='grc' dir='ltr'><strong><em>Θουρίοις</em></strong></span> <span class='ocrx_word' id='word_1_54' title='bbox 469 866 691 919; x_wconf 69' lang='grc' dir='ltr'><strong><em>γενόμενος,</em></strong></span> <span class='ocrx_word' id='word_1_55' title='bbox 721 867 788 908; x_wconf 71' lang='grc' dir='ltr'><strong>καὶ</strong></span> <span class='ocrx_word' id='word_1_56' title='bbox 819 867 970 916; x_wconf 73' lang='grc' dir='ltr'><strong><em>ἀποβὰς</em></strong></span> <span class='ocrx_word' id='word_1_57' title='bbox 1003 869 1075 916; x_wconf 76' lang='grc' dir='ltr'><strong>τῆς</strong></span> 
     </span>
     <span class='ocr_line' id='line_1_11' title="bbox 192 929 1076 985; baseline 0.001 -14"><span class='ocrx_word' id='word_1_58' title='bbox 192 929 382 985; x_wconf 51' lang='lat' dir='ltr'><strong>rmus,</strong></span> <span class='ocrx_word' id='word_1_59' title='bbox 393 929 553 985; x_wconf 77' lang='grc' dir='ltr'><strong><em>ἔκρυψεν</em></strong></span> <span class='ocrx_word' id='word_1_60' title='bbox 571 930 722 985; x_wconf 75' lang='grc' dir='ltr'><strong><em>ἑαυτὸν,</em></strong></span> <span class='ocrx_word' id='word_1_61' title='bbox 737 931 803 972; x_wconf 74' lang='grc' dir='ltr'><strong>καὶ</strong></span> <span class='ocrx_word' id='word_1_62' title='bbox 813 929 973 983; x_wconf 71' lang='grc' dir='ltr'><strong>διέφυγε</strong></span> <span class='ocrx_word' id='word_1_63' title='bbox 985 930 1076 972; x_wconf 75' lang='grc' dir='ltr'><strong>τοὺς</strong></span> 
     </span>
     <span class='ocr_line' id='line_1_12' title="bbox 193 993 575 1047; baseline -0.005 -10"><span class='ocrx_word' id='word_1_64' title='bbox 193 993 426 1047; x_wconf 74' lang='grc' dir='ltr'><strong><em>ζητοῦντας.</em></strong></span> <span class='ocrx_word' id='word_1_65' title='bbox 454 995 575 1036; x_wconf 86' lang='lat' dir='ltr'><strong>Plut.</strong></span> 
     </span>
    </p>

    <p class='ocr_par' dir='ltr' id='par_1_4' title="bbox 193 1058 1078 1479">
     <span class='ocr_line' id='line_1_13' title="bbox 249 1058 1076 1110; baseline -0.001 -10"><span class='ocrx_word' id='word_1_66' title='bbox 249 1058 424 1110; x_wconf 72' lang='lat' dir='ltr'><strong>Elidem]</strong></span> <span class='ocrx_word' id='word_1_67' title='bbox 447 1058 670 1101; x_wconf 82' lang='lat' dir='ltr'><strong>Justinus:</strong></span> <span class='ocrx_word' id='word_1_68' title='bbox 702 1060 715 1083; x_wconf 87' lang='lat'>‘</span> <span class='ocrx_word' id='word_1_69' title='bbox 729 1060 904 1101; x_wconf 79' lang='lat' dir='ltr'><strong>Tacitus</strong></span> <span class='ocrx_word' id='word_1_70' title='bbox 923 1059 967 1099; x_wconf 90' lang='lat' dir='ltr'><strong>in</strong></span> <span class='ocrx_word' id='word_1_71' title='bbox 985 1058 1076 1100; x_wconf 86' lang='lat' dir='ltr'><strong>exi·</strong></span> 
     </span>
     <span class='ocr_line' id='line_1_14' title="bbox 193 1120 1076 1174; baseline 0 -12"><span class='ocrx_word' id='word_1_72' title='bbox 193 1120 505 1168; x_wconf 70' lang='lat' dir='ltr'><strong>liumEndem</strong></span> <span class='ocrx_word' id='word_1_73' title='bbox 536 1120 752 1173; x_wconf 80' lang='lat' dir='ltr'><strong>profectus</strong></span> <span class='ocrx_word' id='word_1_74' title='bbox 784 1121 883 1162; x_wconf 64' lang='lat' dir='ltr'><strong>est!</strong></span> <span class='ocrx_word' id='word_1_75' title='bbox 912 1122 1076 1174; x_wconf 79' lang='lat' dir='ltr'><strong>Thucy-</strong></span> 
     </span>
     <span class='ocr_line' id='line_1_15' title="bbox 195 1182 1074 1237; baseline -0.001 -12"><span class='ocrx_word' id='word_1_76' title='bbox 195 1183 319 1225; x_wconf 76' lang='lat' dir='ltr'><strong>clides</strong></span> <span class='ocrx_word' id='word_1_77' title='bbox 335 1197 348 1224; x_wconf 69' lang='grc' dir='ltr'><strong>ε</strong></span> <span class='ocrx_word' id='word_1_78' title='bbox 393 1183 631 1237; x_wconf 72' lang='grc' dir='ltr'><strong><em>Ἐπεραιόθη</em></strong></span> <span class='ocrx_word' id='word_1_79' title='bbox 671 1183 725 1226; x_wconf 75' lang='grc' dir='ltr'><strong>εἰς</strong></span> <span class='ocrx_word' id='word_1_80' title='bbox 760 1182 1074 1231; x_wconf 73' lang='grc' dir='ltr'><strong><em>Πελοπόννησον.</em></strong></span> 
     </span>
     <span class='ocr_line' id='line_1_16' title="bbox 195 1245 1078 1296; baseline -0.002 -8"><span class='ocrx_word' id='word_1_81' title='bbox 195 1247 438 1290; x_wconf 81' lang='lat' dir='ltr'><strong>Diodorus:</strong></span> <span class='ocrx_word' id='word_1_82' title='bbox 467 1248 513 1288; x_wconf 72' lang='grc' dir='ltr'><strong>ἐκ</strong></span> <span class='ocrx_word' id='word_1_83' title='bbox 545 1250 619 1296; x_wconf 79' lang='grc' dir='ltr'><strong>τῆς</strong></span> <span class='ocrx_word' id='word_1_84' title='bbox 642 1246 816 1288; x_wconf 80' lang='grc' dir='ltr'><strong><em>Ἰταλίας</em></strong></span> <span class='ocrx_word' id='word_1_85' title='bbox 841 1245 1078 1288; x_wconf 70' lang='grc' dir='ltr'><strong>διαπλεύσας</strong></span> 
     </span>
     <span class='ocr_line' id='line_1_17' title="bbox 195 1309 1077 1363; baseline 0 -12"><span class='ocrx_word' id='word_1_86' title='bbox 195 1311 260 1352; x_wconf 67' lang='grc' dir='ltr'><strong>ἐπὶ</strong></span> <span class='ocrx_word' id='word_1_87' title='bbox 285 1309 599 1361; x_wconf 73' lang='grc' dir='ltr'><strong><em>Πελστόννησον,</em></strong></span> <span class='ocrx_word' id='word_1_88' title='bbox 627 1310 771 1363; x_wconf 69' lang='grc' dir='ltr'><strong><em>ἔφυγεν</em></strong></span> <span class='ocrx_word' id='word_1_89' title='bbox 798 1309 852 1352; x_wconf 71' lang='grc' dir='ltr'><strong>εἰς</strong></span> <span class='ocrx_word' id='word_1_90' title='bbox 877 1309 1077 1363; x_wconf 69' lang='grc' dir='ltr'><strong><em>Σπάρτην.</em></strong></span> 
     </span>
     <span class='ocr_line' id='line_1_18' title="bbox 195 1373 1078 1428; baseline 0 -14"><span class='ocrx_word' id='word_1_91' title='bbox 195 1374 288 1416; x_wconf 85' lang='lat' dir='ltr'><strong>Elis</strong></span> <span class='ocrx_word' id='word_1_92' title='bbox 302 1380 445 1416; x_wconf 86' lang='lat' dir='ltr'><strong>antem</strong></span> <span class='ocrx_word' id='word_1_93' title='bbox 465 1375 754 1427; x_wconf 72' lang='lat' dir='ltr'><strong>Peloponnesi</strong></span> <span class='ocrx_word' id='word_1_94' title='bbox 778 1374 908 1428; x_wconf 85' lang='lat' dir='ltr'><strong>regio.</strong></span> <span class='ocrx_word' id='word_1_95' title='bbox 962 1373 1078 1415; x_wconf 84' lang='lat' dir='ltr'><strong>Vide</strong></span> 
     </span>
     <span class='ocr_line' id='line_1_19' title="bbox 195 1436 686 1479; baseline 0.002 -1"><span class='ocrx_word' id='word_1_96' title='bbox 195 1436 481 1478; x_wconf 79' lang='lat' dir='ltr'><strong>Ptolemaeum</strong></span> <span class='ocrx_word' id='word_1_97' title='bbox 500 1442 548 1478; x_wconf 91' lang='lat' dir='ltr'><strong>et</strong></span> <span class='ocrx_word' id='word_1_98' title='bbox 566 1438 686 1479; x_wconf 86' lang='lat' dir='ltr'><strong>alios.</strong></span> 
     </span>
    </p>

    <p class='ocr_par' dir='ltr' id='par_1_5' title="bbox 195 1500 1083 1926">
     <span class='ocr_line' id='line_1_20' title="bbox 255 1500 1078 1554; baseline 0.001 -14"><span class='ocrx_word' id='word_1_99' title='bbox 255 1500 436 1552; x_wconf 67' lang='lat' dir='ltr'><strong>Thebas]-</strong></span> <span class='ocrx_word' id='word_1_100' title='bbox 449 1501 630 1541; x_wconf 77' lang='lat' dir='ltr'><strong>Boeotiae</strong></span> <span class='ocrx_word' id='word_1_101' title='bbox 649 1501 865 1554; x_wconf 85' lang='lat' dir='ltr'><strong>oppidum.</strong></span> <span class='ocrx_word' id='word_1_102' title='bbox 909 1500 1078 1542; x_wconf 82' lang='lat' dir='ltr'>Nomen</span> 
     </span>
     <span class='ocr_line' id='line_1_21' title="bbox 196 1561 1076 1616; baseline 0.002 -11"><span class='ocrx_word' id='word_1_103' title='bbox 196 1561 275 1605; x_wconf 65' lang='lat' dir='ltr'><strong>dr)</strong></span> <span class='ocrx_word' id='word_1_104' title='bbox 291 1564 364 1611; x_wconf 77' lang='grc' dir='ltr'><strong>τῆς</strong></span> <span class='ocrx_word' id='word_1_105' title='bbox 379 1561 568 1605; x_wconf 61' lang='lat' dir='ltr'><strong>Oebasus.</strong></span> <span class='ocrx_word' id='word_1_106' title='bbox 595 1564 677 1604; x_wconf 87' lang='lat' dir='ltr'><strong>Vel</strong></span> <span class='ocrx_word' id='word_1_107' title='bbox 700 1576 727 1605; x_wconf 87' lang='lat' dir='ltr'><strong>a</strong></span> <span class='ocrx_word' id='word_1_108' title='bbox 741 1564 946 1616; x_wconf 80' lang='lat' dir='ltr'>Syrorum</span> <span class='ocrx_word' id='word_1_109' title='bbox 967 1569 1076 1607; x_wconf 67' lang='lat' dir='ltr'><strong>nnn</strong></span> 
     </span>
     <span class='ocr_line' id='line_1_22' title="bbox 195 1626 1079 1684; baseline 0.005 -15"><span class='ocrx_word' id='word_1_110' title='bbox 195 1626 324 1669; x_wconf 70' lang='lat' dir='ltr'><strong>theba.</strong></span> <span class='ocrx_word' id='word_1_111' title='bbox 366 1629 449 1669; x_wconf 83' lang='lat' dir='ltr'><strong>Vel</strong></span> <span class='ocrx_word' id='word_1_112' title='bbox 464 1629 748 1673; x_wconf 75' lang='lat' dir='ltr'><strong>Hebraeorum</strong></span> <span class='ocrx_word' id='word_1_113' title='bbox 764 1633 874 1673; x_wconf 68' lang='lat'><strong>210.</strong></span> <span class='ocrx_word' id='word_1_114' title='bbox 907 1631 1079 1684; x_wconf 81' lang='lat' dir='ltr'><strong>Nugan-</strong></span> 
     </span>
     <span class='ocr_line' id='line_1_23' title="bbox 196 1695 1081 1751; baseline 0.005 -17"><span class='ocrx_word' id='word_1_115' title='bbox 196 1698 270 1735; x_wconf 84' lang='lat' dir='ltr'><strong>tur</strong></span> <span class='ocrx_word' id='word_1_116' title='bbox 305 1695 602 1749; x_wconf 83' lang='lat' dir='ltr'><strong>Grammatici‚</strong></span> <span class='ocrx_word' id='word_1_117' title='bbox 631 1696 703 1751; x_wconf 87' lang='lat' dir='ltr'><strong>qni</strong></span> <span class='ocrx_word' id='word_1_118' title='bbox 735 1709 763 1738; x_wconf 86' lang='lat' dir='ltr'><strong>a</strong></span> <span class='ocrx_word' id='word_1_119' title='bbox 791 1698 918 1740; x_wconf 73' lang='lat' dir='ltr'><strong>Thebe</strong></span> <span class='ocrx_word' id='word_1_120' title='bbox 944 1697 1081 1750; x_wconf 81' lang='lat' dir='ltr'>Asopi</span> 
     </span>
     <span class='ocr_line' id='line_1_24' title="bbox 196 1757 1083 1815; baseline 0.003 -16"><span class='ocrx_word' id='word_1_121' title='bbox 196 1757 287 1800; x_wconf 80' lang='lat' dir='ltr'><strong>filia</strong></span> <span class='ocrx_word' id='word_1_122' title='bbox 315 1759 480 1800; x_wconf 88' lang='lat' dir='ltr'><strong>ducunt</strong></span> <span class='ocrx_word' id='word_1_123' title='bbox 511 1761 836 1814; x_wconf 81' lang='lat' dir='ltr'><strong>Etymologiam.</strong></span> <span class='ocrx_word' id='word_1_124' title='bbox 891 1763 965 1802; x_wconf 90' lang='lat' dir='ltr'><strong>De</strong></span> <span class='ocrx_word' id='word_1_125' title='bbox 997 1773 1083 1815; x_wconf 87' lang='lat' dir='ltr'><strong>qua</strong></span> 
     </span>
     <span class='ocr_line' id='line_1_25' title="bbox 197 1821 1082 1878; baseline 0.003 -17"><span class='ocrx_word' id='word_1_126' title='bbox 197 1821 299 1862; x_wconf 82' lang='lat' dir='ltr'><strong>vide</strong></span> <span class='ocrx_word' id='word_1_127' title='bbox 333 1822 597 1876; x_wconf 63' lang='lat' dir='ltr'><strong>hungerum,</strong></span> <span class='ocrx_word' id='word_1_128' title='bbox 626 1823 940 1878; x_wconf 87' lang='lat' dir='ltr'><strong>Casaubonum,</strong></span> <span class='ocrx_word' id='word_1_129' title='bbox 968 1829 1016 1865; x_wconf 84' lang='lat' dir='ltr'><strong>et</strong></span> <span class='ocrx_word' id='word_1_130' title='bbox 1039 1837 1082 1864; x_wconf 86' lang='lat' dir='ltr'><strong>a·</strong></span> 
     </span>
     <span class='ocr_line' id='line_1_26' title="bbox 199 1885 290 1926; baseline 0 -1"><span class='ocrx_word' id='word_1_131' title='bbox 199 1885 290 1926; x_wconf 88' lang='lat' dir='ltr'><strong>lios.</strong></span> 
     </span>
    </p>

    <p class='ocr_par' dir='ltr' id='par_1_6' title="bbox 200 1945 1088 2748">
     <span class='ocr_line' id='line_1_27' title="bbox 252 1945 1084 2002; baseline 0.004 -14"><span class='ocrx_word' id='word_1_132' title='bbox 252 1945 458 2000; x_wconf 64' lang='lat' dir='ltr'><strong>Sec-apicis</strong></span> <span class='ocrx_word' id='word_1_133' title='bbox 474 1947 718 2000; x_wconf 78' lang='lat' dir='ltr'><strong>damnatum]</strong></span> <span class='ocrx_word' id='word_1_134' title='bbox 744 1948 982 2002; x_wconf 80' lang='lat' dir='ltr'><strong>Thucydid.</strong></span> <span class='ocrx_word' id='word_1_135' title='bbox 1005 1947 1084 1991; x_wconf 77' lang='grc' dir='ltr'><strong>Θά-</strong></span> 
     </span>
     <span class='ocr_line' id='line_1_28' title="bbox 200 2008 1085 2065; baseline 0.003 -14"><span class='ocrx_word' id='word_1_136' title='bbox 200 2024 320 2051; x_wconf 82' lang='grc' dir='ltr'><strong><em>νατον</em></strong></span> <span class='ocrx_word' id='word_1_137' title='bbox 337 2008 591 2062; x_wconf 66' lang='grc' dir='ltr'><strong><em>κατ-ἔγνωσαν</em></strong></span> <span class='ocrx_word' id='word_1_138' title='bbox 609 2011 728 2052; x_wconf 82' lang='grc' dir='ltr'><strong><em>αὐτοῦ</em></strong></span> <span class='ocrx_word' id='word_1_139' title='bbox 743 2025 804 2065; x_wconf 77' lang='grc' dir='ltr'><strong>τε,</strong></span> <span class='ocrx_word' id='word_1_140' title='bbox 823 2011 890 2052; x_wconf 71' lang='grc' dir='ltr'><strong>καὶ</strong></span> <span class='ocrx_word' id='word_1_141' title='bbox 909 2013 988 2054; x_wconf 72' lang='grc' dir='ltr'><strong>τῦν</strong></span> <span class='ocrx_word' id='word_1_142' title='bbox 1001 2017 1085 2063; x_wconf 76' lang='grc' dir='ltr'><strong>μετ’</strong></span> 
     </span>
     <span class='ocr_line' id='line_1_29' title="bbox 201 2072 1085 2127; baseline 0.003 -14"><span class='ocrx_word' id='word_1_143' title='bbox 201 2072 335 2115; x_wconf 66' lang='grc' dir='ltr'><strong><em>αὺτοῦ.</em></strong></span> <span class='ocrx_word' id='word_1_144' title='bbox 390 2073 634 2115; x_wconf 78' lang='lat' dir='ltr'><strong>Diodorus:</strong></span> <span class='ocrx_word' id='word_1_145' title='bbox 667 2072 791 2123; x_wconf 82' lang='grc' dir='ltr'><strong><em>Δίκην</em></strong></span> <span class='ocrx_word' id='word_1_146' title='bbox 809 2073 952 2127; x_wconf 69' lang='grc' dir='ltr'><strong><em>ἐρήμην</em></strong></span> <span class='ocrx_word' id='word_1_147' title='bbox 970 2090 1085 2116; x_wconf 76' lang='grc' dir='ltr'><strong><em>κατε·</em></strong></span> 
     </span>
     <span class='ocr_line' id='line_1_30' title="bbox 200 2135 1085 2181; baseline 0.003 -3"><span class='ocrx_word' id='word_1_148' title='bbox 200 2135 367 2178; x_wconf 65' lang='grc' dir='ltr'><strong><em>δίκασαν</em></strong></span> <span class='ocrx_word' id='word_1_149' title='bbox 378 2135 558 2177; x_wconf 78' lang='grc' dir='ltr'><strong><em>θανάτου.</em></strong></span> <span class='ocrx_word' id='word_1_150' title='bbox 584 2136 806 2179; x_wconf 68' lang='lat' dir='ltr'><strong>Lambinus.</strong></span> <span class='ocrx_word' id='word_1_151' title='bbox 848 2139 974 2181; x_wconf 83' lang='lat' dir='ltr'><strong>Quod</strong></span> <span class='ocrx_word' id='word_1_152' title='bbox 988 2151 1085 2181; x_wconf 89' lang='lat' dir='ltr'><strong>cum</strong></span> 
     </span>
     <span class='ocr_line' id='line_1_31' title="bbox 201 2200 1085 2254; baseline 0.001 -13"><span class='ocrx_word' id='word_1_153' title='bbox 201 2201 449 2241; x_wconf 85' lang='lat' dir='ltr'><strong>nunciatum</strong></span> <span class='ocrx_word' id='word_1_154' title='bbox 463 2200 525 2240; x_wconf 89' lang='lat' dir='ltr'><strong>illi</strong></span> <span class='ocrx_word' id='word_1_155' title='bbox 543 2206 688 2250; x_wconf 84' lang='lat' dir='ltr'><strong>esset;</strong></span> <span class='ocrx_word' id='word_1_156' title='bbox 715 2202 729 2224; x_wconf 88' lang='lat'>‘</span> <span class='ocrx_word' id='word_1_157' title='bbox 746 2200 987 2254; x_wconf 87' lang='lat' dir='ltr'><strong>Dabimus,&#39;</strong></span> <span class='ocrx_word' id='word_1_158' title='bbox 1023 2203 1085 2242; x_wconf 90' lang='lat' dir='ltr'><strong>in-</strong></span> 
     </span>
     <span class='ocr_line' id='line_1_32' title="bbox 200 2264 1087 2318; baseline 0.002 -13"><span class='ocrx_word' id='word_1_159' title='bbox 200 2264 310 2318; x_wconf 86' lang='lat' dir='ltr'><strong>quit,</strong></span> <span class='ocrx_word' id='word_1_160' title='bbox 324 2267 338 2287; x_wconf 86' lang='lat'>‘</span> <span class='ocrx_word' id='word_1_161' title='bbox 354 2264 510 2318; x_wconf 87' lang='lat' dir='ltr'><strong>ipsum,</strong></span> <span class='ocrx_word' id='word_1_162' title='bbox 538 2270 588 2305; x_wconf 90' lang='lat' dir='ltr'><strong>ut</strong></span> <span class='ocrx_word' id='word_1_163' title='bbox 605 2265 765 2314; x_wconf 74' lang='lat' dir='ltr'><strong>vivum,</strong></span> <span class='ocrx_word' id='word_1_164' title='bbox 785 2271 854 2306; x_wconf 85' lang='lat' dir='ltr'><strong>me</strong></span> <span class='ocrx_word' id='word_1_165' title='bbox 872 2277 957 2306; x_wconf 88' lang='lat' dir='ltr'><strong>non</strong></span> <span class='ocrx_word' id='word_1_166' title='bbox 979 2277 1087 2307; x_wconf 89' lang='lat' dir='ltr'><strong>mor-</strong></span> 
     </span>
     <span class='ocr_line' id='line_1_33' title="bbox 201 2328 1087 2381; baseline 0.001 -13"><span class='ocrx_word' id='word_1_167' title='bbox 201 2333 325 2370; x_wconf 87' lang='lat' dir='ltr'><strong>tuum</strong></span> <span class='ocrx_word' id='word_1_168' title='bbox 343 2340 453 2375; x_wconf 86' lang='lat' dir='ltr'><strong>esse,</strong></span> <span class='ocrx_word' id='word_1_169' title='bbox 466 2330 747 2381; x_wconf 78' lang='lat' dir='ltr'><strong>experiantur</strong></span> <span class='ocrx_word' id='word_1_170' title='bbox 764 2328 1046 2370; x_wconf 78' lang='lat' dir='ltr'><strong>Athenienses</strong></span> <span class='ocrx_word' id='word_1_171' title='bbox 1060 2329 1087 2380; x_wconf 70' lang='grc' dir='ltr'><strong>ς’</strong></span> 
     </span>
     <span class='ocr_line' id='line_1_34' title="bbox 202 2391 1087 2444; baseline 0 -11"><span class='ocrx_word' id='word_1_172' title='bbox 202 2396 252 2433; x_wconf 88' lang='lat' dir='ltr'><strong>et</strong></span> <span class='ocrx_word' id='word_1_173' title='bbox 270 2391 579 2433; x_wconf 73' lang='lat' dir='ltr'><strong>Lacedaemone</strong></span> <span class='ocrx_word' id='word_1_174' title='bbox 597 2398 819 2444; x_wconf 81' lang='lat' dir='ltr'><strong>receptus,</strong></span> <span class='ocrx_word' id='word_1_175' title='bbox 834 2393 1087 2434; x_wconf 87' lang='lat' dir='ltr'><strong>Decelicum</strong></span> 
     </span>
     <span class='ocr_line' id='line_1_35' title="bbox 202 2453 1087 2496; baseline -0.001 -1"><span class='ocrx_word' id='word_1_176' title='bbox 202 2453 366 2496; x_wconf 88' lang='lat' dir='ltr'><strong>bellum</strong></span> <span class='ocrx_word' id='word_1_177' title='bbox 383 2467 411 2494; x_wconf 87' lang='lat' dir='ltr'><strong>a</strong></span> <span class='ocrx_word' id='word_1_178' title='bbox 427 2454 606 2494; x_wconf 82' lang='lat' dir='ltr'><strong>Decelia</strong></span> <span class='ocrx_word' id='word_1_179' title='bbox 622 2454 730 2495; x_wconf 86' lang='lat' dir='ltr'><strong>urbe</strong></span> <span class='ocrx_word' id='word_1_180' title='bbox 748 2455 809 2495; x_wconf 89' lang='lat' dir='ltr'><strong>sic</strong></span> <span class='ocrx_word' id='word_1_181' title='bbox 829 2454 992 2496; x_wconf 87' lang='lat' dir='ltr'><strong>dictum</strong></span> <span class='ocrx_word' id='word_1_182' title='bbox 1011 2467 1087 2495; x_wconf 83' lang='lat' dir='ltr'><strong>ex-</strong></span> 
     </span>
     <span class='ocr_line' id='line_1_36' title="bbox 204 2516 1087 2559; baseline 0 -1"><span class='ocrx_word' id='word_1_183' title='bbox 204 2517 357 2558; x_wconf 77' lang='lat' dir='ltr'><strong>citavit</strong></span> <span class='ocrx_word' id='word_1_184' title='bbox 382 2517 427 2557; x_wconf 92' lang='lat' dir='ltr'><strong>in</strong></span> <span class='ocrx_word' id='word_1_185' title='bbox 459 2516 759 2558; x_wconf 78' lang='lat' dir='ltr'><strong>Athenienses.</strong></span> <span class='ocrx_word' id='word_1_186' title='bbox 825 2517 1087 2559; x_wconf 81' lang='lat' dir='ltr'><strong>Plutarchus</strong></span> 
     </span>
     <span class='ocr_line' id='line_1_37' title="bbox 203 2578 1088 2623; baseline 0.001 -2"><span class='ocrx_word' id='word_1_187' title='bbox 203 2581 251 2622; x_wconf 85' lang='lat' dir='ltr'><strong>in</strong></span> <span class='ocrx_word' id='word_1_188' title='bbox 271 2579 416 2621; x_wconf 86' lang='lat' dir='ltr'><strong>Alcib.</strong></span> <span class='ocrx_word' id='word_1_189' title='bbox 433 2578 583 2620; x_wconf 83' lang='lat' dir='ltr'><strong>AElian.</strong></span> <span class='ocrx_word' id='word_1_190' title='bbox 602 2591 706 2620; x_wconf 80' lang='lat' dir='ltr'><strong>xm.</strong></span> <span class='ocrx_word' id='word_1_191' title='bbox 726 2583 793 2622; x_wconf 78' lang='grc'><strong>38.</strong></span> <span class='ocrx_word' id='word_1_192' title='bbox 825 2581 980 2623; x_wconf 70' lang='lat' dir='ltr'><strong>Schott.</strong></span> <span class='ocrx_word' id='word_1_193' title='bbox 1026 2582 1088 2622; x_wconf 87' lang='lat' dir='ltr'><strong>Si·</strong></span> 
     </span>
     <span class='ocr_line' id='line_1_38' title="bbox 204 2643 1087 2699; baseline 0.002 -15"><span class='ocrx_word' id='word_1_194' title='bbox 204 2644 305 2685; x_wconf 88' lang='lat' dir='ltr'><strong>mile</strong></span> <span class='ocrx_word' id='word_1_195' title='bbox 337 2644 564 2698; x_wconf 86' lang='lat' dir='ltr'><strong>quicquam</strong></span> <span class='ocrx_word' id='word_1_196' title='bbox 593 2643 647 2684; x_wconf 89' lang='lat' dir='ltr'><strong>de</strong></span> <span class='ocrx_word' id='word_1_197' title='bbox 676 2645 939 2698; x_wconf 86' lang='lat' dir='ltr'><strong>Hannibale,</strong></span> <span class='ocrx_word' id='word_1_198' title='bbox 971 2646 1087 2699; x_wconf 84' lang='lat' dir='ltr'><strong>apud</strong></span> 
     </span>
     <span class='ocr_line' id='line_1_39' title="bbox 206 2707 389 2748; baseline 0.005 -1"><span class='ocrx_word' id='word_1_199' title='bbox 206 2707 389 2748; x_wconf 80' lang='lat' dir='ltr'><strong>Livium.</strong></span> 
     </span>
    </p>

    <p class='ocr_par' dir='ltr' id='par_1_7' title="bbox 204 2769 1091 3520">
     <span class='ocr_line' id='line_1_40' title="bbox 261 2769 1088 2824; baseline 0.004 -13"><span class='ocrx_word' id='word_1_200' title='bbox 261 2769 516 2822; x_wconf 71' lang='lat' dir='ltr'><strong>Eumolpidas</strong></span> <span class='ocrx_word' id='word_1_201' title='bbox 544 2772 762 2811; x_wconf 78' lang='lat' dir='ltr'><strong>sacerdotes</strong></span> <span class='ocrx_word' id='word_1_202' title='bbox 777 2784 803 2812; x_wconf 86' lang='grc' dir='ltr'><strong><em>α</em></strong></span> <span class='ocrx_word' id='word_1_203' title='bbox 819 2773 956 2824; x_wconf 71' lang='lat' dir='ltr'><strong>populo</strong></span> <span class='ocrx_word' id='word_1_204' title='bbox 981 2785 1088 2814; x_wconf 79' lang='lat' dir='ltr'><strong>coac-</strong></span> 
     </span>
     <span class='ocr_line' id='line_1_41' title="bbox 205 2832 1091 2888; baseline 0.006 -16"><span class='ocrx_word' id='word_1_205' title='bbox 205 2832 286 2884; x_wconf 77' lang='lat' dir='ltr'><strong>tos]</strong></span> <span class='ocrx_word' id='word_1_206' title='bbox 327 2832 462 2873; x_wconf 87' lang='lat' dir='ltr'><strong>Aldus</strong></span> <span class='ocrx_word' id='word_1_207' title='bbox 488 2837 536 2873; x_wconf 90' lang='lat' dir='ltr'><strong>et</strong></span> <span class='ocrx_word' id='word_1_208' title='bbox 567 2832 798 2873; x_wconf 77' lang='lat' dir='ltr'><strong>Lambinus</strong></span> <span class='ocrx_word' id='word_1_209' title='bbox 827 2839 1091 2888; x_wconf 74' lang='lat' dir='ltr'><strong>constanter,</strong></span> 
     </span>
     <span class='ocr_line' id='line_1_42' title="bbox 207 2895 1089 2948; baseline 0.005 -12"><span class='ocrx_word' id='word_1_210' title='bbox 207 2895 462 2948; x_wconf 69' lang='lat' dir='ltr'><strong>Eumolpidas</strong></span> <span class='ocrx_word' id='word_1_211' title='bbox 488 2899 529 2935; x_wconf 78' lang='lat' dir='ltr'><strong>et</strong></span> <span class='ocrx_word' id='word_1_212' title='bbox 556 2897 742 2948; x_wconf 73' lang='lat' dir='ltr'><strong>cerycas.</strong></span> <span class='ocrx_word' id='word_1_213' title='bbox 813 2898 925 2940; x_wconf 77' lang='lat' dir='ltr'><strong>Qnae</strong></span> <span class='ocrx_word' id='word_1_214' title='bbox 957 2897 1089 2940; x_wconf 88' lang='lat' dir='ltr'><strong>lectio</strong></span> 
     </span>
     <span class='ocr_line' id='line_1_43' title="bbox 205 2958 1089 3017; baseline 0.005 -18"><span class='ocrx_word' id='word_1_215' title='bbox 205 2969 234 2999; x_wconf 82' lang='lat' dir='ltr'><strong>a</strong></span> <span class='ocrx_word' id='word_1_216' title='bbox 261 2958 430 3001; x_wconf 81' lang='lat' dir='ltr'><strong>Graecis</strong></span> <span class='ocrx_word' id='word_1_217' title='bbox 454 2963 572 3017; x_wconf 88' lang='lat' dir='ltr'><strong>orta,</strong></span> <span class='ocrx_word' id='word_1_218' title='bbox 603 2971 728 3012; x_wconf 90' lang='lat' dir='ltr'><strong>quam</strong></span> <span class='ocrx_word' id='word_1_219' title='bbox 757 2960 800 3000; x_wconf 90' lang='lat' dir='ltr'><strong>in</strong></span> <span class='ocrx_word' id='word_1_220' title='bbox 820 2961 1089 3003; x_wconf 88' lang='lat' dir='ltr'><strong>emendando</strong></span> 
     </span>
     <span class='ocr_line' id='line_1_44' title="bbox 207 3014 1090 3074; baseline 0.003 -12"><span class='ocrx_word' id='word_1_221' title='bbox 207 3014 384 3074; x_wconf 75' lang='lat' dir='ltr'><strong>Nepote</strong></span> <span class='ocrx_word' id='word_1_222' title='bbox 417 3014 626 3062; x_wconf 79' lang='lat' dir='ltr'><strong>alteruter</strong></span> <span class='ocrx_word' id='word_1_223' title='bbox 647 3022 855 3074; x_wconf 82' lang='lat' dir='ltr'><strong>produxit</strong></span> <span class='ocrx_word' id='word_1_224' title='bbox 875 3036 929 3063; x_wconf 81' lang='lat' dir='ltr'><strong>ex</strong></span> <span class='ocrx_word' id='word_1_225' title='bbox 948 3025 1090 3066; x_wconf 82' lang='lat' dir='ltr'><strong>verbis</strong></span> 
     </span>
     <span class='ocr_line' id='line_1_45' title="bbox 205 3083 1090 3136; baseline 0.007 -13"><span class='ocrx_word' id='word_1_226' title='bbox 205 3083 453 3125; x_wconf 76' lang='lat' dir='ltr'><strong>Plutarchi:</strong></span> <span class='ocrx_word' id='word_1_227' title='bbox 496 3084 738 3136; x_wconf 71' lang='grc' dir='ltr'><strong><em>ἐψηφίσαντο</em></strong></span> <span class='ocrx_word' id='word_1_228' title='bbox 767 3085 810 3127; x_wconf 72' lang='grc' dir='ltr'><strong>δὲ</strong></span> <span class='ocrx_word' id='word_1_229' title='bbox 841 3086 917 3136; x_wconf 79' lang='grc' dir='ltr'><strong>τὴν</strong></span> <span class='ocrx_word' id='word_1_230' title='bbox 955 3087 1090 3129; x_wconf 72' lang='grc' dir='ltr'><strong><em>σῦσίαν</em></strong></span> 
     </span>
     <span class='ocr_line' id='line_1_46' title="bbox 207 3139 1090 3202; baseline 0.01 -18"><span class='ocrx_word' id='word_1_231' title='bbox 207 3139 414 3186; x_wconf 55' lang='lat' dir='ltr'><strong>&amp;roboras</strong></span> <span class='ocrx_word' id='word_1_232' title='bbox 428 3146 547 3197; x_wconf 64' lang='grc' dir='ltr'><strong><em>αὐτῷ,</em></strong></span> <span class='ocrx_word' id='word_1_233' title='bbox 564 3146 629 3188; x_wconf 77' lang='grc' dir='ltr'><strong>καὶ</strong></span> <span class='ocrx_word' id='word_1_234' title='bbox 644 3147 717 3189; x_wconf 77' lang='grc' dir='ltr'><strong>τὰς</strong></span> <span class='ocrx_word' id='word_1_235' title='bbox 733 3149 828 3202; x_wconf 72' lang='grc' dir='ltr'><strong>ἀρὰς</strong></span> <span class='ocrx_word' id='word_1_236' title='bbox 845 3150 1090 3202; x_wconf 62' lang='grc' dir='ltr'><strong><em>ἀφοσιώσασ-</em></strong></span> 
     </span>
     <span class='ocr_line' id='line_1_47' title="bbox 209 3206 1088 3268; baseline 0.01 -21"><span class='ocrx_word' id='word_1_237' title='bbox 209 3210 273 3248; x_wconf 78' lang='grc' dir='ltr'><strong>θαι</strong></span> <span class='ocrx_word' id='word_1_238' title='bbox 289 3206 412 3248; x_wconf 67' lang='grc' dir='ltr'><strong><em>πάλιν</em></strong></span> <span class='ocrx_word' id='word_1_239' title='bbox 422 3208 666 3259; x_wconf 73' lang='grc' dir='ltr'><strong><em>Εὐμολπίδας</em></strong></span> <span class='ocrx_word' id='word_1_240' title='bbox 680 3211 747 3252; x_wconf 74' lang='grc' dir='ltr'><strong>καὶ</strong></span> <span class='ocrx_word' id='word_1_241' title='bbox 758 3212 937 3266; x_wconf 76' lang='grc' dir='ltr'><strong><em>κήρυκας.</em></strong></span> <span class='ocrx_word' id='word_1_242' title='bbox 969 3216 1088 3268; x_wconf 81' lang='lat' dir='ltr'><strong>Lege</strong></span> 
     </span>
     <span class='ocr_line' id='line_1_48' title="bbox 207 3271 1091 3331; baseline 0.009 -20"><span class='ocrx_word' id='word_1_243' title='bbox 207 3271 403 3325; x_wconf 82' lang='lat' dir='ltr'><strong>Thucyd.</strong></span> <span class='ocrx_word' id='word_1_244' title='bbox 440 3283 545 3313; x_wconf 75' lang='lat' dir='ltr'><strong>vui.</strong></span> <span class='ocrx_word' id='word_1_245' title='bbox 583 3273 759 3316; x_wconf 87' lang='lat' dir='ltr'><strong>Isocrat.</strong></span> <span class='ocrx_word' id='word_1_246' title='bbox 788 3277 1009 3331; x_wconf 78' lang='lat' dir='ltr'><strong>Panegyr.</strong></span> <span class='ocrx_word' id='word_1_247' title='bbox 1043 3282 1091 3318; x_wconf 88' lang='lat' dir='ltr'><strong>et</strong></span> 
     </span>
     <span class='ocr_line' id='line_1_49' title="bbox 206 3331 1088 3394; baseline 0.008 -19"><span class='ocrx_word' id='word_1_248' title='bbox 206 3331 413 3376; x_wconf 79' lang='lat' dir='ltr'><strong>Suidam’</strong></span> <span class='ocrx_word' id='word_1_249' title='bbox 402 3347 446 3376; x_wconf 88' lang='lat' dir='ltr'><strong>m</strong></span> <span class='ocrx_word' id='word_1_250' title='bbox 464 3335 716 3386; x_wconf 75' lang='grc' dir='ltr'><strong>Εὐμολπίδαι.</strong></span> <span class='ocrx_word' id='word_1_251' title='bbox 745 3337 922 3392; x_wconf 87' lang='lat' dir='ltr'><strong>Scripti‚</strong></span> <span class='ocrx_word' id='word_1_252' title='bbox 952 3342 1088 3394; x_wconf 76' lang='lat' dir='ltr'><strong>Olym-</strong></span> 
     </span>
     <span class='ocr_line' id='line_1_50' title="bbox 204 3397 1088 3450; baseline 0.006 -12"><span class='ocrx_word' id='word_1_253' title='bbox 204 3397 335 3450; x_wconf 65' lang='lat' dir='ltr'><strong>pedes,</strong></span> <span class='ocrx_word' id='word_1_254' title='bbox 362 3398 607 3440; x_wconf 76' lang='lat' dir='ltr'><strong>sacerdotes</strong></span> <span class='ocrx_word' id='word_1_255' title='bbox 624 3400 854 3441; x_wconf 83' lang='lat' dir='ltr'><strong>exhibent:</strong></span> <span class='ocrx_word' id='word_1_256' title='bbox 883 3402 999 3443; x_wconf 87' lang='lat' dir='ltr'><strong>unde</strong></span> <span class='ocrx_word' id='word_1_257' title='bbox 1016 3402 1088 3442; x_wconf 88' lang='lat' dir='ltr'><strong>alii</strong></span> 
     </span>
     <span class='ocr_line' id='line_1_51' title="bbox 210 3462 1089 3520; baseline 0.007 -17"><span class='ocrx_word' id='word_1_258' title='bbox 210 3462 410 3516; x_wconf 81' lang='lat' dir='ltr'><strong>Codices,</strong></span> <span class='ocrx_word' id='word_1_259' title='bbox 440 3464 711 3519; x_wconf 68' lang='lat' dir='ltr'><strong>Olympiada,</strong></span> <span class='ocrx_word' id='word_1_260' title='bbox 729 3470 776 3507; x_wconf 89' lang='lat' dir='ltr'><strong>et</strong></span> <span class='ocrx_word' id='word_1_261' title='bbox 794 3466 865 3508; x_wconf 88' lang='lat' dir='ltr'><strong>alii</strong></span> <span class='ocrx_word' id='word_1_262' title='bbox 887 3465 1089 3520; x_wconf 68' lang='lat' dir='ltr'><strong>Olympio-</strong></span> 
     </span>
    </p>
   </div>
   <div class='ocr_carea' id='block_1_3' title="bbox 1904 228 2014 283">
    <p class='ocr_par' dir='ltr' id='par_1_8' title="bbox 1904 228 2014 283">
     <span class='ocr_line' id='line_1_52' title="bbox 1904 228 2014 283; baseline 0 0"><span class='ocrx_word' id='word_1_263' title='bbox 1904 228 2014 283; x_wconf 70' lang='lat'><strong>495</strong></span> 
     </span>
    </p>
   </div>
   <div class='ocr_carea' id='block_1_4' title="bbox 1118 359 2016 416">
    <p class='ocr_par' dir='ltr' id='par_1_9' title="bbox 1118 359 2016 416">
     <span class='ocr_line' id='line_1_53' title="bbox 1118 359 2016 416; baseline 0.002 -15"><span class='ocrx_word' id='word_1_264' title='bbox 1118 362 1194 412; x_wconf 66' lang='lat' dir='ltr'><strong>de.</strong></span> <span class='ocrx_word' id='word_1_265' title='bbox 1220 359 1397 401; x_wconf 80' lang='lat' dir='ltr'><strong>Savaro.</strong></span> <span class='ocrx_word' id='word_1_266' title='bbox 1425 360 1611 404; x_wconf 79' lang='lat' dir='ltr'><strong>Quidam</strong></span> <span class='ocrx_word' id='word_1_267' title='bbox 1631 359 1834 414; x_wconf 72' lang='lat' dir='ltr'><strong>Molpdos</strong></span> <span class='ocrx_word' id='word_1_268' title='bbox 1852 361 2016 416; x_wconf 80' lang='lat' dir='ltr'><strong>legunt,</strong></span> 
     </span>
    </p>
   </div>
   <div class='ocr_carea' id='block_1_5' title="bbox 1134 426 2021 986">
    <p class='ocr_par' dir='ltr' id='par_1_10' title="bbox 1134 426 2015 659">
     <span class='ocr_line' id='line_1_54' title="bbox 1134 426 2014 479; baseline 0.001 -11"><span class='ocrx_word' id='word_1_269' title='bbox 1134 427 1210 468; x_wconf 89' lang='lat' dir='ltr'><strong>sed</strong></span> <span class='ocrx_word' id='word_1_270' title='bbox 1243 426 1473 469; x_wconf 85' lang='lat' dir='ltr'><strong>manifesto</strong></span> <span class='ocrx_word' id='word_1_271' title='bbox 1509 440 1668 469; x_wconf 84' lang='lat' dir='ltr'><strong>errore.</strong></span> <span class='ocrx_word' id='word_1_272' title='bbox 1711 427 1874 479; x_wconf 58' lang='lat' dir='ltr'><strong>lango&amp;</strong></span> <span class='ocrx_word' id='word_1_273' title='bbox 1943 428 2014 469; x_wconf 85' lang='lat' dir='ltr'><strong>De</strong></span> 
     </span>
     <span class='ocr_line' id='line_1_55' title="bbox 1137 490 2014 545; baseline -0.001 -13"><span class='ocrx_word' id='word_1_274' title='bbox 1137 492 1314 545; x_wconf 81' lang='lat' dir='ltr'><strong>Cerycis</strong></span> <span class='ocrx_word' id='word_1_275' title='bbox 1333 493 1448 544; x_wconf 82' lang='lat' dir='ltr'><strong>lege,</strong></span> <span class='ocrx_word' id='word_1_276' title='bbox 1460 505 1556 545; x_wconf 83' lang='lat' dir='ltr'><strong>quae</strong></span> <span class='ocrx_word' id='word_1_277' title='bbox 1576 492 1630 532; x_wconf 87' lang='lat' dir='ltr'><strong>ad</strong></span> <span class='ocrx_word' id='word_1_278' title='bbox 1645 491 1842 532; x_wconf 79' lang='lat' dir='ltr'><strong>Athenael</strong></span> <span class='ocrx_word' id='word_1_279' title='bbox 1857 490 2014 531; x_wconf 82' lang='lat' dir='ltr'><strong>librum</strong></span> 
     </span>
     <span class='ocr_line' id='line_1_56' title="bbox 1137 553 2015 606; baseline 0 -12"><span class='ocrx_word' id='word_1_280' title='bbox 1137 564 1233 594; x_wconf 78' lang='lat' dir='ltr'><strong>xlv.</strong></span> <span class='ocrx_word' id='word_1_281' title='bbox 1266 556 1335 594; x_wconf 74' lang='lat'><strong>23.</strong></span> <span class='ocrx_word' id='word_1_282' title='bbox 1371 554 1540 595; x_wconf 86' lang='lat' dir='ltr'><strong>notavit</strong></span> <span class='ocrx_word' id='word_1_283' title='bbox 1579 555 1764 606; x_wconf 84' lang='lat' dir='ltr'><strong>Magnus</strong></span> <span class='ocrx_word' id='word_1_284' title='bbox 1802 553 2015 595; x_wconf 81' lang='lat' dir='ltr'><strong>casaubo-</strong></span> 
     </span>
     <span class='ocr_line' id='line_1_57' title="bbox 1136 628 1230 659; baseline -0.021 0"><span class='ocrx_word' id='word_1_285' title='bbox 1136 628 1230 659; x_wconf 70' lang='lat' dir='ltr'><strong>mis.</strong></span> 
     </span>
    </p>

    <p class='ocr_par' dir='ltr' id='par_1_11' title="bbox 1135 679 2021 986">
     <span class='ocr_line' id='line_1_58' title="bbox 1190 679 2016 732; baseline 0 -12"><span class='ocrx_word' id='word_1_286' title='bbox 1190 679 1460 732; x_wconf 75' lang='lat' dir='ltr'><strong>Devoverent]</strong></span> <span class='ocrx_word' id='word_1_287' title='bbox 1505 679 1635 720; x_wconf 90' lang='lat' dir='ltr'><strong>Diras</strong></span> <span class='ocrx_word' id='word_1_288' title='bbox 1658 679 2016 731; x_wconf 69' lang='lat' dir='ltr'><strong>imprecarentur,</strong></span> 
     </span>
     <span class='ocr_line' id='line_1_59' title="bbox 1135 743 2017 798; baseline -0.002 -14"><span class='ocrx_word' id='word_1_289' title='bbox 1135 749 1268 798; x_wconf 85' lang='lat' dir='ltr'><strong>atque</strong></span> <span class='ocrx_word' id='word_1_290' title='bbox 1287 749 1611 784; x_wconf 83' lang='lat' dir='ltr'><strong>execrarentur.</strong></span> <span class='ocrx_word' id='word_1_291' title='bbox 1666 743 1773 783; x_wconf 83' lang='lat' dir='ltr'><strong>Mox</strong></span> <span class='ocrx_word' id='word_1_292' title='bbox 1792 743 1904 783; x_wconf 87' lang='lat' dir='ltr'><strong>enim</strong></span> <span class='ocrx_word' id='word_1_293' title='bbox 1925 744 1938 766; x_wconf 91' lang='lat'>‘</span> <span class='ocrx_word' id='word_1_294' title='bbox 1950 749 2017 783; x_wconf 84' lang='lat' dir='ltr'><strong>re·</strong></span> 
     </span>
     <span class='ocr_line' id='line_1_60' title="bbox 1138 807 2019 860; baseline -0.005 -10"><span class='ocrx_word' id='word_1_295' title='bbox 1138 809 1434 850; x_wconf 77' lang='lat' dir='ltr'><strong>sectationem&#39;</strong></span> <span class='ocrx_word' id='word_1_296' title='bbox 1451 809 1578 850; x_wconf 79' lang='lat' dir='ltr'><strong>,dixit</strong></span> <span class='ocrx_word' id='word_1_297' title='bbox 1602 819 1681 860; x_wconf 90' lang='lat' dir='ltr'><strong>pro</strong></span> <span class='ocrx_word' id='word_1_298' title='bbox 1700 807 1889 847; x_wconf 83' lang='lat' dir='ltr'><strong>dirarum</strong></span> <span class='ocrx_word' id='word_1_299' title='bbox 1909 808 2019 847; x_wconf 79' lang='lat' dir='ltr'><strong>solu·-</strong></span> 
     </span>
     <span class='ocr_line' id='line_1_61' title="bbox 1138 869 2019 914; baseline -0.005 0"><span class='ocrx_word' id='word_1_300' title='bbox 1138 869 1268 914; x_wconf 83' lang='lat' dir='ltr'><strong>tione.</strong></span> <span class='ocrx_word' id='word_1_301' title='bbox 1315 870 1609 912; x_wconf 84' lang='lat' dir='ltr'><strong>‘Devotionis&#39;</strong></span> <span class='ocrx_word' id='word_1_302' title='bbox 1649 882 1756 910; x_wconf 80' lang='lat' dir='ltr'><strong>voce</strong></span> <span class='ocrx_word' id='word_1_303' title='bbox 1792 870 1929 909; x_wconf 87' lang='lat' dir='ltr'><strong>utitur</strong></span> <span class='ocrx_word' id='word_1_304' title='bbox 1971 874 2019 910; x_wconf 90' lang='lat' dir='ltr'><strong>et</strong></span> 
     </span>
     <span class='ocr_line' id='line_1_62' title="bbox 1138 933 2021 986; baseline -0.006 -10"><span class='ocrx_word' id='word_1_305' title='bbox 1138 935 1363 977; x_wconf 86' lang='lat' dir='ltr'><strong>Sallustius</strong></span> <span class='ocrx_word' id='word_1_306' title='bbox 1381 936 1425 975; x_wconf 89' lang='lat' dir='ltr'><strong>in</strong></span> <span class='ocrx_word' id='word_1_307' title='bbox 1454 935 1582 976; x_wconf 87' lang='lat' dir='ltr'><strong>Catil.</strong></span> <span class='ocrx_word' id='word_1_308' title='bbox 1611 934 1786 986; x_wconf 88' lang='lat' dir='ltr'><strong>Conjur.</strong></span> <span class='ocrx_word' id='word_1_309' title='bbox 1811 938 1856 973; x_wconf 92' lang='lat' dir='ltr'><strong>et</strong></span> <span class='ocrx_word' id='word_1_310' title='bbox 1882 933 2021 973; x_wconf 82' lang='lat' dir='ltr'><strong>diser·</strong></span> 
     </span>
    </p>
   </div>
   <div class='ocr_carea' id='block_1_6' title="bbox 1132 995 2019 1039">
    <p class='ocr_par' dir='ltr' id='par_1_12' title="bbox 1132 995 2019 1039">
     <span class='ocr_line' id='line_1_63' title="bbox 1132 995 2019 1039; baseline -0.002 -1"><span class='ocrx_word' id='word_1_311' title='bbox 1132 999 1222 1039; x_wconf 62' lang='lat' dir='ltr'><strong>&gt;tius</strong></span> <span class='ocrx_word' id='word_1_312' title='bbox 1258 998 1425 1039; x_wconf 87' lang='lat' dir='ltr'><strong>Plutar.</strong></span> <span class='ocrx_word' id='word_1_313' title='bbox 1451 999 1494 1038; x_wconf 90' lang='lat' dir='ltr'><strong>in</strong></span> <span class='ocrx_word' id='word_1_314' title='bbox 1525 998 1612 1038; x_wconf 87' lang='lat' dir='ltr'><strong>vita</strong></span> <span class='ocrx_word' id='word_1_315' title='bbox 1631 998 1773 1038; x_wconf 84' lang='lat' dir='ltr'><strong>Crassi</strong></span> <span class='ocrx_word' id='word_1_316' title='bbox 1791 997 1846 1036; x_wconf 87' lang='lat' dir='ltr'><strong>de</strong></span> <span class='ocrx_word' id='word_1_317' title='bbox 1865 995 2019 1037; x_wconf 86' lang='lat' dir='ltr'><strong>Atteio</strong></span> 
     </span>
    </p>
   </div>
   <div class='ocr_carea' id='block_1_7' title="bbox 1137 1058 2035 3519">
    <p class='ocr_par' dir='ltr' id='par_1_13' title="bbox 1137 1058 2029 2132">
     <span class='ocr_line' id='line_1_64' title="bbox 1137 1058 2022 1114; baseline -0.002 -12"><span class='ocrx_word' id='word_1_318' title='bbox 1137 1062 1257 1103; x_wconf 88' lang='lat' dir='ltr'><strong>Trib.</strong></span> <span class='ocrx_word' id='word_1_319' title='bbox 1273 1063 1344 1102; x_wconf 89' lang='lat' dir='ltr'><strong>Pl.</strong></span> <span class='ocrx_word' id='word_1_320' title='bbox 1363 1062 1572 1114; x_wconf 86' lang='lat' dir='ltr'><strong>legendus</strong></span> <span class='ocrx_word' id='word_1_321' title='bbox 1588 1061 1839 1102; x_wconf 82' lang='lat' dir='ltr'><strong>Torrentius</strong></span> <span class='ocrx_word' id='word_1_322' title='bbox 1857 1058 1910 1100; x_wconf 91' lang='lat' dir='ltr'><strong>ad</strong></span> <span class='ocrx_word' id='word_1_323' title='bbox 1931 1059 2022 1100; x_wconf 89' lang='lat' dir='ltr'><strong>Ho-</strong></span> 
     </span>
     <span class='ocr_line' id='line_1_65' title="bbox 1139 1124 2020 1179; baseline -0.003 -12"><span class='ocrx_word' id='word_1_324' title='bbox 1139 1131 1223 1167; x_wconf 86' lang='lat' dir='ltr'><strong>rat.</strong></span> <span class='ocrx_word' id='word_1_325' title='bbox 1243 1126 1286 1166; x_wconf 90' lang='lat' dir='ltr'><strong>in</strong></span> <span class='ocrx_word' id='word_1_326' title='bbox 1301 1127 1440 1179; x_wconf 89' lang='lat' dir='ltr'><strong>Epod.</strong></span> <span class='ocrx_word' id='word_1_327' title='bbox 1459 1137 1504 1167; x_wconf 84' lang='lat' dir='ltr'><strong>v.</strong></span> <span class='ocrx_word' id='word_1_328' title='bbox 1525 1125 1580 1166; x_wconf 88' lang='lat' dir='ltr'><strong>ad</strong></span> <span class='ocrx_word' id='word_1_329' title='bbox 1594 1125 1714 1177; x_wconf 88' lang='lat' dir='ltr'><strong>illud,</strong></span> <span class='ocrx_word' id='word_1_330' title='bbox 1733 1127 1746 1150; x_wconf 87' lang='lat'>‘</span> <span class='ocrx_word' id='word_1_331' title='bbox 1759 1124 1877 1166; x_wconf 82' lang='lat' dir='ltr'><strong>Diris</strong></span> <span class='ocrx_word' id='word_1_332' title='bbox 1896 1136 2020 1176; x_wconf 80' lang='lat' dir='ltr'><strong>agam</strong></span> 
     </span>
     <span class='ocr_line' id='line_1_66' title="bbox 1139 1188 2021 1242; baseline -0.003 -11"><span class='ocrx_word' id='word_1_333' title='bbox 1139 1189 1247 1231; x_wconf 63' lang='lat' dir='ltr'><strong>vos?</strong></span> <span class='ocrx_word' id='word_1_334' title='bbox 1274 1189 1428 1231; x_wconf 71' lang='lat' dir='ltr'><strong>sehon.</strong></span> <span class='ocrx_word' id='word_1_335' title='bbox 1483 1189 1609 1242; x_wconf 84' lang='lat' dir='ltr'><strong>Aqua</strong></span> <span class='ocrx_word' id='word_1_336' title='bbox 1622 1194 1668 1229; x_wconf 87' lang='lat' dir='ltr'><strong>et</strong></span> <span class='ocrx_word' id='word_1_337' title='bbox 1685 1190 1774 1241; x_wconf 82' lang='lat' dir='ltr'><strong>igni</strong></span> <span class='ocrx_word' id='word_1_338' title='bbox 1792 1188 2021 1229; x_wconf 87' lang='lat' dir='ltr'><strong>interdice-</strong></span> 
     </span>
     <span class='ocr_line' id='line_1_67' title="bbox 1139 1253 2021 1305; baseline -0.002 -12"><span class='ocrx_word' id='word_1_339' title='bbox 1139 1258 1254 1305; x_wconf 89' lang='lat' dir='ltr'><strong>rent,</strong></span> <span class='ocrx_word' id='word_1_340' title='bbox 1284 1255 1392 1305; x_wconf 84' lang='lat' dir='ltr'><strong>sive‚</strong></span> <span class='ocrx_word' id='word_1_341' title='bbox 1431 1258 1479 1293; x_wconf 89' lang='lat' dir='ltr'><strong>ut</strong></span> <span class='ocrx_word' id='word_1_342' title='bbox 1517 1253 1643 1305; x_wconf 86' lang='lat' dir='ltr'><strong>vulgo</strong></span> <span class='ocrx_word' id='word_1_343' title='bbox 1670 1253 1915 1305; x_wconf 86' lang='lat' dir='ltr'><strong>loquuntur,</strong></span> <span class='ocrx_word' id='word_1_344' title='bbox 1948 1262 2021 1292; x_wconf 50' lang='lat' dir='ltr'><strong>ext</strong></span> 
     </span>
     <span class='ocr_line' id='line_1_68' title="bbox 1139 1315 2022 1358; baseline -0.003 0"><span class='ocrx_word' id='word_1_345' title='bbox 1139 1316 1516 1358; x_wconf 83' lang='lat' dir='ltr'><strong>communicarent.</strong></span> <span class='ocrx_word' id='word_1_346' title='bbox 1533 1316 1762 1356; x_wconf 80' lang='lat' dir='ltr'><strong>Cassaneus.</strong></span> <span class='ocrx_word' id='word_1_347' title='bbox 1794 1315 2022 1356; x_wconf 78' lang='lat' dir='ltr'><strong>Lambinus.</strong></span> 
     </span>
     <span class='ocr_line' id='line_1_69' title="bbox 1139 1375 2022 1430; baseline -0.003 -10"><span class='ocrx_word' id='word_1_348' title='bbox 1139 1379 1310 1421; x_wconf 80' lang='lat' dir='ltr'><strong>Glossae</strong></span> <span class='ocrx_word' id='word_1_349' title='bbox 1322 1379 1546 1420; x_wconf 75' lang='lat' dir='ltr'><strong>devotiones</strong></span> <span class='ocrx_word' id='word_1_350' title='bbox 1560 1375 1904 1430; x_wconf 85' lang='lat' dir='ltr'><strong>interpretantur</strong></span> <span class='ocrx_word' id='word_1_351' title='bbox 1925 1378 2022 1418; x_wconf 63' lang='grc' dir='ltr'><strong><em>ὁποι·</em></strong></span> 
     </span>
     <span class='ocr_line' id='line_1_70' title="bbox 1140 1440 2023 1492; baseline -0.002 -9"><span class='ocrx_word' id='word_1_352' title='bbox 1140 1441 1221 1483; x_wconf 61' lang='lat' dir='ltr'><strong>aas.</strong></span> <span class='ocrx_word' id='word_1_353' title='bbox 1262 1443 1348 1485; x_wconf 81' lang='lat' dir='ltr'><strong>Qui</strong></span> <span class='ocrx_word' id='word_1_354' title='bbox 1379 1443 1508 1483; x_wconf 89' lang='lat' dir='ltr'><strong>alium</strong></span> <span class='ocrx_word' id='word_1_355' title='bbox 1541 1442 1772 1492; x_wconf 83' lang='lat' dir='ltr'><strong>devovent,</strong></span> <span class='ocrx_word' id='word_1_356' title='bbox 1799 1441 1906 1481; x_wconf 87' lang='lat' dir='ltr'><strong>diris</strong></span> <span class='ocrx_word' id='word_1_357' title='bbox 1924 1440 2023 1481; x_wconf 85' lang='lat' dir='ltr'><strong>eum</strong></span> 
     </span>
     <span class='ocr_line' id='line_1_71' title="bbox 1141 1505 2026 1559; baseline 0 -13"><span class='ocrx_word' id='word_1_358' title='bbox 1141 1513 1186 1547; x_wconf 87' lang='lat' dir='ltr'><strong>et</strong></span> <span class='ocrx_word' id='word_1_359' title='bbox 1201 1505 1584 1559; x_wconf 82' lang='lat' dir='ltr'><strong>imprecationibus</strong></span> <span class='ocrx_word' id='word_1_360' title='bbox 1598 1505 1793 1557; x_wconf 81' lang='lat' dir='ltr'><strong>defigunt</strong></span> <span class='ocrx_word' id='word_1_361' title='bbox 1809 1517 1859 1545; x_wconf 89' lang='lat' dir='ltr'><strong>ac</strong></span> <span class='ocrx_word' id='word_1_362' title='bbox 1876 1505 2026 1546; x_wconf 85' lang='lat' dir='ltr'><strong>devin-</strong></span> 
     </span>
     <span class='ocr_line' id='line_1_72' title="bbox 1141 1568 2025 1612; baseline 0 -2"><span class='ocrx_word' id='word_1_363' title='bbox 1141 1570 1274 1611; x_wconf 87' lang='lat' dir='ltr'><strong>ciunt.</strong></span> <span class='ocrx_word' id='word_1_364' title='bbox 1334 1569 1462 1612; x_wconf 81' lang='lat' dir='ltr'><strong>Quod</strong></span> <span class='ocrx_word' id='word_1_365' title='bbox 1508 1575 1555 1610; x_wconf 93' lang='lat' dir='ltr'><strong>et</strong></span> <span class='ocrx_word' id='word_1_366' title='bbox 1598 1570 1612 1593; x_wconf 89' lang='lat'>‘</span> <span class='ocrx_word' id='word_1_367' title='bbox 1627 1568 1871 1610; x_wconf 86' lang='lat' dir='ltr'><strong>obsecrare’</strong></span> <span class='ocrx_word' id='word_1_368' title='bbox 1907 1568 2025 1610; x_wconf 86' lang='lat' dir='ltr'><strong>dice-</strong></span> 
     </span>
     <span class='ocr_line' id='line_1_73' title="bbox 1142 1630 2027 1685; baseline 0 -12"><span class='ocrx_word' id='word_1_369' title='bbox 1142 1631 1272 1674; x_wconf 86' lang='lat' dir='ltr'><strong>bant:</strong></span> <span class='ocrx_word' id='word_1_370' title='bbox 1292 1633 1414 1685; x_wconf 75' lang='lat' dir='ltr'><strong>cnjus</strong></span> <span class='ocrx_word' id='word_1_371' title='bbox 1433 1630 1695 1673; x_wconf 86' lang='lat' dir='ltr'><strong>contrarium</strong></span> <span class='ocrx_word' id='word_1_372' title='bbox 1732 1633 1745 1656; x_wconf 89' lang='lat'>‘</span> <span class='ocrx_word' id='word_1_373' title='bbox 1761 1641 1980 1673; x_wconf 85' lang='lat' dir='ltr'><strong>resecrare</strong></span> <span class='ocrx_word' id='word_1_374' title='bbox 1997 1631 2027 1682; x_wconf 73' lang='grc' dir='ltr'><strong>ς’</strong></span> 
     </span>
     <span class='ocr_line' id='line_1_74' title="bbox 1143 1697 2026 1751; baseline -0.001 -13"><span class='ocrx_word' id='word_1_375' title='bbox 1143 1697 1259 1751; x_wconf 89' lang='lat' dir='ltr'><strong>quod</strong></span> <span class='ocrx_word' id='word_1_376' title='bbox 1294 1703 1374 1749; x_wconf 86' lang='lat' dir='ltr'><strong>est,</strong></span> <span class='ocrx_word' id='word_1_377' title='bbox 1409 1697 1575 1737; x_wconf 85' lang='lat' dir='ltr'><strong>solvere</strong></span> <span class='ocrx_word' id='word_1_378' title='bbox 1620 1697 1938 1748; x_wconf 84' lang='lat' dir='ltr'><strong>obsecratione,</strong></span> <span class='ocrx_word' id='word_1_379' title='bbox 1974 1708 2026 1737; x_wconf 84' lang='lat' dir='ltr'><strong>ac</strong></span> 
     </span>
     <span class='ocr_line' id='line_1_75' title="bbox 1142 1759 2027 1812; baseline -0.003 -10"><span class='ocrx_word' id='word_1_380' title='bbox 1142 1761 1376 1802; x_wconf 85' lang='lat' dir='ltr'><strong>devotione</strong></span> <span class='ocrx_word' id='word_1_381' title='bbox 1394 1760 1594 1800; x_wconf 85' lang='lat' dir='ltr'><strong>liberare.</strong></span> <span class='ocrx_word' id='word_1_382' title='bbox 1623 1762 1636 1783; x_wconf 83' lang='lat'><strong>⁴</strong></span> <span class='ocrx_word' id='word_1_383' title='bbox 1651 1759 1780 1800; x_wconf 84' lang='lat' dir='ltr'><strong>Vota&#39;</strong></span> <span class='ocrx_word' id='word_1_384' title='bbox 1797 1760 1909 1812; x_wconf 85' lang='lat' dir='ltr'><strong>apud</strong></span> <span class='ocrx_word' id='word_1_385' title='bbox 1928 1759 2027 1800; x_wconf 87' lang='lat' dir='ltr'><strong>Vir-</strong></span> 
     </span>
     <span class='ocr_line' id='line_1_76' title="bbox 1145 1823 2026 1878; baseline -0.001 -12"><span class='ocrx_word' id='word_1_386' title='bbox 1145 1826 1309 1878; x_wconf 84' lang='lat' dir='ltr'><strong>gilium,</strong></span> <span class='ocrx_word' id='word_1_387' title='bbox 1349 1836 1430 1877; x_wconf 90' lang='lat' dir='ltr'><strong>pro</strong></span> <span class='ocrx_word' id='word_1_388' title='bbox 1475 1824 1778 1865; x_wconf 84' lang='lat' dir='ltr'><strong>devotionibus</strong></span> <span class='ocrx_word' id='word_1_389' title='bbox 1823 1823 2026 1876; x_wconf 84' lang='lat' dir='ltr'><strong>Magicis.</strong></span> 
     </span>
     <span class='ocr_line' id='line_1_77' title="bbox 1139 1886 2027 1939; baseline -0.003 -9"><span class='ocrx_word' id='word_1_390' title='bbox 1139 1886 1457 1939; x_wconf 71' lang='grc' dir='ltr'><strong><em>Ἀναθεματίζειν</em></strong></span> <span class='ocrx_word' id='word_1_391' title='bbox 1466 1888 1510 1927; x_wconf 91' lang='lat' dir='ltr'><strong>in</strong></span> <span class='ocrx_word' id='word_1_392' title='bbox 1522 1888 1656 1928; x_wconf 87' lang='lat' dir='ltr'><strong>Sacra</strong></span> <span class='ocrx_word' id='word_1_393' title='bbox 1671 1887 1897 1939; x_wconf 87' lang='lat' dir='ltr'><strong>Scriptura</strong></span> <span class='ocrx_word' id='word_1_394' title='bbox 1911 1886 2027 1927; x_wconf 75' lang='lat' dir='ltr'><strong>idem</strong></span> 
     </span>
     <span class='ocr_line' id='line_1_78' title="bbox 1145 1950 2027 2006; baseline -0.005 -12"><span class='ocrx_word' id='word_1_395' title='bbox 1145 1955 1294 1994; x_wconf 85' lang='lat' dir='ltr'><strong>volunt</strong></span> <span class='ocrx_word' id='word_1_396' title='bbox 1312 1950 1572 2006; x_wconf 81' lang='lat' dir='ltr'><strong>significare,</strong></span> <span class='ocrx_word' id='word_1_397' title='bbox 1590 1951 1704 2005; x_wconf 90' lang='lat' dir='ltr'><strong>quod</strong></span> <span class='ocrx_word' id='word_1_398' title='bbox 1718 1951 1873 1991; x_wconf 87' lang='lat' dir='ltr'><strong>Patres</strong></span> <span class='ocrx_word' id='word_1_399' title='bbox 1896 1950 1910 1974; x_wconf 72' lang='lat'><em>⁴</em></span> <span class='ocrx_word' id='word_1_400' title='bbox 1926 1962 2027 1990; x_wconf 82' lang='lat' dir='ltr'><strong>ana-</strong></span> 
     </span>
     <span class='ocr_line' id='line_1_79' title="bbox 1146 2014 2029 2058; baseline -0.005 0"><span class='ocrx_word' id='word_1_401' title='bbox 1146 2017 1383 2058; x_wconf 85' lang='lat' dir='ltr'><strong>thematum</strong></span> <span class='ocrx_word' id='word_1_402' title='bbox 1416 2016 1595 2056; x_wconf 81' lang='lat' dir='ltr'><strong>vinculis</strong></span> <span class='ocrx_word' id='word_1_403' title='bbox 1626 2014 1830 2055; x_wconf 87' lang='lat' dir='ltr'><strong>innodare</strong></span> <span class='ocrx_word' id='word_1_404' title='bbox 1860 2019 1907 2055; x_wconf 91' lang='lat' dir='ltr'><strong>et</strong></span> <span class='ocrx_word' id='word_1_405' title='bbox 1929 2026 2029 2056; x_wconf 87' lang='lat' dir='ltr'><strong>con·</strong></span> 
     </span>
     <span class='ocr_line' id='line_1_80' title="bbox 1147 2077 1892 2132; baseline -0.003 -12"><span class='ocrx_word' id='word_1_406' title='bbox 1147 2079 1379 2132; x_wconf 63' lang='lat' dir='ltr'><strong>stringere*</strong></span> <span class='ocrx_word' id='word_1_407' title='bbox 1392 2091 1510 2130; x_wconf 79' lang='lat' dir='ltr'><strong>saepe</strong></span> <span class='ocrx_word' id='word_1_408' title='bbox 1528 2078 1694 2119; x_wconf 88' lang='lat' dir='ltr'><strong>dicunt.</strong></span> <span class='ocrx_word' id='word_1_409' title='bbox 1723 2077 1892 2118; x_wconf 73' lang='lat' dir='ltr'><strong>Salmas.</strong></span> 
     </span>
    </p>

    <p class='ocr_par' dir='ltr' id='par_1_14' title="bbox 1143 2138 2035 3139">
     <span class='ocr_line' id='line_1_81' title="bbox 1200 2138 2029 2195; baseline -0.004 -12"><span class='ocrx_word' id='word_1_410' title='bbox 1200 2143 1251 2183; x_wconf 81' lang='lat' dir='ltr'><strong>In</strong></span> <span class='ocrx_word' id='word_1_411' title='bbox 1281 2143 1364 2195; x_wconf 79' lang='lat' dir='ltr'><strong>pilu</strong></span> <span class='ocrx_word' id='word_1_412' title='bbox 1395 2140 1566 2194; x_wconf 76' lang='lat' dir='ltr'><strong>lapidea]</strong></span> <span class='ocrx_word' id='word_1_413' title='bbox 1607 2141 1706 2182; x_wconf 87' lang='lat' dir='ltr'><strong>Hoc</strong></span> <span class='ocrx_word' id='word_1_414' title='bbox 1736 2138 1830 2181; x_wconf 87' lang='lat' dir='ltr'><strong>fere</strong></span> <span class='ocrx_word' id='word_1_415' title='bbox 1861 2140 2029 2181; x_wconf 82' lang='lat' dir='ltr'><strong>solebat</strong></span> 
     </span>
     <span class='ocr_line' id='line_1_82' title="bbox 1143 2203 2030 2257; baseline -0.003 -10"><span class='ocrx_word' id='word_1_416' title='bbox 1143 2206 1242 2247; x_wconf 85' lang='lat' dir='ltr'><strong>fieri</strong></span> <span class='ocrx_word' id='word_1_417' title='bbox 1259 2206 1303 2246; x_wconf 90' lang='lat' dir='ltr'><strong>in</strong></span> <span class='ocrx_word' id='word_1_418' title='bbox 1322 2205 1566 2257; x_wconf 88' lang='lat' dir='ltr'><strong>damnatos,</strong></span> <span class='ocrx_word' id='word_1_419' title='bbox 1590 2210 1636 2245; x_wconf 92' lang='lat' dir='ltr'><strong>et</strong></span> <span class='ocrx_word' id='word_1_420' title='bbox 1649 2203 1827 2244; x_wconf 81' lang='lat' dir='ltr'><strong>infamia</strong></span> <span class='ocrx_word' id='word_1_421' title='bbox 1843 2208 2030 2245; x_wconf 88' lang='lat' dir='ltr'><strong>notatos.</strong></span> 
     </span>
     <span class='ocr_line' id='line_1_83' title="bbox 1146 2266 2030 2322; baseline -0.005 -12"><span class='ocrx_word' id='word_1_422' title='bbox 1146 2269 1302 2322; x_wconf 84' lang='lat' dir='ltr'><strong>Itaque</strong></span> <span class='ocrx_word' id='word_1_423' title='bbox 1334 2267 1541 2318; x_wconf 72' lang='grc' dir='ltr'><strong><em>στηλίτης,</em></strong></span> <span class='ocrx_word' id='word_1_424' title='bbox 1571 2266 1745 2308; x_wconf 82' lang='lat' dir='ltr'><strong>infamia</strong></span> <span class='ocrx_word' id='word_1_425' title='bbox 1762 2266 1937 2320; x_wconf 87' lang='lat' dir='ltr'><strong>publice</strong></span> <span class='ocrx_word' id='word_1_426' title='bbox 1955 2278 2030 2307; x_wconf 86' lang='lat' dir='ltr'><strong>no·</strong></span> 
     </span>
     <span class='ocr_line' id='line_1_84' title="bbox 1147 2330 2030 2382; baseline -0.005 -9"><span class='ocrx_word' id='word_1_427' title='bbox 1147 2336 1290 2382; x_wconf 80' lang='lat' dir='ltr'><strong>tatus3</strong></span> <span class='ocrx_word' id='word_1_428' title='bbox 1336 2336 1382 2372; x_wconf 88' lang='lat' dir='ltr'><strong>et</strong></span> <span class='ocrx_word' id='word_1_429' title='bbox 1421 2331 1718 2380; x_wconf 71' lang='grc' dir='ltr'><strong><em>στηλιτευθῆναι</em></strong></span> <span class='ocrx_word' id='word_1_430' title='bbox 1759 2330 2030 2381; x_wconf 86' lang='lat' dir='ltr'><strong>dicebantur,</strong></span> 
     </span>
     <span class='ocr_line' id='line_1_85' title="bbox 1149 2392 2030 2448; baseline -0.001 -12"><span class='ocrx_word' id='word_1_431' title='bbox 1149 2407 1325 2448; x_wconf 89' lang='lat' dir='ltr'><strong>quorum</strong></span> <span class='ocrx_word' id='word_1_432' title='bbox 1338 2395 1451 2436; x_wconf 89' lang='lat' dir='ltr'><strong>bona</strong></span> <span class='ocrx_word' id='word_1_433' title='bbox 1463 2399 1588 2435; x_wconf 89' lang='lat' dir='ltr'><strong>erant</strong></span> <span class='ocrx_word' id='word_1_434' title='bbox 1602 2393 1836 2446; x_wconf 88' lang='lat' dir='ltr'><strong>publicata.</strong></span> <span class='ocrx_word' id='word_1_435' title='bbox 1848 2392 2030 2435; x_wconf 77' lang='lat' dir='ltr'><strong>Lambin.</strong></span> 
     </span>
     <span class='ocr_line' id='line_1_86' title="bbox 1148 2455 2030 2508; baseline -0.005 -9"><span class='ocrx_word' id='word_1_436' title='bbox 1148 2459 1370 2499; x_wconf 76' lang='lat' dir='ltr'><strong>Boeclerus.</strong></span> <span class='ocrx_word' id='word_1_437' title='bbox 1398 2457 1536 2508; x_wconf 84' lang='lat' dir='ltr'><strong>Infra,</strong></span> <span class='ocrx_word' id='word_1_438' title='bbox 1564 2468 1648 2497; x_wconf 88' lang='lat' dir='ltr'><strong>non</strong></span> <span class='ocrx_word' id='word_1_439' title='bbox 1673 2467 1814 2506; x_wconf 87' lang='lat' dir='ltr'><strong>unam,</strong></span> <span class='ocrx_word' id='word_1_440' title='bbox 1840 2455 1917 2496; x_wconf 90' lang='lat' dir='ltr'><strong>sed</strong></span> <span class='ocrx_word' id='word_1_441' title='bbox 1937 2455 2030 2507; x_wconf 89' lang='lat' dir='ltr'><strong>pln-</strong></span> 
     </span>
     <span class='ocr_line' id='line_1_87' title="bbox 1148 2518 2030 2572; baseline -0.003 -11"><span class='ocrx_word' id='word_1_442' title='bbox 1148 2533 1217 2561; x_wconf 87' lang='lat' dir='ltr'><strong>res</strong></span> <span class='ocrx_word' id='word_1_443' title='bbox 1231 2519 1365 2561; x_wconf 81' lang='lat' dir='ltr'><strong>fuisse</strong></span> <span class='ocrx_word' id='word_1_444' title='bbox 1386 2520 1494 2572; x_wconf 85' lang='lat' dir='ltr'><strong>pilas</strong></span> <span class='ocrx_word' id='word_1_445' title='bbox 1508 2519 1793 2569; x_wconf 88' lang='lat' dir='ltr'><strong>demonstrat,</strong></span> <span class='ocrx_word' id='word_1_446' title='bbox 1817 2518 1862 2558; x_wconf 89' lang='lat' dir='ltr'><strong>in</strong></span> <span class='ocrx_word' id='word_1_447' title='bbox 1876 2518 2030 2572; x_wconf 89' lang='lat' dir='ltr'><strong>quibus</strong></span> 
     </span>
     <span class='ocr_line' id='line_1_88' title="bbox 1149 2580 2030 2631; baseline -0.005 -7"><span class='ocrx_word' id='word_1_448' title='bbox 1149 2584 1369 2624; x_wconf 85' lang='lat' dir='ltr'><strong>execratio</strong></span> <span class='ocrx_word' id='word_1_449' title='bbox 1405 2588 1520 2623; x_wconf 86' lang='lat' dir='ltr'><strong>esset</strong></span> <span class='ocrx_word' id='word_1_450' title='bbox 1555 2582 1701 2623; x_wconf 87' lang='lat' dir='ltr'><strong>incisa.</strong></span> <span class='ocrx_word' id='word_1_451' title='bbox 1751 2582 1865 2631; x_wconf 81' lang='lat' dir='ltr'><strong>Mag.</strong></span> <span class='ocrx_word' id='word_1_452' title='bbox 1932 2580 2030 2621; x_wconf 82' lang='lat' dir='ltr'><strong>Nec</strong></span> 
     </span>
     <span class='ocr_line' id='line_1_89' title="bbox 1148 2643 2031 2696; baseline -0.005 -11"><span class='ocrx_word' id='word_1_453' title='bbox 1148 2646 1284 2686; x_wconf 89' lang='lat' dir='ltr'><strong>solum</strong></span> <span class='ocrx_word' id='word_1_454' title='bbox 1314 2644 1609 2685; x_wconf 84' lang='lat' dir='ltr'><strong>damnationes</strong></span> <span class='ocrx_word' id='word_1_455' title='bbox 1640 2643 1850 2696; x_wconf 83' lang='lat' dir='ltr'><strong>capitales</strong></span> <span class='ocrx_word' id='word_1_456' title='bbox 1870 2646 1915 2682; x_wconf 87' lang='lat' dir='ltr'><strong>et</strong></span> <span class='ocrx_word' id='word_1_457' title='bbox 1934 2653 2031 2694; x_wconf 89' lang='lat' dir='ltr'><strong>pro·</strong></span> 
     </span>
     <span class='ocr_line' id='line_1_90' title="bbox 1149 2705 2031 2761; baseline -0.003 -13"><span class='ocrx_word' id='word_1_458' title='bbox 1149 2708 1418 2761; x_wconf 87' lang='lat' dir='ltr'><strong>scriptiones,</strong></span> <span class='ocrx_word' id='word_1_459' title='bbox 1435 2707 1511 2748; x_wconf 89' lang='lat' dir='ltr'><strong>sed</strong></span> <span class='ocrx_word' id='word_1_460' title='bbox 1525 2708 1657 2748; x_wconf 89' lang='lat' dir='ltr'><strong>etiam</strong></span> <span class='ocrx_word' id='word_1_461' title='bbox 1671 2707 1841 2746; x_wconf 79' lang='lat' dir='ltr'><strong>mulctae</strong></span> <span class='ocrx_word' id='word_1_462' title='bbox 1864 2719 1889 2746; x_wconf 88' lang='lat' dir='ltr'><strong>a</strong></span> <span class='ocrx_word' id='word_1_463' title='bbox 1907 2705 2031 2746; x_wconf 78' lang='lat' dir='ltr'><strong>Grae·</strong></span> 
     </span>
     <span class='ocr_line' id='line_1_91' title="bbox 1150 2768 2032 2823; baseline -0.006 -11"><span class='ocrx_word' id='word_1_464' title='bbox 1150 2772 1211 2812; x_wconf 88' lang='lat' dir='ltr'><strong>cis</strong></span> <span class='ocrx_word' id='word_1_465' title='bbox 1230 2772 1430 2823; x_wconf 85' lang='lat' dir='ltr'><strong>irrogatae</strong></span> <span class='ocrx_word' id='word_1_466' title='bbox 1451 2770 1548 2821; x_wconf 88' lang='lat' dir='ltr'><strong>pilis</strong></span> <span class='ocrx_word' id='word_1_467' title='bbox 1564 2769 1880 2810; x_wconf 80' lang='lat' dir='ltr'><strong>incidebantur.</strong></span> <span class='ocrx_word' id='word_1_468' title='bbox 1925 2768 2032 2808; x_wconf 86' lang='lat' dir='ltr'><strong>Dio·</strong></span> 
     </span>
     <span class='ocr_line' id='line_1_92' title="bbox 1151 2828 2035 2884; baseline -0.003 -10"><span class='ocrx_word' id='word_1_469' title='bbox 1151 2834 1282 2874; x_wconf 85' lang='lat' dir='ltr'><strong>dorus</strong></span> <span class='ocrx_word' id='word_1_470' title='bbox 1303 2844 1397 2874; x_wconf 68' lang='lat' dir='ltr'><strong>xvr.</strong></span> <span class='ocrx_word' id='word_1_471' title='bbox 1422 2832 1471 2871; x_wconf 69' lang='grc' dir='ltr'>Ὀ</span> <span class='ocrx_word' id='word_1_472' title='bbox 1489 2830 1531 2871; x_wconf 75' lang='grc' dir='ltr'><strong>δὲ</strong></span> <span class='ocrx_word' id='word_1_473' title='bbox 1550 2829 1771 2881; x_wconf 70' lang='grc' dir='ltr'><strong><em>Φιλόμηλος</em></strong></span> <span class='ocrx_word' id='word_1_474' title='bbox 1791 2828 1966 2884; x_wconf 71' lang='grc' dir='ltr'><strong>ἐπαρθεὶς</strong></span> <span class='ocrx_word' id='word_1_475' title='bbox 1981 2831 2035 2884; x_wconf 74' lang='grc' dir='ltr'><strong>τῇ</strong></span> 
     </span>
     <span class='ocr_line' id='line_1_93' title="bbox 1151 2894 2032 2950; baseline -0.003 -13"><span class='ocrx_word' id='word_1_476' title='bbox 1151 2896 1237 2950; x_wconf 70' lang='grc' dir='ltr'><strong><em>νίκῃ</em></strong></span> <span class='ocrx_word' id='word_1_477' title='bbox 1272 2897 1327 2937; x_wconf 88' lang='lat' dir='ltr'><strong>de</strong></span> <span class='ocrx_word' id='word_1_478' title='bbox 1355 2896 1504 2937; x_wconf 88' lang='lat' dir='ltr'><strong>Locris</strong></span> <span class='ocrx_word' id='word_1_479' title='bbox 1529 2900 1656 2948; x_wconf 87' lang='lat' dir='ltr'><strong>parta</strong></span> <span class='ocrx_word' id='word_1_480' title='bbox 1680 2894 1753 2935; x_wconf 77' lang='grc' dir='ltr'><strong>τὰς</strong></span> <span class='ocrx_word' id='word_1_481' title='bbox 1775 2897 1854 2935; x_wconf 79' lang='grc' dir='ltr'><strong>τῶν</strong></span> <span class='ocrx_word' id='word_1_482' title='bbox 1869 2894 2032 2946; x_wconf 55' lang='lat' dir='ltr'><strong>&#39;Appen-</strong></span> 
     </span>
     <span class='ocr_line' id='line_1_94' title="bbox 1149 2958 2033 3011; baseline -0.005 -9"><span class='ocrx_word' id='word_1_483' title='bbox 1149 2959 1296 3002; x_wconf 78' lang='grc' dir='ltr'><strong><em>τυόνων</em></strong></span> <span class='ocrx_word' id='word_1_484' title='bbox 1311 2959 1525 3011; x_wconf 71' lang='grc' dir='ltr'><strong><em>ἀποφάσεις</em></strong></span> <span class='ocrx_word' id='word_1_485' title='bbox 1555 2958 1600 3000; x_wconf 84' lang='grc' dir='ltr'><strong>ἔκ</strong></span> <span class='ocrx_word' id='word_1_486' title='bbox 1625 2974 1674 2999; x_wconf 78' lang='grc' dir='ltr'><strong>τε</strong></span> <span class='ocrx_word' id='word_1_487' title='bbox 1690 2961 1768 2999; x_wconf 76' lang='grc' dir='ltr'><strong>τῶν</strong></span> <span class='ocrx_word' id='word_1_488' title='bbox 1791 2961 1951 3008; x_wconf 70' lang='grc' dir='ltr'><strong><em>στηλῶν</em></strong></span> <span class='ocrx_word' id='word_1_489' title='bbox 1974 2959 2033 3010; x_wconf 75' lang='grc' dir='ltr'><strong>ἐξ·</strong></span> 
     </span>
     <span class='ocr_line' id='line_1_95' title="bbox 1152 3021 2032 3076; baseline 0 -11"><span class='ocrx_word' id='word_1_490' title='bbox 1152 3024 1281 3076; x_wconf 71' lang='grc' dir='ltr'><strong><em>ἔκοψε,</em></strong></span> <span class='ocrx_word' id='word_1_491' title='bbox 1298 3023 1364 3064; x_wconf 77' lang='grc' dir='ltr'><strong>καὶ</strong></span> <span class='ocrx_word' id='word_1_492' title='bbox 1385 3022 1439 3064; x_wconf 80' lang='grc' dir='ltr'><strong>τὰ</strong></span> <span class='ocrx_word' id='word_1_493' title='bbox 1466 3022 1555 3076; x_wconf 73' lang='grc' dir='ltr'><strong>περὶ</strong></span> <span class='ocrx_word' id='word_1_494' title='bbox 1569 3026 1648 3064; x_wconf 76' lang='grc' dir='ltr'><strong>τῶν</strong></span> <span class='ocrx_word' id='word_1_495' title='bbox 1675 3022 1891 3065; x_wconf 72' lang='grc' dir='ltr'><strong><em>καταδίκων</em></strong></span> <span class='ocrx_word' id='word_1_496' title='bbox 1907 3021 2032 3076; x_wconf 74' lang='grc' dir='ltr'><strong><em>’γράμ-</em></strong></span> 
     </span>
     <span class='ocr_line' id='line_1_96' title="bbox 1150 3088 1497 3139; baseline 0 -11"><span class='ocrx_word' id='word_1_497' title='bbox 1150 3103 1268 3139; x_wconf 82' lang='grc' dir='ltr'><strong><em>ματα.</em></strong></span> <span class='ocrx_word' id='word_1_498' title='bbox 1299 3088 1497 3129; x_wconf 70' lang='lat' dir='ltr'><strong>Gebhard.</strong></span> 
     </span>
    </p>

    <p class='ocr_par' dir='ltr' id='par_1_15' title="bbox 1150 3150 2034 3329">
     <span class='ocr_line' id='line_1_97' title="bbox 1205 3150 2033 3202; baseline -0.002 -9"><span class='ocrx_word' id='word_1_499' title='bbox 1205 3152 1518 3193; x_wconf 70' lang='lat' dir='ltr'><strong>Laeodaemonem</strong></span> <span class='ocrx_word' id='word_1_500' title='bbox 1549 3151 1806 3202; x_wconf 52' lang='lat' dir='ltr'><strong>demigrat-ie]</strong></span> <span class='ocrx_word' id='word_1_501' title='bbox 1860 3150 2033 3191; x_wconf 73' lang='lat' dir='ltr'><strong>Plutar-</strong></span> 
     </span>
     <span class='ocr_line' id='line_1_98' title="bbox 1153 3213 2034 3259; baseline -0.001 -4"><span class='ocrx_word' id='word_1_502' title='bbox 1153 3215 1255 3255; x_wconf 86' lang='lat' dir='ltr'><strong>chus</strong></span> <span class='ocrx_word' id='word_1_503' title='bbox 1282 3214 1325 3259; x_wconf 70' lang='lat' dir='ltr'><strong>in</strong></span> <span class='ocrx_word' id='word_1_504' title='bbox 1355 3214 1572 3254; x_wconf 85' lang='lat' dir='ltr'><strong>Alcibiad.</strong></span> <span class='ocrx_word' id='word_1_505' title='bbox 1600 3214 1784 3254; x_wconf 87' lang='lat' dir='ltr'><strong>Diodor.</strong></span> <span class='ocrx_word' id='word_1_506' title='bbox 1818 3224 1919 3254; x_wconf 85' lang='lat' dir='ltr'><strong>xur.</strong></span> <span class='ocrx_word' id='word_1_507' title='bbox 1947 3213 2034 3254; x_wconf 85' lang='lat' dir='ltr'><strong>Po·</strong></span> 
     </span>
     <span class='ocr_line' id='line_1_99' title="bbox 1150 3276 2027 3329; baseline 0 -12"><span class='ocrx_word' id='word_1_508' title='bbox 1150 3277 1278 3329; x_wconf 81' lang='lat' dir='ltr'><strong>lyaen.</strong></span> <span class='ocrx_word' id='word_1_509' title='bbox 1296 3286 1330 3315; x_wconf 86' lang='lat'><strong>1.</strong></span> <span class='ocrx_word' id='word_1_510' title='bbox 1344 3277 1478 3316; x_wconf 88' lang='lat' dir='ltr'><strong>Strat.</strong></span> <span class='ocrx_word' id='word_1_511' title='bbox 1500 3277 1624 3316; x_wconf 88' lang='lat' dir='ltr'><strong>Oros.</strong></span> <span class='ocrx_word' id='word_1_512' title='bbox 1644 3287 1698 3317; x_wconf 83' lang='grc' dir='ltr'><strong>ιι.</strong></span> <span class='ocrx_word' id='word_1_513' title='bbox 1719 3279 1779 3318; x_wconf 75' lang='grc'><strong>14.</strong></span> <span class='ocrx_word' id='word_1_514' title='bbox 1799 3276 1962 3318; x_wconf 83' lang='lat' dir='ltr'><strong>Justin.</strong></span> <span class='ocrx_word' id='word_1_515' title='bbox 1982 3285 2027 3317; x_wconf 76' lang='lat' dir='ltr'><strong>v,</strong></span> 
     </span>
    </p>

    <p class='ocr_par' dir='ltr' id='par_1_16' title="bbox 1151 3337 2032 3519">
     <span class='ocr_line' id='line_1_100' title="bbox 1206 3337 2032 3390; baseline -0.001 -11"><span class='ocrx_word' id='word_1_516' title='bbox 1206 3340 1272 3379; x_wconf 76' lang='lat' dir='ltr'><strong>Ibi</strong></span> <span class='ocrx_word' id='word_1_517' title='bbox 1315 3343 1362 3378; x_wconf 76' lang='lat' dir='ltr'><strong>ut</strong></span> <span class='ocrx_word' id='word_1_518' title='bbox 1397 3340 1477 3390; x_wconf 80' lang='lat' dir='ltr'><strong>ipse</strong></span> <span class='ocrx_word' id='word_1_519' title='bbox 1511 3340 1730 3390; x_wconf 65' lang='lat' dir='ltr'><strong>praedicare</strong></span> <span class='ocrx_word' id='word_1_520' title='bbox 1762 3337 2032 3390; x_wconf 63' lang='lat' dir='ltr'><strong>conaverat]</strong></span> 
     </span>
     <span class='ocr_line' id='line_1_101' title="bbox 1151 3402 2030 3454; baseline 0 -12"><span class='ocrx_word' id='word_1_521' title='bbox 1151 3403 1308 3442; x_wconf 81' lang='lat' dir='ltr'><strong>Exstat</strong></span> <span class='ocrx_word' id='word_1_522' title='bbox 1341 3402 1560 3454; x_wconf 84' lang='lat' dir='ltr'><strong>popularis</strong></span> <span class='ocrx_word' id='word_1_523' title='bbox 1595 3403 1748 3443; x_wconf 82' lang='lat' dir='ltr'><strong>concio</strong></span> <span class='ocrx_word' id='word_1_524' title='bbox 1781 3403 1863 3444; x_wconf 86' lang='lat' dir='ltr'><strong>hac</strong></span> <span class='ocrx_word' id='word_1_525' title='bbox 1895 3403 1950 3445; x_wconf 90' lang='lat' dir='ltr'><strong>de</strong></span> <span class='ocrx_word' id='word_1_526' title='bbox 1982 3412 2030 3443; x_wconf 89' lang='lat' dir='ltr'><strong>re</strong></span> 
     </span>
     <span class='ocr_line' id='line_1_102' title="bbox 1152 3464 1787 3519; baseline 0.002 -13"><span class='ocrx_word' id='word_1_527' title='bbox 1152 3464 1267 3518; x_wconf 86' lang='lat' dir='ltr'><strong>apud</strong></span> <span class='ocrx_word' id='word_1_528' title='bbox 1283 3464 1593 3517; x_wconf 83' lang='lat' dir='ltr'><strong>Thucydidem.</strong></span> <span class='ocrx_word' id='word_1_529' title='bbox 1621 3464 1787 3519; x_wconf 65' lang='lat' dir='ltr'><strong>Lougoi.</strong></span> 
     </span>
    </p>
   </div>
  </div>
 </body>
</html>
