2306 3900
684 298 847 338 XXV.

166 424 457 467 teremerunt„
499 420 714 461 Caeterum
745 418 933 470 scriptus
964 417 1046 458 Co·

167 485 268 536 dex,
303 497 429 538 quem
469 484 672 525 Schottus
710 482 927 535 producit,
959 494 1046 522 non

164 547 463 600 multitudinis,
479 546 557 588 sed
575 547 837 599 singulorum
850 557 1044 596 numero,

162 610 471 659 heieBrutum
506 609 627 662 legit.
692 609 883 662 Vulgata
913 608 1044 649 lectio

163 672 280 714 hand
299 672 595 724 improbanda.
651 671 766 712 Nam
795 671 883 712 duo
899 671 1044 722 Bruti,

164 736 230 778 M.
256 741 301 777 et
331 736 509 788 Decius,
534 734 728 788 ejusdem
760 733 963 776 facinoris
978 734 1043 775 rei

163 798 300 842 fuere.
328 801 532 841 Keuchen.

213 864 278 904 Ac
300 867 386 904 tota
401 864 544 904 civitas
558 875 601 904 se
627 865 679 904 ad
695 876 782 905 eum
809 861 1044 904 convertisse

160 925 379 978 videretur]
397 927 550 968 Cicero
564 928 608 968 iu
623 927 792 968 Somnio
805 927 1041 979 Scipionis:

160 990 246 1031 ‘·1n
265 996 311 1032 te
342 1003 486 1039 unum,
504 995 635 1043 atque
666 991 709 1030 in
728 984 860 1031 'tmtm
886 1002 1042 1032 nomen

162 1058 266 1095 tota*
285 1059 510 1095 convertet
537 1053 722 1102 civitas?-
739 1054 894 1094 Schott.
935 1054 1042 1095 Mss.

161 1116 309 1159 Gifan.
339 1123 386 1159 et
415 1118 593 1159 Leiden.
620 1119 672 1158 ad
703 1130 766 1158 eos
796 1118 1040 1159 convertisse.

158 1181 258 1222 Non
277 1182 402 1222 male.
431 1181 590 1222 Rosius.

211 1244 284 1285 Sic
301 1245 366 1285 M.
387 1244 520 1284 Bruto
537 1257 628 1284 usus
644 1244 722 1296 est]
741 1243 880 1286 Infra:
916 1247 928 1268 ‘
947 1243 1040 1285 Hu-

155 1307 376 1357 manitatis
395 1308 558 1349 nullum
575 1307 748 1349 adferre
767 1309 903 1361 majus
923 1309 1042 1350 testi-

156 1370 344 1413 monium
364 1382 552 1423 possum,
583 1383 710 1424 quam
736 1371 850 1425 quod
877 1371 1042 1412 adoles·

155 1445 258 1476 cens
277 1433 395 1475 idem.
410 1435 501 1475 seni
519 1435 647 1475 Sullae
667 1433 799 1475 fuerit
817 1434 1040 1486 jucundis-

156 1497 304 1550 simus,
329 1509 462 1538 senex
493 1497 758 1539 adolescenti
786 1498 851 1538 M.
874 1497 1040 1539 Bruto?

205 1559 460 1612 Adolescens]
499 1560 635 1615 Atqui
669 1560 1037 1622 quadragenarius

153 1628 264 1675 erat,
283 1624 444 1677 qnippe
470 1623 544 1677 qui
576 1628 810 1676 praeturam
843 1623 1037 1677 gerebat.

152 1688 316 1730 Verum
350 1687 644 1729 adolescentia
681 1686 737 1727 ad
770 1686 1037 1729 tricesimum

153 1762 293 1805 usque
319 1762 476 1791 annum
496 1750 705 1803 pertinet,
733 1755 910 1791 auctore
927 1751 1037 1791 Var-

152 1825 284 1854 rone:
313 1813 453 1855 velex
471 1813 684 1854 divisione
699 1819 878 1855 aetatum
897 1814 1035 1855 Servii

151 1875 301 1926 Tullii,
318 1887 345 1916 a
364 1886 481 1917 xvir.
510 1887 647 1929 usqne
665 1875 719 1916 ad
740 1886 864 1919 var.
884 1888 1036 1928 prove-

154 1939 299 1991 hitur3
326 1945 376 1982 ut
395 1945 461 1981 est
479 1951 597 1993 saepe
617 1938 671 1980 ab
692 1939 943 1994 antiquariis
963 1940 1038 1982 ob·

151 2009 386 2046 servatum.
415 2003 571 2045 Schott.

209 2069 265 2109 Ut
281 2070 484 2122 privatum
503 2069 691 2110 oernrium
725 2069 897 2110 cmm-is
912 2070 1035 2111 inter-

138 2131 362 2180 fectoribus
378 2132 428 2173 ab
456 2132 669 2184 Equitibus
686 2132 878 2173 Romanis
892 2133 1034 2173 consti-

150 2195 346 2248 tueretur]
375 2196 539 2237 Nullibi
553 2195 656 2238 alibi
673 2196 904 2248 reperitur,
918 2195 1035 2249 quod

147 2258 218 2299 hic
238 2271 265 2298 a
284 2258 455 2311 Nepote
477 2258 694 2301 traditum.
750 2258 896 2300 Simile
915 2259 1036 2313 quip-

102 2325 108 2328 “
148 2322 266 2373 piam
282 2333 308 2362 a
327 2322 455 2364 Floro
471 2321 673 2373 refertur,
684 2322 738 2363 de
749 2322 929 2373 Senatu,
943 2322 1035 2375 qui,

148 2384 382 2428 deficiente
398 2386 585 2439 pecunia
603 2386 792 2438 publica,
810 2398 915 2439 opes
935 2398 1034 2427 snas

147 2448 270 2488 velut
285 2459 340 2489 ex
369 2448 523 2490 aerario
554 2449 608 2490 ad
629 2449 880 2502 reipublicae
899 2449 1035 2490 subsi-

151 2510 270 2553 dium
286 2511 487 2552 contulit.
515 2507 683 2553 Lib.'n.
701 2515 743 2553 6.
771 2513 972 2555 ΚειιεΙιεη.

156 2611 161 2615 .
205 2573 303 2614 Ceio
320 2574 472 2626 Flavio,
503 2575 632 2615 Bruti
653 2574 874 2628 familiam]
902 2576 1032 2618 Vide·

145 2641 218 2681 tur
245 2637 318 2679 bic
355 2648 449 2678 esse
479 2637 667 2689 Flavius,
701 2650 828 2690 quem
862 2639 1032 2679 Drusus

146 2699 347 2741 Ciceroni
381 2699 654 2741 commendat
701 2700 783 2754 Ep.
817 2700 872 2741 ad
906 2702 1032 2744 Brut.

147 2763 439 2805 Heidmamvus.
502 2763 706 2805 Meminit
736 2765 829 2817 ejus
861 2765 1035 2806 Plutar-

146 2826 251 2867 chus
271 2826 314 2866 in
336 2826 503 2876 Bruto;
531 2831 580 2868 ut
593 2825 824 2869 familiaris.
844 2833 891 2869 et
910 2828 1033 2870 Cice·

144 2902 191 2931 ro
230 2890 273 2930 in
310 2888 538 2942 fragment.
579 2890 722 2943 Epist.
760 2891 815 2932 ad
847 2892 1033 2933 Brutum

146 2952 262 3004 apud
297 2952 651 2996 Quinctiliannm.
682 2954 757 2996 lib.
775 2959 898 2996 lx.2.
924 2955 1032 2996 etin

145 3015 274 3056 Bruti
293 3016 429 3057 nnmis
452 3027 741 3058 mc..rnorn.
755 3017 1032 3070 designatum

144 3077 227 3119 hoc
245 3083 330 3128 est,
345 3079 533 3131 Legatus
552 3079 859 3132 Propraetoris.
877 3080 1031 3124 Sclwtt.

165 3184 169 3187 J
207 3139 515 3192 collocuturum,
541 3154 661 3194 neque
689 3143 904 3196 coitur-um]
933 3145 1031 3185 Col·

145 3204 263 3256 loqui
286 3204 520 3255 privatim3
548 3206 666 3247 coire
697 3219 813 3258 vero,
842 3207 912 3247 hic
931 3220 1032 3249 con-

146 3266 290 3306 cilium
309 3265 499 3317 babere;
526 3268 641 3308 unde
660 3269 849 3309 comitia.
877 3269 1031 3311 Schote.

202 3329 478 3369 Consensionis
501 3328 659 3381 globus]
703 3331 776 3371 Sic
806 3332 819 3354 ‘
838 3333 1034 3384 conjura·

146 3388 274 3431 tionis
295 3391 470 3443 globus‚’
492 3392 608 3444 apud
638 3394 877 3443 Velleium:
909 3395 921 3418 ‘
943 3396 1032 3447 glo·

150 3451 229 3492 bus
260 3453 506 3506 latronum‚'
530 3454 645 3508 apud
679 3455 927 3508 Apuleium.
975 3456 1033 3498 Et

148 3516 208 3556 sic
242 3518 254 3540 ‘
274 3516 458 3560 hostium
508 3520 684 3573 globos,’
720 3521 733 3543 ⁴
754 3520 1031 3573 pugnantium

913 297 1142 338 A'r'rlcu
1155 299 1216 349 M,
1258 299 1392 339 cAP.
1431 286 1486 340 8.

1881 285 1989 339 685

1110 418 1290 471 globos‚'
1307 420 1419 461 dixit
1437 419 1632 461 Valerius
1650 418 1877 460 Maximus.

1135 515 1137 517 .
1163 485 1301 536 Neque
1320 487 1440 526 multo
1456 489 1543 538 post
1561 486 1738 537 superior
1760 495 1842 525 esse
1871 484 1988 535 σαρξί

1105 547 1319 599 Antonius]
1359 549 1497 590 Quem
1516 550 1528 572 ‘
1550 548 1687 588 facem
1706 552 1752 588 et
1773 546 1989 588 turbinem

1106 610 1326 662 sequentis
1345 609 1523 662 saeculis
1547 614 1675 650 vocat
1689 610 1804 649 Flor.
1825 609 1900 649 lib.
1923 620 1988 649 ιν.

1105 675 1144 713 3.
1182 674 1244 722 Τῷ
1262 671 1336 722 μὲν
1355 671 1455 725 ἔργῳ
1472 672 1627 713 πάντων
1651 672 1767 713 αὐτὸς
1795 671 1845 720 ἣν
1862 670 1989 724 κύριος

1105 741 1266 787 praeter
1283 748 1438 776 nomen
1466 741 1513 777 et
1529 737 1732 776 honorem
1747 735 1987 788 Imperato-

1105 798 1175 839 ris.
1218 797 1420 841 Keuchen.

1158 861 1478 914 Provinciam]
1493 863 1630 915 Syriae
1645 867 1691 903 et
1698 862 1985 903 Macedoniae.

1105 925 1352 967 Flor.1v.7.
1380 926 1495 967 Vide
1525 927 1738 967 Velleium
1757 938 1808 967 11.
1837 927 1986 967 Cassio

1102 989 1242 1042 Syria,
1258 990 1396 1030 Bruto
1413 989 1672 1031 Macedonia
1684 990 1812 1031 datae.
1851 989 1989 1030 Anto-

1103 1053 1198 1093 nius
1230 1052 1496 1106 Augustinus
1532 1053 1654 1106 legit,
1685 1053 1729 1093 in
1755 1053 1988 1105 provincias.

1105 1116 1231 1160 Quod
1245 1129 1333 1159 non
1349 1117 1568 1170 displicet.
1612 1116 1813 1158 Gebhard.

1117 1211 1123 1217 .
1157 1180 1276 1221 Dicis
1292 1180 1428 1233 causa]
1464 1180 1577 1222 Haec
1610 1186 1678 1221 est
1707 1180 1987 1233 plurimorum

1104 1245 1362 1297 emendatio,
1397 1257 1524 1298 quam
1561 1245 1660 1285 olim
1695 1245 1990 1295 Ranconetus,

1103 1308 1350 1359 Turnebus,
1401 1308 1618 1361 Cujacius,
1654 1308 1899 1359 Lambinus,
1940 1316 1987 1348 et

1100 1371 1304 1413 Schottus
1323 1371 1634 1424 approbarunt.
1665 1371 1775 1411 Nam
1796 1382 1874 1422 per
1893 1382 1989 1423 spe-

1101 1434 1210 1475 ciem
1242 1439 1290 1476 et
1315 1446 1471 1475 nomen
1505 1433 1820 1486 provinciarum
1843 1444 1986 1472 aman-

1100 1495 1191 1537 dati
1226 1501 1277 1537 et⁴
1310 1495 1558 1549 Republica
1600 1495 1756 1536 remoti
1800 1493 1987 1536 fuerant.

1103 1558 1319 1601 Turnebus.
1383 1558 1471 1600 Sed
1504 1559 1615 1599 hanc
1651 1559 1869 1612 antiquam
1903 1557 1988 1599 for-

1096 1624 1255 1664 mulam
1284 1622 1458 1676 plurimi
1496 1621 1769 1674 explicarunt
1797 1634 1852 1662 ex
1877 1622 1986 1661 Var-

1097 1697 1201 1728 rone
1219 1694 1265 1730 et
1279 1686 1334 1728 P.
1353 1685 1592 1739 Sosipatro.
1621 1686 1693 1726 Sic
1714 1685 1767 1726 ad
1788 1684 1984 1727 Atticum

1098 1752 1265 1798 Cicero,
1279 1750 1421 1804 Epist.
1436 1762 1470 1791 1.
1485 1753 1549 1792 18.
1562 1749 1575 1773 ‘
1588 1749 1794 1790 Metellus
1808 1754 1874 1790 est
1889 1761 1988 1791 con-

1095 1815 1162 1855 sul
1173 1814 1385 1867 egregius,
1397 1818 1443 1854 et
1455 1825 1532 1855 nos
1545 1818 1679 1864 amat3
1691 1813 1763 1861 sed
1775 1813 1988 1854 imminuit

1096 1878 1400 1919 auctoritatem
1424 1889 1560 1929 suam,
1579 1877 1690 1930 quod
1711 1876 1861 1928 habet,
1879 1876 1985 1917 dicis

1097 1953 1250 1982 caussa
1286 1942 1599 1994 promulgatum
1634 1940 1737 1981 illud
1776 1939 1891 1981 idem
1926 1939 1982 1980 de

1098 2002 1279 2045 Clodia.'
1334 2003 1484 2044 Utitur
1511 2008 1558 2044 et
1585 2014 1663 2056 pro
1692 2003 1906 2055 Muraena,
1937 2007 1984 2042 et

1097 2066 1305 2109 Accusat.
1333 2067 1377 2107 in
1394 2067 1576 2109 Verrem
1597 2077 1660 2107 vl.
1707 2067 1779 2107 De
1796 2078 1881 2119 qua
1899 2065 1984 2107 for-

1096 2130 1212 2170 mula
1231 2129 1390 2170 Laelius
1419 2129 1660 2182 Taurellus,
1692 2127 1854 2170 Anton.
1894 2129 1984 2168 Au-

1096 2193 1306 2245 gustinus,
1348 2193 1402 2234 P.
1427 2192 1666 2242 Victorius,
1693 2192 1779 2233 Ad.
1815 2192 1983 2232 Turne-

1096 2258 1192 2308 bus,
1210 2256 1308 2299 Jac.
1328 2256 1548 2309 Cujacius‚
1565 2256 1620 2297 P.
1640 2254 1854 2307 Pithoeus,
1874 2255 1982 2297 Did.

1097 2320 1380 2362 Covarruvias
1407 2320 1508 2360 Var.
1538 2320 1712 2361 resolut.
1733 2319 1809 2360 lib.
1830 2331 1892 2360 iv.
1917 2331 1983 2361 re-

1096 2393 1337 2436 posuerunt
1372 2384 1643 2424 exsulantem
1675 2396 1842 2436 vocem,
1873 2385 1983 2426 etin

1096 2447 1319 2500 pristinam
1339 2446 1484 2488 sedem
1504 2447 1787 2489 restituerunt
1806 2459 1861 2488 ex
1874 2448 1983 2488 Var-

1095 2524 1215 2563 rone,
1234 2517 1283 2552 ut
1314 2511 1421 2564 dixi,
1449 2517 1495 2553 et
1525 2512 1765 2565 Sosipatro,
1784 2514 1828 2554 in
1845 2511 1983 2553 Arno-

1095 2574 1184 2625 bio,
1201 2575 1362 2625 Plinio,
1386 2575 1592 2628 Apuleio,
1610 2575 1686 2616 lib.
1707 2575 1762 2615 de
1790 2576 1980 2628 dogmat.

1094 2637 1215 2678 Plat.
1267 2638 1496 2688 Cicerone,
1538 2639 1728 2691 Nepote.
1801 2638 1983 2678 Caeteris

1097 2699 1264 2748 Graecis
1282 2699 1393 2740 ὁσίας
1410 2698 1539 2752 ἕνεκα,
1562 2707 1610 2742 et
1640 2700 1888 2754 ἀφοσιώσεως
1905 2699 1982 2752 χά-

1096 2776 1168 2814 ριν,
1204 2761 1434 2815 προφάσεως
1481 2762 1611 2816 ἕνεκα,
1647 2764 1760 2817 apud
1797 2765 1981 2817 Dionys.

1095 2826 1504 2878 Halicarnassaeum,
1526 2827 1700 2878 Isaeum,
1731 2833 1779 2868 et
1811 2827 1983 2880 Euripi-

1094 2889 1254 2938 demin
1273 2889 1414 2944 Iphig.
1443 2891 1613 2941 Tauris,
1642 2897 1689 2932 et
1716 2890 1980 2943 Harpocrat.

1094 2957 1140 2992 et
1173 2952 1295 2993 alios.
1335 2952 1488 2994 Schott.
1537 2952 1700 2994 Savaro
1738 2953 1845 3005 legit
1876 2954 1982 2994 necis

1093 3027 1228 3056 caussa
1243 3030 1261 3064 ,·
1307 3016 1409 3069 quia
1457 3016 1690 3069 provinciae
1743 3015 1828 3056 illae
1866 3016 1981 3056 datae

1094 3084 1221 3120 erant
1257 3090 1282 3119 a
1315 3079 1567 3121 Consulibus
1606 3085 1785 3132 propter
1817 3079 1978 3119 caedem

1094 3144 1256 3186 illatam
1277 3143 1393 3187 Julio
1413 3145 1589 3187 Caesari.

1146 3209 1184 3248 A
1209 3206 1338 3259 Coss.]
1365 3208 1473 3247 Mss.
1494 3207 1723 3248 Medicaei:
1752 3220 1777 3247 α
1796 3207 1979 3248 Consule.

1094 3271 1302 3311 Ernstius.
1357 3270 1584 3312 Quomodo
1603 3274 1648 3309 et
1671 3268 1782 3309 liber
1812 3269 1979 3316 Scliotti

1094 3332 1258 3372 habuit.
1288 3332 1449 3372 Rosius.
1490 3332 1503 3353 ‘
1523 3330 1563 3370 A
1583 3329 1784 3382 Caesare:
1813 3330 1978 3374 Florus.

1095 3396 1107 3418 ‘
1127 3396 1183 3436 Et
1216 3406 1295 3447 per
1328 3395 1533 3434 Senatum
1563 3391 1845 3446 confirmata,’
1875 3394 1978 3434 Sue-

1095 3458 1238 3499 tonius
1259 3457 1417 3499 Octav.
1448 3456 1634 3497 Velleius
1654 3468 1707 3497 n.

1148 3522 1198 3562 In
1218 3520 1382 3562 exilium
1397 3520 1754 3574 proficiscerentur]
1785 3522 1797 3544 ‘
1818 3522 1975 3562 Liben-
