2326 3944
297 250 409 305 446

297 383 439 436 grstia
483 382 608 424 addit
646 384 870 425 Cornelius
915 397 941 424 a
976 382 1176 425 Civitatis

297 445 576 498 principibus,
593 452 711 487 metu
731 446 833 487 belli
852 446 1178 499 Laeedaemonii,

297 509 634 553 Themistoclem
649 509 864 555 facessere
882 509 983 550 inde
996 510 1176 562 jussum.

299 573 445 615 Quare
476 585 559 613 non
599 580 759 614 temere
792 587 889 615 cum
924 575 1105 615 Schotto
1129 573 1178 614 τὸ

295 636 474 677 civitatis
491 637 771 677 exturbarim.
805 637 1005 678 Gebhard.

350 699 418 739 Ad
459 699 673 740 Admetum
728 702 983 741 Molossorum
1027 701 1180 753 regem]

297 761 445 803 Codex
469 763 522 803 P.
555 763 669 802 Dan.
697 762 906 802 Admetum
923 763 1180 803 Molossorum

295 837 441 876 regem.
497 826 623 868 Quod
644 832 797 869 eontra
816 826 1008 867 Graecos.

353 889 452 929 Cum
470 902 545 941 quo
567 890 606 929 ei
623 889 836 940 hospitium
855 888 1014 940 suerat]
1056 888 1178 928 Idem

297 951 464 1002 Codex,
491 953 646 1003 Hospes
676 956 775 992 erat.
855 952 940 993 Sed
961 953 1004 992 in
1023 964 1074 992 eo
1093 964 1179 992 non

298 1017 574 1057 consentiunt
604 1029 699 1056 cum
734 1017 878 1056 Probo
908 1015 1177 1067 Thucydides

295 1083 342 1118 et
359 1079 629 1120 Plutarchus.
672 1080 744 1119 Ita
758 1080 871 1119 enim
884 1078 1175 1131 Thucydides:

293 1140 578 1193 Ἀναγκάζεται
596 1142 701 1194 παρὰ
718 1141 917 1192 Ἀδμητον
928 1141 1005 1186 ,τὸν
1018 1147 1176 1191 Μολοτ-

293 1207 373 1246 τῶν
397 1205 586 1255 βασιλέα,
615 1205 713 1246 ὄντα
740 1207 845 1257 αὐτῷ
870 1206 916 1246 οὔ
950 1205 1082 1257 φίλον,
1110 1221 1178 1247 κα-

279 1269 479 1311 “ramo-aa.
536 1272 627 1311 Sed
646 1270 816 1310 videtur
834 1270 999 1311 Probus
1019 1283 1178 1324 negan-

295 1331 340 1371 di
387 1333 643 1385 particulam
680 1346 764 1374 non
803 1334 1026 1385 agnovisse
1065 1335 1178 1387 apud

243 1435 247 1439 .
292 1395 601 1448 Thucydidem,
649 1410 777 1449 quam
826 1403 967 1438 tamen
1010 1397 1178 1449 abesse,

292 1458 422 1500 facile
442 1461 653 1512 potuisset
672 1473 948 1513 cognoscere,
965 1461 1001 1502 si
1020 1462 1073 1502 ad
1089 1475 1179 1503 ver-

295 1523 396 1567 bum
412 1523 679 1576 ἀναγκάζεται
705 1526 980 1578 respexisSet.
1041 1527 1178 1567 Nemo

294 1587 424 1638 enim,
452 1589 525 1640 qui
555 1590 744 1629 amicitia
775 1601 874 1629 cum
907 1589 1048 1642 aliquo
1080 1601 1179 1630 con-

293 1651 434 1692 victus
463 1658 546 1702 est,
574 1655 669 1704 cogi
704 1653 825 1692 solet.
858 1652 1035 1702 Lougoi.
1091 1650 1178 1692 Ad-

285 1713 435 1766 jungit
467 1726 635 1754 causam
669 1715 949 1756 Plutarchus:
995 1719 1177 1766 Καταφυ·

291 1777 375 1828 ’γῶν
390 1777 485 1831 πρὸς
503 1779 715 1829 Ἄδμητον,
741 1779 784 1820 ὃς
815 1777 1006 1825 βασιλεὺς
1033 1777 1106 1829 μὲν
1131 1777 1180 1827 ἣν

293 1843 524 1891 Μολοττῶν,
532 1842 678 1890 δεηθεὶς
693 1840 737 1883 δέ
745 1859 785 1882 τι
798 1837 1106 1891 τῶνἏθηνοιίων,
1116 1842 1180 1882 καὶ

291 1906 619 1959 προπηλακισθεὶς
655 1905 727 1946 ὑπὸ
756 1908 827 1947 τοῦ
854 1905 1178 1956 Θεμιστοκλέους,

292 1968 351 2011 ὅτ’
381 1971 556 2022 ἤκμαζεν
585 1972 627 2011 ἐν
661 1974 713 2025 τῇ
741 1970 936 2024 πολιτείᾳ,
957 1972 1022 2011 δι’
1061 1971 1180 2024 ὀργῆς

289 2033 400 2085 εἶχεν
418 2034 537 2076 αὐτὸν
555 2035 630 2088 ἀεὶ,
658 2036 722 2076 καὶ
751 2039 870 2084 δῆλος
889 2035 952 2087 ἧν,
982 2035 1016 2076 εἷ
1046 2034 1180 2088 λάβοι,

290 2098 612 2151 τιμωρησόμενος.
671 2100 892 2140 Diodorus
906 2100 1074 2140 Siculus
1091 2101 1180 2140 nul-

292 2161 380 2200 lum
428 2163 481 2202 de
530 2163 718 2203 amicitia
755 2169 830 2203 aut
878 2163 972 2203 odio
1002 2163 1177 2203 verbum

291 2220 412 2264 facit.
458 2223 638 2265 Lambin.
710 2223 822 2264 Vide
851 2224 1102 2265 Ciceronem
1132 2226 1177 2265 in

293 2285 446 2328 Bruto.

347 2349 576 2402 Hospitium
595 2349 757 2403 suerat]
816 2351 900 2391 Ms.
918 2351 1032 2391 Dan.
1062 2355 1148 2391 erat
1162 2365 1176 2398 ,-

290 2411 327 2450 si
346 2411 449 2463 quid
464 2412 602 2461 video,
622 2418 756 2452 recte.
804 2412 915 2453 Nam
931 2412 1177 2464 hospitium,

292 2472 334 2515 h.
354 2486 392 2515 e.
416 2475 490 2526 jus
510 2475 602 2514 sive
620 2476 804 2515 societas
823 2475 994 2527 hospitii
1014 2488 1091 2527 per
1113 2481 1174 2516 to-

292 2542 381 2578 tam
399 2538 531 2590 vitam
551 2538 812 2590 celebratur,
835 2540 963 2579 immo
995 2539 1036 2578 in
1071 2539 1175 2579 libe-

292 2612 362 2640 ros
383 2613 550 2653 quoque
572 2602 796 2652 transibat‚
808 2608 856 2643 ut
872 2614 896 2641 e
918 2602 1064 2642 Plauti
1081 2603 1175 2642 Ροε-

291 2665 393 2704 nulo
427 2676 470 2704 v.
504 2668 541 2702 1.
579 2670 772 2716 apparet.
830 2665 919 2705 Cic.
953 2665 1006 2703 ad
1042 2663 1174 2704 famil.

292 2738 395 2767 xm.
414 2730 479 2768 19.
539 2728 644 2767 Vide
678 2727 807 2768 Guili.
840 2728 1060 2767 Stuckium
1091 2728 1121 2767 l.
1143 2739 1174 2768 1.

291 2795 358 2832 27.
393 2792 527 2843 antiq.
567 2790 701 2832 Conv.
738 2797 783 2831 et
816 2792 1083 2831 Tomasinum
1120 2791 1173 2831 de

291 2855 463 2894 tesseris
484 2854 798 2906 hospitalitatis.

347 2919 404 2957 Et
419 2919 460 2957 in
471 2918 682 2969 praesentia
695 2930 767 2958 rex
785 2919 954 2970 abesset]
975 2918 1053 2958 Καὶ
1065 2920 1086 2959 ὁ
1102 2917 1174 2969 μὲν

291 2981 361 3022 οὐκ
379 2980 521 3032 ἔτυχεν
540 2983 745 3033 ἐπιδημῶν,
758 2985 837 3023 &c.
853 2982 1043 3033 Thucyd.
1086 2983 1171 3022 Ne·

293 3050 367 3097 gat
383 3046 463 3085 hor
487 3045 718 3093 Diodorus,
751 3046 824 3097 qui
843 3045 1169 3087 Themistoclem

291 3109 471 3149 comiter
501 3121 525 3147 a
558 3120 657 3159 rege
685 3113 914 3159 exceptum
951 3106 1099 3158 refert,
1127 3114 1171 3148 et

292 3171 573 3218 admonitum,
612 3177 660 3211 ut
698 3170 807 3210 bono
851 3170 990 3209 animo
1032 3177 1172 3218 esset;

293 3245 339 3273 se
356 3242 601 3274 curaturum
631 3239 676 3273 ut
708 3240 825 3273 tutus
846 3245 895 3272 ae
915 3234 1056 3272 salvus
1074 3244 1171 3271 eva·

292 3296 430 3336 deret.
488 3296 748 3353 Plutarchus
779 3296 884 3335 duas
914 3296 1102 3335 diversas
1121 3296 1172 3334 de

291 3358 371 3400 hac
394 3370 436 3398 re
456 3358 649 3398 historias
670 3359 804 3410 ponit,
827 3358 976 3409 partim
1004 3357 1174 3409 Thucy-

292 3418 451 3471 didem,
473 3421 626 3470 partim
648 3422 752 3460 alios
773 3427 962 3476 secutus,
993 3421 1063 3472 qui
1086 3419 1173 3460 Ad-

291 3486 408 3524 meto
442 3487 652 3535 praesente
677 3482 1014 3524 Themistoclem
1042 3481 1172 3525 filium

679 266 858 307 No'rAE
898 265 1438 322 vAmoRmude.
1472 269 1741 311 ›NEPotrls

1243 386 1641 441 ejusprehendisse,
1666 393 1715 430 et
1745 386 1801 430 ad
1833 393 2042 431 aramma
2065 388 2130 432 fo·

1241 463 1339 492 cnm
1357 451 1601 504 confugisse
1621 458 1780 493 narrat.
1806 452 2002 494 Loenbinae
2027 475 2040 492 κ.
2070 489 2072 494 ,
2162 454 2175 481 ·’

1298 515 1445 556 Filiam
1473 516 1559 565 ejus
1587 516 1789 568 parvulam
1808 515 2002 570 arripuit]
2030 517 2127 558 ,Fi-

1239 578 1357 618 lium.
1412 579 1685 631 Thucydides
1703 594 1714 620 2
1730 579 1779 619 Ὅ
1796 578 1839 619 δὲ
1855 580 1928 628 τῆς
1943 579 2128 631 γυναικὸς

1241 639 1372 690 ἱκέτης
1405 642 1612 693 ’γενόμενος
1645 641 1867 684 διδάσκεται
1908 645 1969 683 ὑπ’Δ
2005 644 2128 692 αὐτῆς

1239 704 1311 746 τὸν
1344 707 1464 746 παῖδα
1496 708 1607 755 σφῶν
1638 707 1775 753 λαβὼν
1806 703 2033 759 καθίζεσθαι
2062 707 2139 752 ἀεὶ,

1239 768 1314 816 τὴν
1333 768 1479 810 ἑστίαν.
1522 771 1667 812 Quare
1690 771 1757 810 vel
1777 771 1920 822 lapsus
1938 777 2007 812 est
2020 771 2125 812 Pro·

1242 830 1334 882 bus,
1355 832 1424 871 vel
1442 831 1548 870 alios
1577 838 1752 872 secutus
1787 838 1854 873 est
1882 833 2130 886 historicos,

1242 895 1311 934 vel
1342 901 1532 934 erratum
1563 901 1632 934 est
1662 895 1946 936 librariorum.
1998 897 2127 939 lam.

1240 956 1354 998 Vide
1383 952 1681 1006 Plutarchum,
1711 957 1782 1010 qui
1816 958 2024 999 rationem
2056 959 2122 1000 di-

1241 1021 1318 1069 cit,
1339 1032 1416 1061 cur
1436 1018 1616 1060 Admeti
1632 1019 1765 1060 filium
1786 1020 2087 1074 adsumpserit.
2123 1051 2126 1056 -

1293 1082 1540 1133 Sacrarium]
1559 1084 1628 1123 De
1649 1095 1732 1136 quo
1749 1083 1834 1124 ritu
1856 1084 2127 1139 Graecorum,

1241 1146 1366 1198 plena
1386 1151 1450 1187 est
1469 1145 1603 1187 omnis
1622 1146 1869 1199 antiq-uitas.
1931 1146 2128 1202 Eratque

1240 1209 1484 1261 religiosum
1518 1221 1569 1248 ac
1613 1209 1928 1250 sanctissimum
1963 1211 2124 1264 suppli·

1240 1272 1366 1312 candi
1396 1284 1541 1324 genus.
1602 1272 1769 1312 Morem
1797 1272 1907 1316 hunc
1935 1274 2122 1317 omnium

1240 1336 1491 1376 Graecorum
1517 1333 1646 1375 fuisse
1675 1341 1947 1387 appareant
1973 1349 1998 1376 e
2025 1335 2124 1378 foco

1239 1398 1372 1438 veluti
1405 1396 1537 1450 Asylo
1570 1398 1800 1438 extrahere
1830 1397 1953 1439 nefas
1995 1399 2123 1440 duce-

1242 1466 1353 1513 rent,
1373 1466 1420 1502 ut
1438 1474 1520 1502 nee
1552 1460 1605 1501 ab
1639 1473 1714 1500 ara
1746 1472 1828 1501 nec
1859 1473 1884 1501 a
1913 1461 2120 1515 principis

1238 1530 1383 1566 statua
1414 1537 1567 1578 rapere
1599 1524 1772 1565 licebat.
1827 1525 1952 1564 Pleni
1984 1526 2122 1568 Juris-

1239 1601 1356 1629 cons.
1386 1587 1498 1628 libri.
1554 1586 1686 1629 Ovid.
1714 1587 1758 1627 in
1789 1587 1942 1629 Fastis.
1960 1587 2126 1633 desoci-

1240 1658 1412 1705 etymo:
1442 1653 1454 1674 ‘
1475 1653 1558 1694 Vel
1579 1651 1692 1705 quod
1722 1651 1841 1692 fovet
1871 1653 2017 1694 omnia
2030 1653 2142 1695 die--

1240 1715 1335 1757 tus!
1390 1716 1504 1757 Vide
1523 1715 1722 1767 proverb.
1738 1719 1750 1738 ‘
1768 1715 1805 1755 E
1818 1715 1981 1767 Vesta!
2008 1716 2120 1757 Vide

1238 1778 1422 1819 Tui-neb.
1453 1778 1565 1820 Adv.
1594 1789 1693 1818 xxi.
1726 1781 1767 1817 8.
1802 1782 1848 1818 et
1876 1779 1956 1820 hae
1977 1779 2045 1822 ,de
2074 1791 2122 1822 re

1241 1839 1523 1883 disserentem
1541 1841 1640 1883 Jac.
1658 1840 1914 1881 Raevardum
1931 1842 1958 1883 l.
1975 1842 2121 1884 1.Var.

1239 1907 1280 1945 7.
1309 1904 1461 1946 Schott.

1294 1969 1403 2009 Data
1416 1971 1560 2010 dextra
1575 1969 1751 2023 infidem
1763 1968 1970 2020 reciperet]
1989 1970 2121 2012 Datae

1240 2030 1404 2072 dextrae
1421 2033 1526 2072 nulli
1539 2032 1732 2072 historici
1746 2032 1994 2073 meminere.
2016 2032 2121 2073 Pro·

1241 2093 1438 2135 habiliter
1457 2101 1601 2136 autem
1621 2095 1700 2135 hoc
1721 2108 1745 2135 a
1772 2095 1932 2147 Probo,
1957 2096 2047 2137 sive
2065 2096 2120 2138 ab

1240 2160 1332 2200 aliis
1352 2166 1582 2213 sumptum,
1601 2161 1692 2200 sive
1722 2159 1776 2199 de
1806 2172 1881 2200 suo
1911 2160 2120 2212 additum,

1239 2224 1420 2275 positum
1441 2214 1531 2264 est.
1580 2224 1690 2263 Nam
1705 2222 1777 2275 qui
1798 2227 1945 2263 sancte
1961 2223 2122 2276 aliquid

1238 2289 1564 2340 promittebant,
1597 2288 1770 2328 dextras
1808 2287 1970 2329 dabant
2004 2288 2121 2340 apud

1238 2351 1433 2392 Veteres.
1477 2351 1847 2402 Xenopuxannv.
1865 2356 1916 2391 Δ.
1963 2351 2120 2393 Cicero

1240 2425 1305 2454 xi.
1346 2414 1458 2454 Phil.
1478 2426 1563 2455 vn.
1580 2413 1633 2454 ad
1653 2413 1746 2454 Att.
1763 2415 1843 2466 Ep.
1864 2426 1895 2455 1.
1940 2414 2120 2457 Diodor.

1239 2487 1334 2517 xva
1362 2477 1513 2527 Virgil.
1531 2475 1699 2517 AEneid.
1719 2488 1752 2516 1.
1796 2477 1977 2518 Homer.
1994 2478 2119 2520 Iliad.

1239 2545 1286 2580 Ω.
1343 2540 1439 2580 Mos
1459 2541 1540 2580 iste
1559 2552 1583 2580 a
1603 2540 1749 2579 Persis
1770 2539 1989 2591 profluxit.
2046 2541 2119 2582 In-

1238 2601 1303 2643 fra
1321 2603 1364 2642 in
1382 2603 1591 2643 Datame:
1639 2603 1651 2623 ‘
1674 2602 1905 2655 Fidemque
1925 2615 1974 2643 ea
1994 2603 2049 2644 de
2070 2617 2118 2645 re

1239 2676 1355 2705 more
1388 2665 1617 2704 Persarum
1651 2665 1871 2705 dedisset!
1925 2667 2012 2707 Sed
2044 2679 2119 2709 no-

1239 2729 1430 2778 tandum,
1462 2742 1543 2768 nou
1576 2729 1616 2767 in
1651 2729 1744 2768 vola
1776 2742 1938 2780 manus,
1969 2730 2046 2771 sed
2072 2731 2119 2772 in

1228 2793 1433 2845 junctura
1454 2791 1582 2832 fuisse
1602 2792 1700 2830 fidei
1727 2793 1886 2832 sedem.
1922 2793 2118 2835 Eustath.

1292 2854 1598 2908 Exposceretur]
1650 2856 1794 2906 Longa
1826 2856 2036 2906 oratione,
2069 2861 2119 2897 ut

1238 2919 1299 2959 ait
1338 2919 1619 2971 Thucydides.
1696 2919 2020 2968 Deposceretur
2061 2918 2116 2958 ad

1236 2981 1506 3033 supplicium.
1561 2981 1633 3020 Sic
1663 2980 1775 3019 enim
1810 2981 1955 3019 Caesar
1985 2980 2117 3033 loqui-

1237 3049 1321 3085 tur.
1376 3045 1434 3084 Et
1455 3044 1670 3083 Diodorus
1702 3039 1860 3094 ἐξῄτουν
1889 3040 2008 3082 αὐτὸν
2025 3044 2119 3095 πρὸς

1234 3107 1430 3158 τιμωρίαν.
1475 3106 1698 3146 Lambinus.
1768 3104 1886 3145 Infra
1923 3104 2117 3148 Hannib.

1236 3171 1248 3191 ‘
1269 3169 1362 3209 Hos
1383 3168 1601 3208 Hannibal
1620 3169 1682 3207 sui
1697 3167 1958 3218 exposcendi
1979 3169 2119 3219 gratia

1235 3233 1386 3272 missos
1420 3230 1565 3270 ratus!
1635 3231 1744 3270 Cam.
1765 3231 1889 3270 Civil.
1918 3242 1991 3270 111.
2024 3235 2116 3272 110.

1235 3296 1247 3316 ‘
1271 3295 1328 3334 Hi
1362 3306 1507 3345 regum
1540 3294 1698 3333 amicos
1731 3293 1784 3332 ad
1822 3299 1999 3333 mortem
2041 3294 2117 3333 de·

1237 3357 1443 3410 poscere.’
1500 3357 1668 3397 Hirtius
1696 3357 1747 3395 B.
1781 3356 1894 3396 Gall.
1916 3368 2016 3396 vut.
2046 3360 2116 3397 38.

1237 3422 1249 3444 ‘
1268 3421 1516 3472 Principem
1544 3419 1719 3460 sceleris
1748 3419 1859 3458 illius
1882 3419 1935 3470 ad
1951 3419 2116 3472 suppli.-

1235 3486 1347 3526 cium
1365 3481 1589 3538 deposcit!
1620 3482 1822 3524 Gebhard.
