2306 3900
773 232 996 295 RERUM
1040 229 1115 271 m·
1154 226 1501 273 vennonmu
1883 219 2040 274 cxliii

202 356 318 399 Tucri
353 357 523 411 aliquem
549 370 690 411 magna
719 356 906 411 religione
958 357 1093 398 defen-

256 412 372 466 dere)
399 413 444 460 ii,
462 418 488 454 8
528 412 617 453 Sic:
661 424 796 452 omnes
833 413 916 466 pari
955 422 1094 452 ortuna

257 466 577 574 {mxxxi
579 466 731 560 ἓξὲξ
730 464 838 558 {fir}
842 469 1095 572 1:2³2:ssss

259 573 313 621 ix.
332 578 359 616 4
388 575 487 616 tueri
505 572 671 624 alicujus
687 572 829 613 liberos
857 572 913 620 xi,
930 575 955 612 3
989 585 1093 611 sum·

258 640 322 668 ma
337 640 460 668 rerum
478 627 516 668 ei
533 626 677 666 tradita
693 631 754 666 est
768 627 916 666 tuenda
943 625 1051 673 xviii,
1066 630 1093 667 2

256 681 397 733 (moxz
441 679 480 722 ei
496 692 657 733 regnum
687 679 1001 720 commendatum
1019 686 1094 728 est,

258 733 377 787 ibid.)
394 733 584 788 oppidum
602 733 722 774 alicui
740 734 930 773 tuendum
943 733 1094 773 tradere

258 788 288 834 i,
307 790 332 828 3
360 787 451 829 Sic:
481 788 615 828 urbem
635 787 822 828 munitam
845 786 963 827 alicui
980 792 1093 827 tuen-

257 841 349 880 dam
376 841 456 888 xiv,
472 846 496 882 5
526 841 622 881 tueri
642 841 785 894 regiam
812 840 886 894 (de
913 840 1094 880 custodia

258 894 407 949 aulica)
434 895 514 942 xiv.
534 899 557 937 1
587 894 687 935 tueri
716 893 983 934 valetudinem
1001 893 1092 947 (cu-

256 959 339 988 rare
357 947 455 1000 &c.)
495 961 586 996 xxv,
606 951 658 990 21
706 947 805 988 tueri
835 947 996 1000 gloriam
1023 961 1094 1000 pa·

255 1006 406 1043 temam
432 1002 697 1064 (conservare,
729 1001 849 1040 vitam
867 1013 916 1041 ea
934 1001 1094 1053 dignam

257 1055 392 1110 agere)
419 1069 499 1103 xix,
515 1060 537 1098 1
581 1055 682 1095 tueri
699 1068 741 1095 se
758 1054 834 1109 (de
850 1054 1093 1095 necessitati-

256 1108 331 1149 bus
362 1109 616 1163 procurandis
644 1108 996 1163 sublevandisque)
1027 1122 1093 1157 xv,

256 1164 289 1210 8¹
310 1163 482 1217 (Estque
500 1168 732 1210 sustentare,
762 1162 960 1209 exhibere,
989 1163 1093 1204 alere

258 1227 314 1264 se.
367 1216 431 1257 Ita
449 1230 608 1271 quoque
625 1217 749 1258 Varro
767 1220 808 1257 3.
836 1217 888 1256 de
913 1214 968 1256 R.
983 1215 1038 1258 R.
1056 1221 1094 1258 1-.

256 1273 299 1307 et
314 1269 408 1311 Jcti
427 1283 546 1323 saepe.
574 1276 587 1294 ⁸
605 1270 723 1310 Tueri
740 1270 874 1310 vitam'
893 1269 1015 1310 ovid.
1041 1271 1093 1310 de

258 1322 390 1365 Ponto
417 1323 471 1373 iv,
484 1328 524 1366 6.
552 1323 672 1365 Locc-
694 1324 806 1364 Add.
823 1323 941 1364 Thes.
959 1323 1093 1364 Buch-

255 1387 283 1414 n
326 1405 338 1417 .

201 1377 410 1471 Tumeulissus
427 1437 507 1471 tam
525 1430 768 1524 propixguus
794 1436 873 1470 tam
903 1443 952 1471 ue
983 1443 1093 1483 mag·

257 1497 332 1524 nus
349 1484 423 1537 (de
440 1484 561 1532 bello,
584 1498 638 1538 qu
711 1484 855 1524 Darius
913 1483 1092 1526 thenien-

256 1538 363 1580 sibus
379 1537 586 1586 inferebat,
610 1536 736 1590 copiis
754 1538 833 1578 suis
850 1538 891 1577 in
909 1550 1091 1591 campum

258 1591 498 1632 Marathona
525 1590 727 1644 deductis)
752 1591 784 1639 i,
815 1595 843 1632 ⁴
887 1589 1093 1643 (Romana

256 1658 355 1686 voce
369 1646 421 1686 de
436 1645 577 1686 Graeca
593 1643 848 1698 expeditione
877 1646 929 1684 ob
958 1645 1092 1685 simili-

257 1699 437 1739 tudinem
454 1711 546 1738 usus
564 1704 640 1739 est,
695 1703 708 1723 ‘
721 1697 942 1738 Tumultus'
962 1699 1092 1748 enim,

256 1758 303 1793 ut
334 1753 421 1794 Cic.
467 1752 644 1806 Philipp.
690 1751 773 1800 viii,
792 1757 833 1799 1.
865 1757 878 1775 ¹
899 1758 1010 1792 tanta
1032 1760 1094 1793 est

256 1804 510 1860 perturbatio.
536 1812 582 1846 ut
615 1804 742 1858 major
765 1812 893 1846 tumor
907 1806 1054 1854 ,oriatur
1067 1807 1093 1847 :’

257 1861 437 1914 adeoque
470 1859 623 1913 gravius
653 1859 766 1914 quid,
796 1873 914 1913 quam
943 1860 1092 1902 bellum

257 1920 383 1954 notat.
437 1913 516 1953 At‘
531 1913 751 1961 tumultus‚'
765 1914 909 1966 inquis,
940 1919 1092 1954 tantum

258 1967 376 2009 civile
392 1967 539 2008 bellum
552 1967 585 2008 si
641 1967 775 2009 ificat?
802 1967 934 2020 Nego.
986 1967 1094 2008 Nam

257 2028 300 2062 et
327 2027 340 2046 '
354 2020 581 2062 tumultum-
623 2019 796 2062 allicum'
821 2021 1009 2062 dicebant
1025 2035 1094 2063 ve-

259 2081 375 2124 teres,
403 2075 513 2129 quod
538 2081 622 2116 erat
647 2075 776 2115 Italiae
811 2075 1014 2124 finitimus,
1048 2082 1096 2116 ut

258 2128 407 2170 ibidem
446 2129 599 2170 Cicero.
653 2128 812 2169 Dicitur
839 2135 971 2170 autem
1003 2135 1017 2154 ¹
1030 2135 1093 2169 tu-

258 2182 416 2223 multus’
447 2182 520 2230 ita,
545 2183 655 2236 quod
685 2195 747 2223 res
780 2194 849 2222 seu
877 2183 1001 2223 animi
1029 2190 1093 2223 tu·

257 2242 405 2277 meant.
458 2235 592 2277 Front.
609 2236 776 2288 Strateg.
789 2249 830 2285 v,
848 2239 875 2278 2
904 2241 926 2261 ¹·
938 2236 986 2277 C.
1005 2237 1094 2279 Cae-

259 2302 322 2330 sar
351 2288 543 2331 seditione
567 2289 611 2330 in
638 2290 810 2334 tumultu
837 2289 1010 2330 civilium
1034 2304 1095 2330 ar-

257 2356 424 2391 morum,
468 2355 516 2384 ac
546 2349 629 2384 tum
661 2344 831 2384 maxime
857 2345 1095 2384 tumentibus

258 2396 1098 2504 iissffiikiegssiiimwffiviffl‘i{⁰325ss

259 2516 350 2550 xxv,
366 2506 394 2544 2
437 2502 564 2556 (Flor.
591 2502 646 2552 iv,
663 2506 705 2551 2.
732 2506 759 2544 2
777 2509 790 2526 ⁸
804 2502 1025 2548 Cinnanam
1035 2517 1096 2544 ra-

264 2555 384 2596 biem’
401 2554 539 2610 vocat)

207 2611 320 2651 'Punc
334 2609 551 2664 eligebatur
576 2609 671 2657 xvii,
693 2613 716 2651 1

207 2663 359 2705 Tunica
375 2663 477 2705 hirta
494 2661 759 2704 circumdatus
782 2663 861 2711 xiv,
880 2668 906 2705 3

206 2718 363 2759 Turba:
392 2717 433 2756 in
459 2717 610 2757 turbam
639 2715 744 2758 exire
774 2717 963 2772 (vulgari,
994 2717 1096 2759 mili·

263 2771 367 2811 tibus
382 2769 649 2824 innotescere)
676 2770 757 2819 xiv,
772 2775 800 2812 6

207 2825 424 2867 Turbidum
452 2830 606 2878 tempus
635 2823 708 2879 (de
726 2823 833 2866 civili
859 2825 1028 2866 tumultu
1055 2831 1097 2865 et

262 2878 395 2932 caede)
421 2877 500 2926 xvi,
514 2883 542 2920 4

208 2931 330 2973 Turdi
345 2932 504 2986 quando
522 2931 691 2984 saginari
707 2932 843 2985 coepti,
861 2931 923 2972 Fr.
946 2935 1000 2974 1⁰

208 2986 421 3027 Tusculum
440 2985 695 3038 municipium
732 2986 836 3033 xxiv,
856 2989 879 3026 1

209 3039 375 3080 Tutela:
403 3039 446 3079 in
458 3039 622 3080 tutelam
637 3051 746 3079 suam
761 3038 963 3092 pervenire
989 3038 1097 3087 xviii,

264 3095 292 3134 2
319 3091 405 3147 (Ita
439 3092 567 3134 Cicer.
594 3106 700 3145 saepe
727 3099 768 3133 et
801 3092 910 3135 Jcti.
938 3091 1011 3133 Est
1026 3105 1095 3133 au-

266 3151 361 3194 tem,
375 3150 389 3170 ⁴
405 3146 456 3185 ad
475 3147 717 3198 pubertatem
736 3146 964 3199 pervenire.’
991 3145 1097 3200 Ergo

267 3198 338 3239 illa
393 3198 609 3247 locutione,
658 3205 671 3223 ‘
687 3206 897 3253 antequam
924 3201 966 3240 in
994 3206 1097 3240 tute·

266 3253 344 3293 lam
376 3265 485 3293 suam
513 3252 761 3305 perveniret,’
790 3259 949 3294 notatur
966 3254 1099 3305 pupil-

266 3306 357 3347 laris
372 3312 466 3346 aetas
492 3306 565 3346 sub
591 3311 785 3358 potestate
804 3306 956 3353 tutoris,
985 3306 1098 3357 cujus

268 3360 371 3407 finis,
404 3361 599 3412 pubertas.
618 3358 712 3398 Vid.
757 3359 932 3399 Institut.
949 3360 1002 3398 de
1025 3372 1098 3410 pu·

268 3412 353 3464 pin.
371 3415 492 3453 subst.
508 3413 573 3452 ubi
592 3412 660 3452 illa
673 3412 786 3452 verba
803 3428 813 3452 :
829 3417 840 3436 ⁸
855 3411 888 3452 si
902 3412 1004 3453 filius
1018 3413 1098 3451 hae-

270 3478 330 3506 res
353 3466 484 3516 fuerit,
511 3474 552 3508 et
574 3467 678 3521 prius
696 3467 892 3515 moriatur,
919 3479 1038 3520 quam
1054 3466 1096 3507 in

1160 3358 1441 3399 Vadimonium
1469 3358 1601 3398 sistere
1644 3372 1734 3407 xxv,
1752 3362 1779 3400 9

1207 366 1318 397 suam
1366 354 1541 397 tutelam*
1565 354 1714 395 venerit
1728 354 1756 405 ς’
1800 353 2040 408 Theophilus

1208 410 1415 464 exprimit:
1446 411 1515 452 ἐὰν
1524 405 1553 450 ’Ᾰὸ
1570 411 1662 451 παῖς
1677 407 1884 460 ’γενόμενος
1899 417 2042 463 κληρο-

1209 464 1325 515 νόμος
1357 464 1503 514 ἄνηβος
1537 461 1781 512 τελευτήσει.
1810 460 1956 512 ἄνηβος
1981 472 2043 503 est

1208 517 1388 571 impubes
1403 533 1416 568 ;
1435 518 1548 571 cujus
1562 524 1644 559 erat
1658 517 1891 569 periphrasis
1906 532 1916 556 ε
1945 522 1959 541 ’
1971 528 2042 557 an-

1208 577 1369 624 tequam
1417 572 1460 614 in
1501 584 1609 611 snam
1656 571 1820 611 tutelam
1863 570 2041 612 venerit-⁸

1209 623 1372 678 Boecl.)

1153 676 1278 719 'rums
1296 693 1306 718 ε
1335 685 1464 719 tutum
1481 678 1699 731 relinquere
1722 676 1851 718 locum
1869 677 2040 731 aliquem

1207 732 1417 786 (militibus
1447 731 1637 783 insidere)
1662 731 1758 779 xvii,
1775 735 1804 773 6
1840 731 1882 771 in
1912 738 2042 772 tutum

1210 786 1556 836 pervenire—nando
1583 786 1655 832 xii,
1670 789 1697 826 4
1724 786 1766 825 in
1780 790 1867 824 tuto
1882 797 1969 826 esse
1998 786 2042 836 ii,

1208 843 1236 879 9
1248 840 1432 902 ·(⁰pp⁰.¹¹·
1451 840 1494 879 in
1511 838 1684 893 periculo
1698 852 1798 886 esse,
1815 838 1936 891 ibid.)

1153 890 1360 944 Tyrannus
1381 900 1512 946 Justus
1530 893 1604 946 (de
1624 906 1686 940 eo,
1704 893 1774 945 qui
1791 892 1832 932 in
1848 893 1967 933 libera
1985 891 2041 932 ci-

1209 946 1329 987 vitate
1366 953 1559 1000 potestate
1601 953 1661 986 est
1694 944 1906 1000 perpetua)
1950 946 1981 993 i,
2015 949 2042 986 8

1207 999 1315 1051 (Ubi
1345 999 1388 1040 in
1415 1002 1558 1040 bonam
1587 1007 1736 1053 partem
1766 1013 1841 1039 vox
1865 1000 2042 1041 sumitur.

1210 1053 1306 1094 vid.
1329 1054 1476 1094 fuller.
1504 1053 1666 1094 miscell.
1694 1066 1791 1094 sacr.
1818 1054 1848 1101 i,
1865 1057 1932 1096 12.
1959 1053 2046 1093 Sal-

1208 1120 1304 1147 mas.
1332 1108 1498 1149 Desens.
1526 1107 1630 1161 Reg.
1667 1119 1704 1147 c.
1735 1111 1777 1148 ⁴1.
1811 1112 1853 1148 et
1888 1107 2045 1147 Buchn.

1207 1161 1326 1201 Thes.
1355 1162 1406 1202 ln
1438 1162 1580 1202 malam
1611 1173 1702 1202 vero
1721 1167 1871 1214 partem
1904 1166 1950 1200 ut
1966 1162 2042 1201 fte-

1209 1215 1392 1268 quentius
1422 1220 1642 1269 usurpatur,
1671 1217 1727 1265 ita
1757 1215 1876 1255 serius
1901 1226 1950 1254 ea
1968 1215 2045 1267 sig-

1208 1269 1383 1309 nificatio
1400 1269 1584 1309 obtinuit.
1602 1283 1642 1309 v.
1670 1266 1814 1309 Puller.
1840 1269 1962 1308 eund-z
1990 1269 2046 1315 iv,

1187 1332 1190 1334 ’
1210 1325 1276 1363 11.
1303 1323 1395 1363 Huc
1412 1323 1609 1375 pertinent
1625 1322 1829 1376 sequentia
1845 1321 1880 1375 ι)
1908 1329 2043 1375 tyran-

1206 1388 1281 1416 nus
1292 1377 1388 1429 (pro
1403 1375 1625 1430 Dionysio)
1651 1389 1690 1423 x,
1706 1380 1730 1416 1
1761 1381 2043 1429 tyrannusnon

1206 1429 1397 1469 ferendus·
1434 1444 1475 1477 x,
1506 1434 1550 1470 ⁷.
1578 1434 1630 1470 10
1674 1431 1878 1482 tyrannus'
1902 1442 1926 1469 a
1965 1430 2047 1470 cle·

1208 1483 1356 1523 mentia
1372 1484 1576 1524 deterritus
1610 1482 1804 1523 crudelior
1831 1482 1878 1521 fit
1916 1483 1998 1530 xiii,
2018 1487 2043 1523 3

1209 1537 1366 1589 tyranni
1407 1536 1715 1577 crudelissimum
1750 1549 1894 1576 nomen
1941 1550 1982 1582 x,
2019 1540 2042 1577 1

1205 1590 1363 1643 tyranni
1379 1591 1513 1631 odium
1540 1605 1579 1639 x,
1592 1594 1617 1630 5
1647 1589 1805 1643 tyranni
1817 1589 2044 1630 satellitium

1208 1644 1406 1685 assiduum
1434 1643 1558 1693 xiii,4
1585 1643 1770 1696 expulsor
1795 1657 1835 1690 x,
1856 1647 1908 1684 10
1935 1655 1960 1682 a
1977 1649 2043 1696 ty-

1207 1710 1331 1737 ranno
1348 1699 1513 1751 patriam
1532 1697 1694 1738 liberare
1735 1710 1799 1744 xx,
1819 1700 1842 1737 1
1886 1697 2046 1750 tyranni

1207 1750 1507 1792 Atheniensium
1546 1751 1615 1799 vii,
1634 1755 1688 1791 10
1725 1750 1937 1791 Thessaliae
1963 1752 2044 1799 xvi,

1209 1810 1234 1846 6
1266 1806 1422 1859 tyranni
1439 1805 1598 1859 triginta
1625 1803 1706 1851 viii,
1726 1808 1748 1845 1
1788 1809 2042 1857 tyrannorum

1207 1859 1395 1908 facinora,
1412 1859 1509 1902 ibid.
1553 1859 1733 1911 suspicax
1763 1858 1916 1897 animus
1954 1871 1995 1905 x,
2015 1862 2042 1899 4

1208 1914 1367 1966 tyranni
1395 1926 1478 1954 non
1522 1912 1640 1954 facile
1669 1911 1916 1953 continentes
1952 1917 2046 1951 sunt

1209 1964 1290 2015 xxi,
1306 1971 1333 2009 2
1972 1968 1990 1987 ’

1153 2020 1353 2075 Tyrannis
1366 2019 1650 2074 Dionysiorum
1677 2034 1717 2068 x,
1736 2023 1760 2061 1
1789 2017 1983 2060 Pisistrati
2013 2018 2045 2066 i,

1210 2079 1238 2116 8
1282 2073 1460 2129 tyrannis
1492 2086 1718 2128 magnarum
1747 2082 1868 2126 opum
1886 2078 1928 2113 et
1945 2072 2047 2112 mul-

1209 2135 1336 2168 torum
1365 2141 1555 2168 annorum
1585 2128 1697 2182 (qum
1725 2133 1786 2166 tot
1802 2127 1916 2167 annis
1931 2139 2046 2166 suum

1209 2188 1352 2222 statum
1399 2182 1566 2222 firmavit
1609 2179 1905 2235 roboravitque)
1946 2194 1987 2226 x,
2018 2185 2044 2220 5

1210 2235 1430 2288 tyrannidis
1447 2235 1595 2288 cupido
1612 2236 1719 2275 unde
1746 2234 1815 2282 vii,
1837 2238 1864 2275 7
1910 2234 2046 2274 odium

1209 2303 1274 2336 xx,
1289 2294 1316 2330 2
1342 2289 1637 2343 propugnacula
1648 2288 1846 2342 (extructa
1857 2292 2046 2340 tanquam

1211 2342 1372 2383 castella
1403 2343 1616 2390 servitutis,
1649 2347 1691 2381 et
1725 2342 1937 2394 compedes
1973 2354 2046 2393 op·

1211 2409 1429 2448 pressorum
1446 2410 1458 2445 ;
1477 2403 1522 2435 ut
1539 2397 1590 2436 de
1607 2397 1682 2434 hac
1700 2408 1741 2435 re
1759 2402 1820 2434 est
1834 2395 1941 2446 apud
1961 2394 2048 2433 Liv-

1212 2450 1334 2497 xxxii,
1351 2449 1427 2501 3⁷)
1457 2463 1520 2497 xx,
1536 2452 1561 2490 3
1589 2447 1838 2502 tyrannidem
1856 2459 2049 2500 occupare

1211 2516 1276 2550 xx,
1291 2507 1313 2543 1
1344 2503 1491 2543 amicus
1508 2515 1589 2542 non
1605 2503 1727 2554 magis
1743 2507 1911 2555 tyranno
1929 2514 2047 2554 quam

1213 2556 1415 2610 tyrannidi
1441 2570 1479 2605 x,
1497 2560 1521 2599 3
1550 2556 1664 2611 (aliiz
1694 2561 1707 2579 ⁶
1727 2554 1942 2610 tyrannis')

1576 2716 1629 2756 V.

1158 2824 1325 2865 Vacatio
1344 2840 1354 2864 ε
1383 2837 1477 2864 usus
1494 2829 1555 2863 est
1576 2823 1782 2865 vacatione
1801 2822 1928 2862 aetatis
1956 2835 2048 2869 xxv,

1212 2882 1238 2919 ⁷
1285 2877 1358 2930 (de
1385 2879 1649 2930 sexagenario,
1681 2877 1750 2930 qui
1786 2889 1838 2915 ne
1869 2875 2047 2916 civilibus

1213 2931 1326 2971 bellis
1355 2937 1396 2971 et
1413 2931 1587 2983 partibus
1624 2944 1666 2971 se
1682 2930 1872 2977 misceret,
1892 2943 2053 2970 excusa-

1214 2985 1360 3025 tionem
1379 2986 1505 3024 aetatis
1523 2985 1672 3025 habuit.
1717 2983 1855 3024 Boecl.
1895 2984 1960 3023 Sic
1979 2982 2049 3021 Ci-

1213 3051 1302 3078 cero
1317 3039 1428 3079 Verr.
1446 3042 1472 3079 '1
1521 3043 1532 3061 ⁴
1554 3038 1824 3091 municipium,
1843 3037 1950 3089 quod
1980 3049 2050 3087 per

1213 3093 1285 3132 hos
1304 3105 1427 3132 annos
1445 3098 1526 3131 tam
1543 3093 1750 3132 commoda
1774 3090 1980 3131 vacatione
1999 3089 2050 3128 sit

1216 3159 1327 3186 usum
1344 3146 1516 3186 omnium
1535 3145 1697 3197 rerum’)

1159 3198 1424 3240 Vacuefacere
1444 3199 1608 3238 insulam
1637 3198 1794 3253 (ejectis
1822 3195 1973 3237 scilicet
1989 3196 2051 3235 in-

1213 3252 1334 3305 colis)
1363 3266 1402 3300 v,
1419 3257 1446 3294 2
1490 3252 1726 3292 vacuefacta
1744 3251 1849 3291 bello
1868 3250 2052 3303 possessi-

1215 3318 1309 3345 ones
1328 3306 1530 3358 (deserta,
1549 3311 1710 3345 vastatae
1730 3304 1856 3410 benc?
1885 3317 1949 3351 xx,
1970 3307 1995 3344 3

1843 3364 1854 3383 ⁸
1875 3358 2051 3397 vadimo-

1215 3412 1336 3451 nium’
1368 3412 1552 3452 definitur
1582 3413 1755 3466 sponsio,
1807 3414 1855 3452 ad
1903 3418 2049 3449 certum

1214 3465 1318 3507 diem
1338 3466 1498 3507 sistendi
1517 3478 1560 3507 se
1577 3466 1617 3507 in
1638 3466 1810 3521 judicio,
1843 3464 1903 3504 vel
1925 3477 1993 3515 per
2008 3476 2048 3502 se
