2306 3900
740 270 962 311 RERUM
1006 267 1081 310 ΕΤ
1122 268 1417 312 VERBORU
1429 272 1493 311 M.

267 392 393 432 stltuit
418 405 458 440 v,
474 396 502 434 2
545 393 587 431 in
607 390 755 445 oppido
774 393 880 434 Cltio
907 402 966 435 est
995 409 1095 435 mor·

266 453 356 486 tuus
384 459 424 495 v,
442 450 467 487 3
513 453 630 486 vento
656 446 839 499 aquilone
858 450 964 488 venit
983 449 1094 489 Lem-

265 513 357 540 num
387 501 414 548 i,
435 503 456 540 1
488 507 605 540 vento
623 501 741 540 borea
759 501 876 540 domo
896 502 1093 554 profectus

264 559 327 594 est
351 553 381 601 i,
399 558 426 594 2
454 567 572 594 naves
590 553 760 595 triremes
779 555 941 594 totidem
961 557 1011 594 ad
1030 570 1094 595 su-

260 603 434 660 periores
448 607 601 647 addunt
626 607 669 654 ii,
686 611 713 647 2
741 620 884 647 navem
901 608 1093 648 triremem

263 661 419 700 armatis
451 666 563 700 ornat
588 674 628 707 x,
663 665 692 702 9
736 661 938 714 (Similiter
973 663 1094 702 locuti

264 713 410 762 Cesar,
429 713 578 761 Livius,
595 719 638 754 et
665 714 846 755 Curtius:
879 729 918 756 ν.
946 715 1094 756 Sanctii

261 768 433 808 Minerv.
447 767 516 806 lib.
543 771 584 808 4.
612 768 664 807 de
681 767 757 807 En.
776 780 867 822 pag.
883 772 978 816 284,
998 773 1092 816 300,

262 828 306 862 et
333 824 430 862 321.
457 822 550 861 add.
569 821 764 862 Buchner.
782 823 834 862 de
851 835 992 863 comm.
1020 830 1092 864 rat.

262 875 343 917 dic.
360 875 390 922 i,
409 878 476 922 13,
492 880 532 915 5.
562 887 652 928 pag.
670 879 764 916 227.
783 874 887 930 seq.)

210 929 417 972 Foederata
432 929 568 968 civitas
595 928 704 976 xxiii,
725 932 750 968 3

210 984 353 1025 Foenus
369 983 440 1036 (de
457 981 600 1037 usuris)
627 996 715 1030 xxv,
735 987 762 1023 9

210 1037 348 1079 Forem
376 1037 484 1098 (pro,
501 1037 670 1087 essem):
711 1049 828 1088 quam
847 1048 936 1076 vere
966 1037 1018 1078 de
1043 1050 1091 1078 eo

262 1092 365 1132 foret
375 1090 598 1143 judicatum
616 1090 690 1130 διο.
719 1089 772 1138 vi,
788 1093 813 1129 3
858 1096 902 1130 ut
918 1103 1023 1144 saepe
1041 1092 1092 1130 ad

263 1143 576 1199 desperationem
593 1143 721 1184 forent
737 1144 901 1184 adducti
917 1144 1026 1193 xviii,
1039 1149 1092 1186 12

209 1197 328 1238 Fores
343 1197 501 1237 edificii
527 1196 635 1244 xxiii,
650 1201 702 1239 12

210 1251 319 1292 Foris
344 1250 523 1307 (adverb.
550 1249 594 1291 iu‘
621 1249 753 1302 loco):
801 1257 846 1290 ut
861 1251 955 1290 foris
973 1264 1092 1290 exau·

263 1305 340 1346 diri
357 1306 540 1358 strepitus
557 1312 690 1357 posset
715 1319 755 1351 x,
774 1307 803 1344 9
847 1304 1026 1358 (adverb.
1041 1306 1092 1344 de

262 1358 403 1411 locoz)
431 1357 523 1397 foris
555 1359 776 1412 flagitantes
805 1358 925 1397 telum
945 1358 1017 1412 (ab
1046 1359 1093 1397 iis

261 1413 332 1466 qui
346 1411 439 1451 foris
452 1411 696 1465 adstabant),
708 1410 806 1451 ibid.
825 1411 937 1464 (mox
951 1428 961 1452 ε
981 1413 1092 1466 Lyco

261 1479 334 1520 per
347 1465 536 1506 fenestras
555 1464 728 1518 gladium
747 1464 879 1518 dedit)

208 1518 349 1561 Forma
371 1519 542 1572 corporis
566 1517 804 1571 amplissima
819 1517 1093 1571 pulcherrima-

292 1587 342 1614 ue
368 1573 448 1622 xxi,
481 1576 503 1614 1
549 1572 797 1625 imperatoria
832 1572 1093 1626 (Imperatore

294 1628 385 1681 igna
398 1641 412 1678 ;
457 1638 546 1679 quae
581 1627 698 1679 longe
730 1626 889 1677 lateque
924 1630 1096 1665 ostentat

261 1682 548 1735 imperatorem,
565 1686 611 1718 ut
634 1681 687 1719 de
701 1677 871 1730 Trajano
886 1678 990 1718 Plin.
1017 1679 1095 1719 Pa-

260 1748 354 1789 neg.
371 1747 460 1788 cap.
494 1732 546 1786 4)
573 1733 644 1781 xi,
673 1736 699 1773 3
763 1731 910 1785 (Dioni
939 1733 1096 1785 egregia

261 1802 361 1830 voce
390 1801 540 1840 σεμνοτ
610 1786 652 1828 ὲς
673 1786 745 1826 τοῦ
763 1785 973 1838 προσώπου
997 1786 1094 1825 dici-

263 1848 339 1883 tur.
383 1842 450 1883 Sic
483 1840 539 1882 Ju
557 1867 570 1881 .
604 1840 853 1892 Capitolinus
889 1839 1095 1879 Pertinace

263 1910 301 1938 c.
320 1900 375 1938 12
411 1901 424 1920 ⁶
441 1901 588 1935 statura
603 1893 876 1947 imperatoria.’
903 1906 943 1933 v.
963 1892 1095 1933 Savar.

261 1950 353 1990 heic
384 1955 426 1990 et
452 1950 504 1989 ad
529 1948 665 1988 Sidon.
695 1951 732 1988 1.
759 1947 838 2000 Ep.
865 1950 906 1988 2.
934 1959 1026 1999 pag.
1053 1951 1094 1988 8.

263 2005 358 2044 add.
377 2002 485 2054 not.)
500 2002 663 2042 formam
675 2001 842 2054 alicujus
859 2013 1094 2053 cognoscere

263 2057 373 2112 (mox
381 2056 610 2110 explicatur,
620 2055 745 2108 qualis
757 2056 808 2094 sit
816 2053 912 2108 ὅτε.)
923 2054 1031 2102 xviii,
1042 2058 1093 2096 11

208 2109 520 2152 Formosissimus
534 2110 660 2150 aetatis
678 2122 758 2148 suae
774 2107 1001 2148 Alcibiades
1027 2107 1096 2155 vii,

266 2168 291 2206 1
342 2165 462 2205 Unde
488 2163 575 2216 ejus
603 2163 736 2202 vultus
760 2162 990 2214 paradigma
1006 2174 1096 2213 pro-

264 2231 334 2258 ver
359 2218 433 2258 iale
466 2217 602 2256 formae
637 2215 946 2268 speciosissimae.
990 2214 1096 2254 Vide

264 2269 769 2366 353⁸³⁸2³322⁶2W
789 2267 956 2363 &2321
977 2266 1097 2363 ⁶:533·

390 2351 403 2366 Ο
577 2349 589 2363 0
672 2353 685 2372 θ
732 2349 743 2362 O
956 2348 968 2362 Ι
1085 2348 1096 2362 fl

265 2386 350 2420 not.

212 2432 307 2474 Fors
324 2379 414 2488 (gro
426 2430 541 2486 casu)
559 2445 570 2471 e
588 2436 634 2471 ut
648 2442 842 2484 quemque
860 2439 908 2470 ex
920 2428 1097 2482 proximo

265 2487 394 2527 locum
413 2487 492 2526 fors
524 2485 730 2524 obtulisset
755 2485 834 2529 xvi,
862 2487 890 2524 2
930 2483 1015 2537 (Sic
1031 2482 1099 2522 Li-

266 2540 353 2580 vius
379 2538 485 2585 xxxi,
503 2540 572 2578 41.
614 2551 661 2577 ex
691 2537 846 2576 emend.
878 2535 1096 2575 Gronovii:

268 2599 282 2618 ⁶
296 2598 437 2639 castra,
473 2603 552 2644 quo
583 2590 662 2630 fors
694 2589 846 2628 tulisset
879 2588 983 2636 loco,
1016 2588 1100 2628 sine

268 2647 350 2687 ullo
366 2644 589 2686 discrimine
606 2642 762 2697 posita-³
804 2641 963 2681 Tacitus
990 2641 1098 2682 Ann.

267 2701 347 2749 xiv,
366 2706 408 2748 5,
434 2704 458 2739 5
498 2704 510 2722 ⁸
524 2710 658 2738 verum
674 2695 889 2737 Acerronia
906 2694 1033 2736 contis
1060 2701 1102 2735 et

267 2755 397 2802 remis,
422 2759 464 2793 et
481 2764 570 2805 quae
597 2752 676 2791 fors
703 2749 910 2797 obtulerat,
929 2748 1100 2790 navalib-

269 2809 358 2849 telis
374 2803 613 2859 conficitur’)

215 2863 341 2906 Fortis
375 2875 423 2902 ac
451 2866 629 2899 strennus
665 2854 1001 2911 (conjunguntur)
1036 2869 1100 2904 xv,

267 2922 310 2960 7.
337 2916 417 2956 xiv.
449 2917 476 2955 7
514 2912 624 2954 fortis
656 2923 773 2951 manu
819 2910 873 2958 iv,
912 2914 950 2952 1.
976 2910 1056 2958 xiv,
1078 2914 1099 2951 1

267 2970 362 3011 forti
379 2967 510 3009 animo
528 2967 667 3007 cedere
684 2964 842 3005 invidiae
860 2962 1026 3016 alicujus
1062 2976 1101 3011 v,

270 3028 297 3066 8
325 3020 522 3064 fortissimi
545 3021 751 3066 habentur,
769 3018 838 3072 qui
856 3024 898 3058 et
913 3017 1104 3071 potentis-

272 3077 362 3118 simi
387 3075 495 3123 xviii,
530 3077 556 3115 3
601 3073 751 3113 fortiter
786 3070 918 3112 venari
943 3071 1012 3120 vii,
1050 3075 1101 3112 11

271 3131 386 3185 (nam
404 3133 576 3169 veterum
594 3127 821 3167 venationes
839 3127 889 3165 ad
907 3125 1104 3165 fortitudi-

273 3197 363 3225 nem
395 3181 624 3234 spectabant
645 3180 856 3232 praecipue.
873 3179 954 3219 vid.
972 3178 1106 3219 Xeno-

274 3240 397 3291 phon.
415 3233 554 3276 Boecl.
598 3233 652 3272 Et
669 3232 898 3272 Aristoteles
924 3231 1043 3272 Polit.
1064 3235 1104 3272 1.

273 3305 362 3344 cap.
391 3293 430 3331 8.
487 3285 714 3339 θηρευτικὴν
743 3285 841 3324 dicit
873 3297 958 3324 esse
993 3283 1107 3337 μέρος

272 3348 345 3395 τῆς
379 3341 609 3392 πολεμικῆς.
661 3338 878 3377 Athenaeus
909 3350 1001 3376 vcro
1039 3338 1106 3376 lib.

276 3404 344 3442 lo.
372 3398 441 3445 ait,
458 3402 470 3419 ⁸
489 3395 539 3435 ad
557 3392 803 3432 venationem
818 3391 1027 3443 procedere
1041 3390 1108 3442 ju-

278 3463 399 3492 venes
411 3458 594 3502 tanquam
617 3447 666 3485 ad
687 3444 978 3485 meditationem
996 3445 1108 3485 belli-

241 3547 246 3551 ,
282 3517 413 3547 corum
432 3499 714 3557 periculorum·
743 3498 895 3551 Vorst.)

1896 260 2042 314 lxvii

1157 394 1328 436 Fortuna
1355 396 1416 450 (1.
1436 409 1520 450 pro,
1541 408 1664 436 rerum
1691 397 1944 436 humanarum
1964 398 2036 437 do-

1212 450 1330 497 mina,
1349 451 1407 490 uti
1422 450 1559 492 Cicero
1578 464 1664 491 eam
1687 463 1758 503 pro
1776 450 1839 490 Μ.
1865 450 2037 492 Marcel-

1211 503 1250 542 lo
1268 503 1498 557 describit):
1528 505 1683 544 fortuna
1709 516 1781 543 sua
1806 503 2038 552 mobilitate,

1211 569 1326 608 quem
1346 558 1464 608 paulo
1496 563 1588 596 ante
1619 558 1823 605 extulerat,
1851 558 2041 610 demergit

1211 623 1250 656 x,
1269 613 1296 650 6
1324 611 1508 650 saevitiam
1528 623 1635 650 suam
1653 611 1694 650 in
1713 610 1834 649 filium
1853 613 2039 659 exercuit,

1211 662 1306 702 ibid.
1351 664 1483 703 tribuit
1500 664 1578 716 (ei)
1602 665 1725 704 multa
1741 677 1865 716 eaque
1898 677 2040 718 magna

1208 715 1313 755 bona
1339 717 1406 763 vii,
1425 721 1452 758 2
1492 717 1589 756 nihil
1623 717 1662 756 ei
1690 730 1770 757 non
1801 716 1937 756 tribuit
1966 719 2041 771 (de

1210 769 1395 822 singulari
1428 770 1638 824 felicitate)
1682 784 1773 817 ην,
1810 774 1862 812 19
1911 772 2042 811 obstat

1209 823 1381 863 consiliis
1409 837 1447 872 x,
1467 826 1494 864 9
1539 837 1611 864 nos
1644 823 1868 877 superstites
1902 823 2039 866 Attico

1210 888 1294 916 esse
1308 877 1434 917 voluit
1459 891 1550 925 xxv,
1570 882 1622 919 19
1649 877 1691 916 in
1709 877 1833 931 praelii
1849 889 2041 918 concursu

1209 930 1374 982 plurima
1390 929 1504 984 (sibi)
1521 931 1696 972 vindicat
1720 930 1804 980 viii,
1823 934 1846 972 1
1874 931 2040 971 fortunae

1210 995 1350 1023 munus
1397 998 1484 1031 xxv,
1521 988 1546 1026 3
1608 984 1779 1039 (oppon.
1820 985 2038 1037 prudentiae

1210 1037 1423 1090 specimen,
1435 1037 1557 1092 ibid.)
1585 1038 1626 1077 in
1645 1052 1723 1091 quo
1738 1037 1904 1078 fortunae
1919 1039 2042 1078 varie-

1210 1096 1269 1130 tas
1305 1098 1367 1131 est
1397 1091 1664 1133 animadversa
1689 1091 1772 1139 xiii,
1804 1097 1830 1134 4
1875 1091 2041 1132 fortunae

1209 1149 1318 1184 tanta
1335 1146 1499 1186 varietas
1531 1146 1579 1185 iis
1611 1145 1850 1199 temporibus
1879 1145 1969 1194 fuit,
1995 1153 2044 1186 ut

1209 1199 1328 1238 modo
1353 1199 1409 1246 hi,
1427 1200 1546 1239 modo
1564 1199 1620 1238 illi
1640 1199 1716 1239 ὅτε.
1744 1213 1833 1246 xxv,
1853 1202 1906 1239 10
1952 1199 2041 1252 qui-

1208 1251 1281 1291 bus
1311 1253 1354 1292 in
1390 1252 1495 1292 bello
1527 1259 1699 1306 parserat
1730 1253 1887 1293 fortuna
1913 1252 1994 1300 viii,
2017 1258 2039 1294 l

1207 1305 1396 1359 quamdiu
1427 1306 1585 1346 fortuna
1615 1319 1730 1359 passa
1762 1312 1823 1346 est
1862 1306 1970 1353 xxiii,
1991 1310 2042 1347 13

1210 1365 1255 1400 ut
1273 1360 1306 1398 si
1323 1360 1364 1398 in
1383 1373 1454 1399 sua
1477 1373 1597 1400 mauu
1614 1366 1718 1400 esset
1734 1361 1890 1400 fortuna
1915 1359 2000 1407 xiii,
2015 1364 2040 1401 3

1210 1412 1297 1465 (Sic
1316 1413 1529 1454 Lambinus
1557 1419 1599 1453 et
1627 1413 1695 1452 alii
1713 1413 1867 1465 legend.
1885 1419 2043 1465 putant,

1209 1471 1251 1504 et
1266 1466 1432 1519 intellig.
1461 1468 1513 1508 de
1543 1467 1732 1519 obsequio
1758 1467 1924 1505 fortunae
1942 1479 2043 1506 sem-

1210 1531 1282 1571 per
1314 1519 1495 1568 faventis,
1541 1533 1742 1574 nunquam
1778 1521 2016 1560 adversantis
2030 1536 2043 1570 ;

1211 1585 1291 1625 quo
1326 1575 1466 1613 eodem
1498 1587 1615 1614 sensu
1647 1573 1804 1614 Curtius
1845 1587 1884 1621 x,
1921 1579 1962 1621 5,
1989 1577 2041 1614 35

1210 1626 1478 1667 Alexandrum
1518 1628 1618 1667 dixit
1662 1633 1675 1651 ‘
1695 1627 1820 1667 solum
1870 1627 2043 1666 omnium

1211 1681 1430 1720 mortalium
1461 1681 1658 1720 fortunam
1685 1681 1729 1720 in
1760 1686 1955 1732 potestate
1973 1681 2043 1719 ha-

1210 1733 1368 1774 buisse!
1407 1734 1555 1774 Verum
1585 1746 1658 1774 nos
1688 1733 1909 1773 edidimus:
1939 1733 2044 1773 utin

1212 1799 1284 1826 sua
1300 1787 1391 1826 navi
1410 1794 1514 1826 esset
1531 1785 1723 1838 fortuna).
1767 1787 1800 1826 si
1816 1786 1873 1827 ita
1891 1786 2045 1827 tulisset

1210 1840 1367 1880 fortuna
1394 1841 1501 1888 xviii,
1519 1845 1547 1882 6
1593 1841 1773 1896 (Scilicet
1787 1846 1973 1894 tanquam
1992 1841 2044 1880 de

1211 1892 1303 1934 Dea
1319 1893 1375 1934 ita
1392 1894 1606 1948 loquuntur
1624 1894 1812 1948 gentiles:
1843 1907 1932 1935 cum
1957 1893 2045 1934 illa-

1210 1961 1296 1988 rum
1313 1960 1452 1996 rerum,
1470 1961 1559 2002 quae
1574 1961 1663 1988 suas
1677 1960 1815 1988 causas
1831 1954 1872 1988 et
1885 1947 2045 1988 interio-

1211 2014 1271 2041 res
1297 2002 1467 2041 rationes
1495 2002 1717 2042 hominibus
1747 2014 1828 2040 non
1857 2002 2045 2052 produnt,

1213 2055 1583 2096 administrationem
1598 2055 1736 2096 volunt
1750 2054 1934 2094 innuere:
1964 2054 2046 2095 sive

1214 2115 1397 2148 eventurn
1433 2110 1596 2162 potius3
1641 2122 1732 2149 nam
1766 2107 1960 2161 ignoratio
2003 2114 2047 2148 et

1213 2162 1408 2215 neglectio
1442 2163 1595 2202 virtutis
1636 2161 1953 2212 administrantis,
2000 2168 2047 2201 ut

1215 2215 1271 2255 sic
1287 2215 1431 2263 dicam,
1445 2222 1505 2257 tot
1519 2217 1605 2257 illas
1623 2213 1851 2268 ἀντιφάσεις
1867 2215 1910 2256 ἔν
1925 2227 2045 2268 προσ·

1214 2267 1388 2322 κειμένῳ,
1417 2270 1526 2323 quod
1550 2269 1779 2310 Aristoteles
1796 2269 1957 2317 diceret,
1975 2281 2047 2322 pe·

1213 2324 1330 2376 perit,
1348 2335 1446 2376 quas
1462 2336 1539 2364 nec
1553 2322 1674 2364 hodie
1699 2324 1791 2362 satis
1809 2323 1964 2370 vitatas,
1982 2336 2046 2362 os-

1214 2381 1329 2417 tensa
1345 2389 1436 2417 vera
1461 2376 1580 2430 hujus
1597 2377 1674 2418 loci
1682 2369 1955 2430 philosophia,
1971 2389 2046 2429 pu-

1214 2430 1362 2470 defecit
1392 2430 1491 2470 seria
1524 2430 1694 2471 Barclaii
1722 2429 1940 2470 dissertatio
1971 2429 2047 2469 Ar-

1214 2484 1346 2575 genid.
1358 2483 1386 2522 1.
1397 2487 1440 2524 4.
1450 2482 1609 2537 Boecl.)
1636 2483 1698 2537 (2.
1716 2496 1801 2535 pro,
1816 2483 2018 2535 successu)
2035 2498 2045 2521 ε

1231 2542 1370 2576 ortuna
1382 2538 1555 2576 secunda
1565 2549 1624 2576 res
1639 2549 1799 2588 magnas
1818 2536 1935 2588 gessit
1952 2535 2046 2583 xxii,

1214 2591 1242 2630 4
1268 2589 1424 2629 fortuna
1442 2589 1615 2629 secunda
1632 2589 1935 2629 adversariorum
1953 2602 2048 2641 cap·

1216 2643 1246 2681 ti
1274 2643 1303 2691 i,
1338 2647 1364 2684 2
1410 2643 1514 2682 idem
1547 2655 1636 2684 cum
1673 2655 1857 2695 prospera
1891 2642 2049 2682 fortuna

1216 2709 1340 2749 prope
1367 2696 1418 2736 ad
1453 2709 1599 2737 annum
1637 2709 1774 2735 Lxxx.
1810 2696 2049 2748 pervenisset

1216 2749 1295 2798 xix,
1308 2753 1334 2791 2
1363 2750 1447 2814 <Sic
1462 2750 1564 2790 enim
1577 2750 1776 2803 Schoppio
1791 2749 2047 2802 leg.videtur,

1217 2817 1298 2844 non
1320 2809 1334 2828 ‘
1347 2803 1504 2851 eidem,'
1519 2804 1627 2857 quod
1644 2804 1686 2842 in
1706 2803 1810 2843 libris
1830 2810 1911 2842 tum
1930 2816 2048 2842 manu

1217 2857 1383 2898 exaratis
1399 2863 1481 2897 tum
1507 2857 1700 2910 impressis
1718 2856 1949 2910 invenitur).
1985 2858 2051 2910 (3.

1217 2924 1302 2964 pro,
1317 2911 1441 2964 statu)
1461 2925 1470 2950 z
1488 2911 1681 2952 fortunam
1693 2911 1753 2950 sui
1767 2909 1910 2962 cuique
1924 2923 2049 2949 mores

1218 2965 1371 3019 fingunt
1388 2978 1478 3013 xxv,
1491 2969 1538 3006 11
1594 2965 1721 3016 mcxx)
1732 2963 1945 3005 conciliant
1960 2977 2049 3010 xxv,

1220 3023 1274 3061 19
1319 3031 1504 3059 conversa
1539 3032 1583 3059 su
1612 3019 1668 3059 ito
1698 3018 1854 3058 fortuna
1870 3023 1932 3057 est
1958 3029 2049 3063 xxv,

1220 3076 1274 3114 10
1301 3073 1457 3113 fortuna
1475 3073 1647 3113 secunda
1659 3070 1932 3111 fundumemit
1957 3082 2048 3116 xxv,

1219 3131 1250 3167 9
1274 3127 1313 3165 in
1329 3126 1502 3166 secunda
1519 3139 1636 3178 quam
1654 3126 1693 3164 in
1712 3126 1872 3163 adversa
1893 3123 2049 3163 fortuna

1219 3179 1539 3219 inconsideratior
1573 3178 1649 3217 fuit
1693 3178 1746 3223 ix,
1766 3183 1790 3217 ὓ
1836 3176 2048 3215 secundam

1221 3246 1339 3286 quam
1374 3234 1574 3272 adversam
1605 3232 1801 3270 fortunam
1836 3229 1958 3269 multo
1983 3242 2047 3268 sa·

1223 3285 1396 3339 pientius
1443 3285 1534 3323 tulit
1579 3297 1642 3331 xx,
1682 3287 1702 3324 l
1760 3296 1849 3324 cum
1887 3283 2050 3322 adversa

1223 3339 1379 3379 fortuna
1415 3337 1660 3378 conflictatus
1691 3343 1750 3379 est
1786 3336 1864 3384 xvi,
1899 3341 1925 3376 5
1971 3337 2049 3374 for-

1224 3398 1322 3431 tuna
1369 3404 1450 3431 non
1499 3389 1666 3445 simplici
1711 3390 1956 3430 conflictatus
2007 3390 2047 3426 in

1225 3445 1285 3485 his
1324 3446 1437 3485 rebus
1467 3450 1526 3485 est
1567 3448 1673 3492 xx,l
1738 3444 1784 3495 (i.
1821 3458 1856 3483 e.
1891 3443 2047 3481 fortuna

1225 3499 1341 3548 varia,
1372 3499 1432 3539 vel
1461 3505 1635 3552 utraque,
1656 3504 1699 3539 ut
1733 3498 1823 3538 alibi
1842 3493 2048 3548 loquitur).
