2306 3900
315 242 424 298 586

316 375 505 429 pulatnr,
550 373 778 428 inquiens':
820 375 833 398 ‘
855 375 1196 429 Epaminondam

316 444 516 480 coactum
545 436 680 479 fuisse
712 450 883 480 causam
912 439 1070 492 capitis
1099 452 1197 481 cum

248 534 251 538 ,
316 501 495 552 collegis
515 500 688 542 dicere.’
716 501 894 552 Magius.

374 564 539 603 Omnem
555 567 601 603 ut
618 575 774 604 causam
791 565 834 604 in
851 576 891 604 se
914 564 1195 617 transferrent]

317 624 387 666 Ad
423 625 601 666 verbum
637 627 924 668 Plutarchus:
972 626 1026 670 εἷς
1059 627 1198 669 ἑαυτὸν

317 687 522 742 ἀναφέρειν
536 690 612 739 τὴν
630 689 771 732 αἰτίαν.
823 691 959 733 Simili
972 685 1197 745 propemo-

317 754 418 794 dum
436 759 563 806 pacto
583 755 719 795 evasit
736 755 826 795 sive
848 755 911 796 M.
931 755 1090 807 Naevfi,
1106 755 1197 796 sive

315 810 580 858 Petiliorum'
597 817 811 870 judicium
833 819 886 859 P.
905 818 1052 871 Scipio
1082 819 1197 871 apud

316 880 462 921 Valer.
499 881 740 922 Maximum
759 881 833 922 lib.
851 893 924 922 111.
942 885 982 922 ¹7.
1003 887 1040 924 1.
1071 883 1198 924 Gebh.

375 944 432 983 Ut
449 944 492 984 iu
508 944 680 996 periculo
697 957 766 985 suo
787 944 1087 997 conscriberent]
1115 947 1199 986 Tu-

317 1013 446 1047 entur
471 1007 581 1048 hanc
614 1007 844 1048 lectionem
873 1007 1074 1059 CuJacius
1108 1008 1199 1049 Ob·

316 1075 474 1111 servat.
494 1081 537 1111 v.
557 1075 624 1112 25.
647 1076 693 1112 et
718 1071 890 1124 paratit.
919 1072 962 1111 in
981 1072 1052 1113 tit.
1073 1072 1200 1114 Codi-

316 1136 378 1176 cis
392 1139 457 1177 44.
469 1136 525 1176 de
541 1144 652 1177 sent.
669 1149 724 1177 ex
739 1138 931 1191 periculo
945 1139 1176 1180 recitandis
1191 1153 1202 1180 ε

315 1203 365 1239 et
391 1199 632 1252 Schoppius
663 1201 897 1242 Verisimil.
926 1201 1001 1243 lib.
1038 1214 1100 1243 ιν.
1135 1206 1214 1244 18..

315 1261 401 1302 nisi
420 1261 535 1316 quod
565 1263 635 1304 hic
663 1263 793 1304 etiam
813 1265 999 1317 corrigat
1015 1265 1202 1306 inscribe-

312 1330 417 1368 rent.
473 1326 707 1368 Lambinus
726 1328 1003 1381 conjectabat
1020 1328 1064 1370 in
1089 1329 1202 1382 cippo

316 1402 393 1430 seu
426 1391 579 1443 cippulo
604 1403 701 1431 suo.-
728 1391 944 1432 Memnius
978 1393 1022 1432 in
1048 1394 1203 1445 scapulo

313 1465 406 1494 suo.-
436 1454 606 1505 Magius
635 1453 851 1495 breviculo.-
879 1455 1113 1508 Longolius
1134 1468 1201 1508 pe-

313 1516 494 1569 ristylio:
521 1516 611 1571 (est
625 1522 768 1558 autem
783 1518 1050 1570 peristylium
1067 1524 1202 1560 struc-

315 1585 430 1632 tura,
447 1592 544 1634 quae
563 1580 782 1621 columnas
800 1581 1023 1635 conjungit
1042 1595 1202 1636 easque

315 1643 482 1693 ambit3
512 1643 687 1696 ponitur
716 1655 798 1696 pro
830 1643 935 1696 ipsis
964 1645 1197 1687 columnis:

317 1705 490 1747 accedit
510 1706 565 1747 ad
592 1706 708 1747 illam
742 1707 999 1748 sententiam
1029 1709 1203 1749 Plutar-

315 1770 420 1811 chus
438 1768 472 1823 ε)
491 1769 629 1810 Aldus
647 1770 835 1823 sepulcro.
864 1771 1042 1813 Savaro.
1059 1773 1200 1814 Gebh.

316 1832 451 1885 Hugo
484 1834 665 1875 Grotius
698 1834 850 1875 mallet
885 1835 1123 1887 par-iculum,
1158 1836 1203 1877 in

315 1897 540 1949 sparsione
566 1896 722 1939 florum
741 1898 796 1939 ad
827 1899 908 1941 Jus
925 1899 1204 1942 Justinianae·

312 1972 402 2001 um.
443 1961 579 2003 Boecl.
648 1962 907 2004 Plutarchus
940 1968 987 2004 et
1015 1964 1205 2004 AElianus

313 2024 471 2075 στήλην
488 2029 661 2078 vocant,
681 2030 727 2066 et
752 2026 1000 2078 intelligunt
1029 2026 1204 2080 cippum

315 2090 386 2131 vel
406 2090 578 2131 titulum
606 2089 841 2143 sepulchri,
868 2095 918 2131 ut
935 2090 1052 2144 apud
1071 2091 1204 2134 Juve-

316 2154 483 2195 nalemz
515 2153 672 2194 ‘titulo
705 2165 776 2194 res
809 2154 941 2207 digna
958 2155 1207 2208 sepulchri.'

316 2215 578 2257 Plutarchus
609 2216 655 2256 in
673 2217 995 2269 Epaminonda:
1042 2218 1205 2269 Ἀξιοῦν,

318 2278 353 2320 εἲ
362 2278 642 2320 ἀποκτείνωσιν
654 2278 786 2333 αὐτὸν,
796 2279 1001 2333 ἐπιγράψαι
1010 2283 1063 2335 τῇ
1073 2279 1205 2335 στήλῃ

315 2342 392 2392 τὴν
409 2342 634 2392 καταδίκην.
690 2343 875 2395 Proprie
889 2344 1108 2396 periculum
1135 2348 1204 2385 est

317 2407 393 2461 qui
413 2407 581 2449 Graecis
602 2404 790 2457 ἔλεγχος,
812 2406 964 2447 titulus
985 2406 1054 2447 vel
1073 2405 1203 2447 index

319 2471 376 2512 ad
396 2471 555 2525 aliquid
585 2470 908 2512 declarandum.
965 2470 1082 2512 Hinc
1100 2469 1204 2523 ‘pe-

318 2535 502 2576 riculum
519 2534 700 2587 alicujus
719 2534 783 2574 rei
801 2532 977 2582 facere‚’
999 2539 1067 2575 est
1087 2532 1205 2585 ἔλεγ-

318 2612 397 2650 χον
421 2599 570 2650 ποιεῖν,
584 2596 783 2649 ἐλέγχειν.
839 2596 1125 2638 Callimachus
1161 2597 1205 2637 in

318 2663 643 2715 Epigrammate
684 2658 876 2712 ἆνεκδότῳ
913 2660 968 2701 de
1015 2660 1203 2702 Oreste:

319 2726 411 2767 Οὐδ’
453 2723 566 2772 ἔλαβ’
604 2721 782 2775 ἐξέτασιν
816 2724 888 2764 τοῦ
919 2722 1090 2773 Φωκέως,
1120 2722 1207 2766 ἅτις

321 2789 483 2842 ἐλέγχει
500 2789 576 2830 Τὸν
593 2788 726 2842 φίλον,
741 2788 851 2829 ἀλλὰ
865 2786 929 2829 ocal
945 2787 987 2829 ἓν
1005 2789 1112 2841 δρᾶμ’
1133 2787 1207 2829 ἐδί-

323 2857 414 2906 δαξε
441 2853 574 2906 μόνον.
630 2853 757 2895 Unde
779 2853 1016 2906 periclitari,
1037 2866 1114 2906 pro
1133 2866 1206 2895 ex-

319 2920 492 2972 plorare
526 2924 571 2958 et
607 2928 884 2969 cognoscere,
922 2916 1053 2957 etiam
1091 2917 1205 2969 apud

322 2986 592 3026 Ciceronem.
650 2984 708 3023 Et
735 2984 749 3006 ‘
767 2983 1005 3036 periclitari
1033 2989 1207 3023 naturas

319 3045 543 3096 Iocorum(
569 3046 728 3085 Solino.
785 3045 854 3085 Ab
874 3045 1054 3098 antiquo
1074 3046 1207 3086 verbo

319 3110 467 3163 perior,
481 3109 600 3162 cnjus
616 3108 899 3160 compositum
911 3108 1106 3160 experior.
1135 3108 1206 3148 In-

321 3175 379 3215 de
397 3179 444 3214 et
464 3173 639 3226 pericula
663 3172 982 3223 magistratuum,
1001 3170 1117 3223 apud
1136 3171 1208 3212 ei·

324 3250 411 3279 cer.
424 3237 467 3278 in
484 3238 664 3278 Verrem
678 3235 755 3276 lib.
772 3245 846 3276 ιιι.
862 3235 1035 3275 tabellae
1048 3228 1103 3275 e'x
1116 3235 1207 3288 qui-

321 3301 402 3342 bus
439 3301 697 3341 sententiam
728 3298 991 3340 recitabant.
1037 3299 1206 3340 Salmas.

322 3364 485 3414 Magno
514 3364 555 3402 in
588 3364 685 3404 libr.
705 3363 919 3403 Notarum
947 3363 1007 3404 D.
1022 3362 1075 3405 P.
1104 3363 1119 3387 ‘
1136 3363 1205 3404 De

325 3426 550 3485 periculo.’
591 3426 777 3468 Collatia
793 3426 1139 3479 Carthaginensis
1155 3438 1207 3467 11.

699 257 878 298 No'rAE
923 257 1252 298 VARmRUM
1293 258 1358 298 IN
1402 260 1454 300 C.
1490 258 1755 299 NEPOTIS

1259 390 1299 419 c.
1333 381 1402 419 68.
1447 378 1686 420 ‘memores
1719 375 1930 431 periculi.'
1973 377 2137 419 Savum.

1259 441 1445 483 Videtur
1465 447 1609 483 autem
1633 442 1715 483 hoc
1742 441 1844 482 mihi
1864 441 2024 482 sentire
2047 441 2138 482 Ne·

1260 517 1352 556 pos,
1378 505 1716 559 Epaminondam
1741 517 1787 545 se
1819 504 1990 558 quidem
2015 498 2139 545 obtu-

1258 567 1358 608 lisse
1391 580 1557 621 poenae3
1585 569 1660 609 sed
1682 569 1870 622 petiisse,
1901 568 2012 609 utin
2031 567 2140 609 actis

1260 630 1360 683 illis,
1378 631 1421 672 in
1441 632 1595 685 quibus
1626 644 1747 672 suum
1775 631 2031 684 periculum,
2056 630 2141 670 usi-

1259 700 1354 737 tato
1368 696 1564 737 omnibus
1578 696 1826 737 civitatibus
1840 707 1974 748 more,
1985 694 2039 735 ad
2055 706 2142 735 me·¹
2225 735 2230 737 ,

1259 760 1436 800 moriam
1454 764 1694 810 notaretur,
1715 759 1821 799 talia
1839 757 2144 807 inscriberent,

1261 835 1356 876 quoe
1376 822 1611 874 subjungit.
1664 821 1843 862 Habent
1860 821 2022 875 quippe
2041 820 2144 861 civi-

1261 890 1376 926 tates
1395 885 1505 926 bene
1537 886 1788 925 constitutae
1810 885 1978 926 tabulas
2005 885 2144 938 publi-

1261 960 1353 1000 cas,
1369 948 1413 988 in
1433 959 1539 1002 quas
1567 949 1706 989 relata
1724 948 1898 988 nomina
1915 952 1960 988 et
1978 960 2142 990 caussae

1263 1012 1477 1064 supplicio
1511 1009 1780 1052 affectorum.
1835 1011 1954 1052 Hinc
1987 1011 2144 1052 intelll-

1263 1074 1427 1127 gendus
1457 1075 1552 1116 Val.
1587 1075 1707 1115 Max.
1741 1074 1816 1115 lib.
1852 1085 1916 1115 ιΧ.
1949 1077 1992 1117 8.
2019 1073 2074 1116 de
2093 1074 2142 1115 L.

1264 1138 1410 1178 Sulla:
1439 1139 1452 1162 ⁴
1472 1139 1672 1180 Quatuor
1688 1138 1822 1178 millia
1839 1143 1885 1178 et
1900 1136 2148 1190 septingen-

1266 1207 1333 1242 tos
1354 1201 1459 1243 dirae
1479 1202 1807 1255 proscriptionis
1824 1200 1966 1242 edicto
1975 1201 2146 1254 jugula-

1267 1271 1334 1307 tos
1351 1266 1395 1306 in
1426 1267 1593 1307 tabulas
1613 1265 1810 1318 publicas
1839 1265 2007 1315 retulit,
2027 1263 2147 1304 vide-

1265 1329 1370 1370 licet
1389 1341 1445 1370 ne
1476 1329 1684 1370 memoria
1709 1334 1798 1369 tam
1832 1328 2054 1382 praeclarae
2083 1328 2146 1368 rei

1265 1391 1532 1433 dilueretur.’
1562 1391 1689 1432 Gebh.

1315 1455 1437 1506 Apud
1465 1455 1656 1507 Leuctra]
1688 1453 1777 1493 Alii
1808 1451 2007 1493 videntur
2034 1452 2147 1494 velle

1263 1529 1315 1558 ac
1359 1517 1622 1570 significare,
1666 1517 2010 1569 Epaminondam
2051 1527 2147 1558 cum

1263 1582 1350 1623 suis
1376 1581 1555 1634 collegis
1583 1581 1787 1622 adversus
1818 1581 1959 1633 legem
1977 1579 2153 1621 commi-

1264 1646 1367 1686 sisse
1382 1650 1481 1698 post
1492 1657 1678 1697 pugnarn
1695 1644 1982 1685 Leuctricam.
2009 1641 2148 1683 Lamb.

1318 1709 1453 1749 Ausus
1459 1707 1550 1757 fait
1572 1705 1766 1759 aspicere]
1791 1705 2033 1757 Ἦνόλμησεν
2049 1705 2150 1747 ἅντι-

1265 1768 1444 1822 βλέπειν,
1462 1771 1531 1812 vel
1563 1770 1862 1822 ἀντοφθαλμεῖν,
1889 1769 1971 1810 hoc
1989 1775 2073 1820 est,
2088 1767 2150 1821 ὄρ·

1267 1837 1347 1876 θοΐς
1374 1835 1521 1886 ὄμμασι
1551 1831 1830 1887 προσβλέπειν,
1849 1835 1974 1884 rectit
1996 1835 2037 1873 et
2055 1830 2152 1872 irre-

1265 1899 1383 1941 tortis
1399 1900 1522 1940 oculis
1535 1899 1697 1940 intueri.
1745 1896 2027 1938 Proverbium
2045 1897 2150 1938 olet.

1267 1964 1526 2007 Notavimus
1558 1963 1604 2004 in
1629 1963 1871 2004 comment.
1899 1959 2154 2002 Horatianis

1268 2027 1323 2069 ad
1343 2027 1461 2068 illum
1481 2027 1623 2067 locum
1653 2025 1741 2067 Od.
1769 2024 1841 2066 lib.
1859 2034 1913 2066 ιι.
1927 2026 1968 2065 2.
1993 2024 2007 2047 ‘
2023 2023 2152 2066 Quis·

1268 2092 1361 2146 quis
1379 2089 1591 2143 ingenteis
1608 2089 1735 2130 oculo
1749 2088 1953 2129 irretorto
1969 2086 2154 2139 Spectat

1266 2154 1476 2197 acervos!
1502 2153 1644 2194 Lamb.
1699 2153 1817 2204 Ergo
1836 2151 1927 2192 solo
1945 2154 2047 2191 ante
2065 2149 2152 2190 lm·

1266 2224 1515 2273 perator-em
1555 2214 1895 2270 Epaminondam
1940 2213 2153 2266 adspectu

1266 2281 1462 2322 Boeotios
1509 2279 1789 2320 debellabant
1825 2272 2153 2319 Lacedoemonii.

1265 2345 1320 2386 Id
1365 2343 1544 2386 terroris
1589 2342 1811 2383 habebant
1857 2346 1905 2381 et
2019 2338 2150 2383 mani.

1264 2408 1402 2450 Tacit.
1433 2405 1550 2448 Ann.
1584 2405 1662 2446 lib.
1699 2416 1771 2446 111.
1807 2408 1875 2446 45.
1916 2405 1930 2428 ‘
1981 2402 2154 2445 iderent

1266 2473 1393 2514 modo
1422 2470 1626 2514 adversos
1659 2475 1705 2510 et
1734 2468 2078 2522 adspicerentur,
2106 2467 2153 2508 id

1268 2536 1372 2577 stis
1409 2534 1464 2575 ad
1499 2533 1758 2574 victoriam.'
1832 2532 1994 2573 Iterum
2031 2529 2151 2574 Hist.

1267 2592 1298 2640 li
1334 2627 1344 2639 .
1366 2608 1437 2640 ιιι.
1456 2600 1524 2638 24.
1549 2597 1562 2620 ‘
1578 2597 1754 2637 Frustra
1771 2595 1898 2636 minis
1929 2600 1977 2636 et
2010 2594 2153 2636 verbis

1269 2675 1298 2715 p
1326 2665 1532 2702 evocatos
1550 2659 1823 2711 Vitellianos,
1847 2658 1883 2699 si
1910 2669 2062 2699 manus
2081 2669 2154 2699 eo-

1269 2727 1363 2765 rum
1379 2724 1613 2776 oculosque
1634 2734 1719 2764 non
1740 2721 1961 2763 tolerent.’
2007 2720 2154 2762 Coesar

1273 2790 1323 2831 B.
1344 2789 1399 2830 G.
1432 2787 1508 2828 lib.
1538 2798 1571 2829 ι.
1599 2787 1944 2839 ‘Saepenumero
1974 2797 2072 2826 cum
2101 2784 2153 2825 iis

1270 2867 1541 2909 congressos,
1559 2866 1613 2894 ne
1643 2854 1809 2894 vultum
1830 2851 2002 2906 quidem
2022 2856 2152 2904 atque

1270 2920 1408 2961 aciem
1427 2918 1647 2959 oculorum
1666 2915 1783 2956 ferre
1802 2912 2020 2967 potuisse-²
2058 2914 2154 2954 Liv.

1271 2985 1343 3026 lib.
1358 2995 1441 3025 vu.
1456 2986 1522 3022 33.
1549 2983 1561 3004 ‘
1575 2979 1789 3021 Samnites
1804 2989 1899 3018 cum
1912 2987 2156 3030 quaereren-

1271 3050 1358 3098 tur,
1378 3056 1575 3099 quaenam
1606 3042 1744 3096 prima
1761 3053 1894 3081 causa
1913 3046 2002 3081 tam
2021 3039 2155 3080 obsti-

1270 3115 1394 3151 natos
1429 3107 1636 3154 movisset
1670 3104 1716 3145 in
1752 3103 1926 3156 fugam?
1991 3103 2153 3145 Oculos

1270 3173 1350 3214 sibi
1369 3173 1654 3213 Romanorum
1671 3168 1950 3210 arderevisos
1963 3166 2155 3217 aiebant,

1270 3247 1452 3278 vesanos
1478 3234 1622 3275 vultus
1640 3236 1686 3273 et
1702 3231 1894 3273 furentia
1912 3230 2014 3272 ora?
2067 3230 2154 3271 Po·

1270 3300 1409 3354 lybius
1442 3297 1552 3339 dixit
1582 3295 1705 3338 οὐδεὶς
1735 3295 1879 3346 ἐτόλμα
1905 3292 2032 3344 μένειν
2054 3293 2154 3335 κατὰ

1268 3363 1483 3417 πρόσωπον.
1529 3361 1642 3403 Item
1660 3360 1734 3400 lib.
1752 3370 1823 3399 ιιι.
1849 3355 1901 3398 ὃν
1916 3354 2155 3405 ἡττηθέντων

1269 3427 1391 3471 οὐδεὶς
1415 3424 1470 3468 ἔτι
1487 3427 1563 3466 τῶν
1582 3422 1688 3466 ἐντὸς
1717 3421 1871 3474 Ἴβηρος
1895 3421 2070 3471 ποταμοῦ
2087 3421 2152 3474 ῥᾳ-
