2306 3900
0 388 13 580 *affirm-“-

668 244 1254 296 V11.A1.01131ADEM,
1292 245 1430 286 oAP.
1467 234 1519 286 5.
1599 256 1602 258 ·

177 361 295 404 ribus
312 361 406 414 freq
413 363 558 414 uenti3
576 367 634 404 ut
643 363 824 415 captioei,
840 362 995 450 conieci,
1013 368 1061 403 et

175 425 346 468 similia.
373 393 583 468 Keuohosi.
637 435 639 438 ⁴
671 439 674 441 ·

176 483 488 594 ὠδιρῆὶνοςαπέε
509 464 763 540 mameae]
792 488 981 541 Agnonis
1010 488 1058 528 fi-

176 545 485 605 liotw'l'rlwcyda
507 551 583 592 Καὶ
606 552 685 605 ’γὰρ
720 554 757 591 ὁ
764 554 837 601 τῆς
858 550 1060 593 πολιτείας

175 614 445 667 ἁψόμενος
473 614 710 669 Θηραμέιηις,
730 615 839 668 ἀνὴρ,
858 614 892 656 εἰ
909 616 979 656 καί
997 629 1059 656 τις

177 679 318 730 m,
334 677 551 730 δόξαι-εἷναι
569 679 744 730 συνετὸς,
766 681 824 729 τῷ
843 678 948 728 δήμῳ
968 690 1058 718 συν-

177 741 392 789 εβούλευσε
442 741 634 794 κατάγειν
675 743 763 782 τὸν
792 741 1057 790 Ἀλκιβιάδην

178 805 353 846 Diodor.
373 806 446 845 lib.
468 817 576 846 xm.
714 831 721 836 -

209 867 462 918 mucan]
523 868 593 908 Ita
624 874 774 910 noster
811 842 975 919 Codex,
1015 872 1060 909 et

174 934 277 983 post
307 930 584 981 Longolium
595 931 838 972 Lambinus.
894 930 1058 971 Gifanii

136 990 140 992 ’
176 1002 331 1035 tamen
347 995 535 1046 sebedae,
556 1001 614 1036 ·et
644 996 936 1048 Ultrajectina
954 996 1058 1036 Edi-

0 3414 6 3434 l

0 3466 30 3672 k
110 3631 140 3646 ι

174 1057 253 1109 tio,
265 1058 509 1109 populiscitu,
522 1059 635 1111 quod
656 1060 794 1100 rarius
807 1065 888 1100 est.
935 1060 998 1099 Ut
1013 1064 1058 1100 et

174 1119 297 1160 int-'n-
317 1121 359 1160 in
389 1121 713 1172 Epaminonda:
760 1123 772 1144 ‘
800 1121 1057 1173 populiscitu

175 1196 260 1225 non
288 1185 444 1236 -paruit
474 1184 502 1233 ;’
549 1191 682 1237 atque
733 1186 803 1226 inv
835 1186 1055 1226 Phocione

172 1247 360 1299 scriptus
379 1247 488 1288 liber
517 1253 564 1288 et
592 1249 820 1301 Ultraject.
852 1247 1055 1290 Schottus.

227 1310 402 1362 Parique
432 1311 568 1351 absens
611 1311 776 1362 imperio
816 1310 1053 1363 praefict'tur]

174 1371 441 1419 Membranae
474 1380 635 1414 nostrae
673 1374 860 1425 integre,
892 1373 1055 1424 parique

175 1435 482 1487 ministerio
497 1436 689 1488 reficitur.
715 1436 854 1476 Idem.
873 1444 878 1451 '

230 1497 358 1538 filma
383 1498 632 1538 commutatio
671 1509 804 1538 rerum
825 1497 942 1546 facto
975 1497 1052 1550 est]

173 1559 246 1600 De
264 1571 347 1612 qna
382 1560 482 1600 vide
511 1561 748 1602 Isocratem
765 1560 858 1613 περὶ.
876 1558 1055 1612 ζεύγους,

174 1622 497 1664 et‘Diodornm
528 1624 602 1664 lib.
637 1635 734 1665 xiv.
767 1624 869 1675 μετὰ
899 1623 943 1664 δέ
965 1638 1055 1664 τινα

174 1684 317 1737 χρόνον
338 1687 473 1737 τυχὸν
495 1688 570 1735 τῆς
597 1686 760 1728 καθόδου
781 1687 855 1728 καῖ
863 1686 1057 1737 δυνάμεως

173 1748 435 1801 πτησόμενος,
461 1752 631 1790 ιπολλαῖς
650 1749 723 1800 μὲν
739 1749 884 1801 μάχαις
904 1749 1057 1798 ἐνίκησε

175 1812 508 1866 Λακεδαιμονίους,
523 1812 588 1853 καὶ
605 1812 750 1854 τελέως
773 1813 826 1853 τὰ
848 1816 936 1853 τῶν
942 1814 1055 1860 Ἀθη·

175 1874 291 1916 ναίων
305 1873 519 1927 πράγματα
543 1875 718 1917 πεσόντα
744 1874 864 1916 πάλιν
890 1876 1057 1928 ἤγειρεν.

176 1937 348 1978 Mutato
366 1944 507 1978 autem
528 1938 639 1979 duce
666 1939 822 1979 mutari
838 1937 1056 1979 fortunam

176 2011 347 2053 quoque
381 2001 423 2040 in
455 2007 682 2054 utramque
710 2007 880 2054 partem
912 2001 1056 2041 obser·

175 2062 361 2103 vandum
392 2069 476 2104 est.
538 2061 762 2105 Clauffian.
791 2065 834 2104 in
871 2066 1054 2116 Eutrop.

173 2123 248 2165 lib.
264 2135 316 2166 n.
335 2128 430 2165 615.
484 2126 496 2147 ‘
517 2125 626 2165 Cum
663 2126 774 2166 duce
803 2130 979 2166 mutatae
1000 2125 1057 2165 vi·

174 2198 271 2228 res:
306 2188 518 2239 Byzantia
536 2188 665 2228 robur
690 2188 842 2240 Fregit
868 2188 1057 2228 luxuries

172 2250 479 2304 Ancyranique
505 2251 739 2303 triumphi)
791 2251 844 2292 In
863 2252 1057 2303 pejorem

172 2313 370 2366 Polyaen.
391 2315 466 2355 lib.
487 2327 543 2356 v.·
564 2314 716 2356 τούτων
740 2314 994 2367 πραχθέντων
1021 2315 1059 2356 οἱ

175 2376 432 2429 Καρκηδόνιοι
467 2381 704 2430 στρατηγοῖς
735 2378 874 2419 ἄλλοις
908 2378 1058 2432 χρησά-

172 2455 297 2492 mna,
319 2441 386 2482 καὶ
398 2440 593 2483 πολλάκις
612 2441 841 2495 ἡττώμενοι,
865 2443 930 2483 καὶ
957 2443 1057 2484 ἁλῶ·

175 2504 565 2547 ναι-κινδυνεύοντες.
606 2507 660 2546 In
699 2508 914 2548 meliorem
952 2506 1057 2547 ibid.

175 2578 272 2619 quoe
296 2569 439 2608 ‘verba
473 2568 555 2608 huc
589 2569 764 2620 proprie
791 2568 1055 2620 respiciunt:

174 2628 242 2670 nd
261 2631 298 2670 οἳ
321 2630 578 2681 Καρχηδόνιοι
595 2629 739 2672 πάντες
757 2631 1058 2682 πειθαρχοῦντες

176 2691 234 2741 τΰ
247 2690 427 2732 -Γέσκονι
442 2692 686 2741 διετέλεσαν,
701 2694 753 2733 ὡς
776 2694 909 2743 ἀγαθῷ
934 2706 1054 2743 στρα-

176 2753 379 2803 τηγᾷ,καὶ
411 2753 551 2794 abritto
574 2755 779 2804 μεταβολὴ
805 2757 878 2803 τῆς
900 2756 972 2795 τοῦ
989 2770 1059 2795 πο-

177 2813 301 2865 λέμου
316 2815 422 2863 νίκης
438 2815 595 2866 brivae
620 2819 801 2858 νικῶντος
817 2819 891 2856 τοῦ
909 2816 1058 2857 Γέσκω-

178 2879 308 2920 νος-ἑν
327 2882 415 2920 ταῖς
432 2878 579 2930 μάχαις
596 2880 660 2920 διὰ
687 2880 762 2928 τὴν
787 2882 866 2920 τῶν
893 2879 1058 2932 ἀρχομέ-

177 2956 252 2982 νων
277 2942 425 2983 εὔνοιαν
442 2943 506 2983 καὶ
529 2943 752 2995 προθυμίαν.
808 2945 969 2985 Locum
997 2945 1058 2984 in-

176 3004 245 3046 sm
269 3006 455 3046 Hamilc.
499 3007 576 3047 sed
596 3012 806 3058 extremo,
835 3007 931 3046 vide
949 3007 1058 3059 ipse.

182 3068 310 3109 Tanta
340 3070 588 3116 οοιιιιιιιιςαιίο
616 3070 766 3120 rerum]
811 3071 955 3112 Caesar
989 3071 1058 3111 Ci-

179 3131 254 3172 vil.
286 3131 360 3171 lib.
396 3143 465 3172 ιιι.
503 3137 571 3172 68.
602 3133 716 3174 ‘Sed
745 3133 932 3185 fortuna,
963 3146 1058 3186 quae

178 3194 407 3246 plurimum
428 3201 588 3246 potest,
606 3207 703 3235 cum
723 3196 765 3235 in
790 3196 963 3249 reliquis
996 3207 1060 3236 re·

178 3256 271 3309 bus,
304 3263 395 3298 tum
434 3258 650 3309 praecipue
686 3258 729 3296 in
763 3258 890 3309 bello,
917 3260 1058 3310 parvis

177 3320 404 3363 momentis
422 3332 595 3372 magnas
614 3333 754 3362 rerum
770 3324 1060 3364 commutatio·

177 3380 465 3424 neseffecit!
520 3384 643 3425 Idem
681 3385 843 3425 Comm.
884 3385 959 3426 lib.
992 3397 1059 3427 vt.

182 3446 252 3486 1².
291 3444 307 3471 ⁴
326 3443 530 3487 Adventu
577 3447 760 3488 Caesaris
796 3447 914 3490 facta
947 3459 1059 3490 com·

286 3511 439 3564 Delph.
456 3517 497 3554 et
520 3513 615 3557 γαν.
630 3515 738 3558 Cius.

1055 3516 1160 3568 Nep.

1892 233 2002 287 497

1120 364 1358 404 mutatione
1386 363 1572 405 rerumz’⁴
1597 362 1900 413 μεταβαλόντων
1925 364 2004 404 τῶν

1119 425 1372 478 πραγμάτων.
1415 427 1563 468 Attius
1591 429 1730 468 Bruto
1743 435 1759 468 τ’
1782 428 1795 450 ‘
1815 427 1929 468 Nam
1944 427 2006 479 id,

1121 491 1306 542 quodvde
1321 492 1419 531 Sole
1437 497 1653 531 ostentum
1667 497 1734 532 est
1748 491 1842 540 tibi,
1856 491 2004 542 Popu-

1118 552 1162 591 lo
1179 552 1582 593 commutationem·
1604 565 1748 596 rerum
1780 551 2004 605 portendit

1119 613 1239 655 fote.'
1292 613 1415 655 Infra
1445 616 1616 656 Dione:
1645 616 1751 658 ‘has
1769 621 1855 656 tam
1885 625 2008 668 pros·

1119 688 1246 728 peras
1265 689 1334 717 res
1354 684 1506 718 secuta
1525 682 1593 719 est
1611 678 1752 718 subita
1769 683 2006 719 commuta·

1120 739 1206 780 tio.’
1236 740 1418 780 Cicero:
1449 742 1461 763 ‘
1481 740 1733 781 Omiseram
1752 746 1798 781 et
1817 742 1860 781 in
1879 742 2002 782 brevi

1121 807 1206 842 tam
1225 803 1408 842 celerem
1425 803 1553 855 Reip.
1572 804 1949 845 commutationem
1973 803 2000 843 !’

1171 865 1322 906 Pacem
1334 867 1533 918 peterent]
1581 867 1690 908 Post
1716 879 1902 919 pugnam
1921 867 2003 908 sci-

1120 928 1223 970 licet
1240 930 1435 970 navalem
1448 929 1510 969 vad
1529 929 1733 982 Cyzicum
1752 934 2002 981 pugnatam,

1118 990 1161 1030 in
1195 1003 1292 1044 qua
1323 991 1549 1038 Mindarus
1582 991 2003 1034 Lacedaemoniorum

1117 1053 1353 1105 imperator
1379 1067 1575 1107 pugnans
1595 1056 1659 1096 ‘ab
1690 1055 1918 1097 Alcibiade
1939 1055 2004 1095 in-

1118 1116 1357 1168 terficitur3
1391 1123 1441 1158 ut
1467 1118 1646 1159 tradunt
1664 1117 1906 1170 Xenophon
1925 1117 2003 1159 lib.

1116 1190 1149 1219 1.
1189 1179 1244 1219 de
1282 1180 1409 1220 rebus
1441 1180 1642 1231 Graeciae,
1675 1180 1896 1221 Diodorus
1925 1180 2002 1221 lib.

1104 1254 1225 1284 ¹xm.
1270 1245 1533 1286 Plutarchus
1569 1247 1614 1286 in
1650 1245 1868 1286 Alcibiad.
1916 1245 2003 1286 Po-

1117 1306 1447 1358 lyaen.1.Strat.
1475 1308 1656 1349 Lambin.

1171 1369 1223 1408 In
1240 1370 1375 1420 quibus
1392 1371 1576 1410 ducentas
1603 1370 1738 1422 naves]
1767 1369 1900 1421 Ἥγον
1925 1370 2004 1423 ’γὰρ

1116 1432 1194 1470 τῶν
1215 1430 1412 1480 ἧλωκυιῶν
1437 1435 1532 1473 νεῶν
1563 1433 1634 1474 οὐκ
1661 1432 1850 1496 ἐλάττους
1877 1436 2004 1476 Giano·

1117 1493 1222 1537 σίων.
1251 1496 1432 1538 Diodor.

1189 1558 1303 1604 Qum
1305 1571 1396 1600 um
1414 1565 1734 1613 expugnaverant
1773 1563 2003 1614 complures]

1118 1621 1224 1662 Cod.
1266 1623 1319 1663 P.
1366 1624 1476 1665 Dan.
1520 1637 1684 1677 quarum
1726 1631 2001 1678 expugnarunt

1115 1687 1372 1737 quamplures.
1411 1688 1530 1740 Lege
1545 1702 1653 1741 quas.
1682 1690 1736 1730 P.
1755 1690 1927 1731 Daniel.

1172 1749 1223 1789 In
1241 1750 1303 1790 his
1327 1751 1589 1804 Byzantium]
1637 1753 1855 1794 Diodorus
1878 1753 1999 1795 Sicu-

1119 1812 1186 1852 lus
1219 1813 1510 1855 eodem-libro
1538 1815 1687 1867 tradit,
1714 1816 1960 1868 proditione
1978 1828 2003 1857 a

1119 1875 1373 1927 quibusdam
1404 1878 1627 1929 Byzantiis
1671 1878 1803 1930 facta,
1838 1880 2003 1932 Byzan-

1118 1938 1224 1986 tium
1255 1939 1310 1979 ab
1356 1938 1582 1981 Alcibiade
1622 1946 1753 1981 noctu
1786 1941 1911 1982 scalis
1948 1941 2002 1982 ad

1117 2014 1281 2042 murum
1310 2003 1493 2044 admotis
1533 2016 1627 2044 esse
1654 2010 1844 2056 captum.
1900 2004 2005 2044 Plu·

1118 2065 1292 2106 tarchus
1326 2077 1423 2105 cum
1458 2066 1653 2107 Diodoro
1683 2077 1938 2119 congruens,
1958 2079 2003 2106 u-

1117 2140 1217 2168 num
1232 2134 1303 2169 *ex
1322 2129 1612 2180 proditoribus
1639 2128 1896 2170 Anaxilaum
1913 2130 2002 2181 By·

1119 2192 1306 2232 zantium
1335 2192 1540 2232 nominat.
1596 2192 1842 2243 Xenophon
1887 2189 2002 2234 Ἑλλ.

1118 2268 1154 2293 α.
1192 2253 1269 2293 hos
1307 2253 1550 2305 proditores
1584 2259 1823 2305 enumerat,
1861 2254 2004 2306 Cydo-

1117 2328 1232 2366 nem,
1265 2316 1529 2367 Aristonem,
1565 2316 1887 2363 Anaxicratem,
1920 2317 2003 2369 Ly·

1119 2393 1312 2433 curgum,
1339 2380 1622 2421 Anaxilanm:
1644 2381 1715 2433 qui
1741 2386 2003 2433 postremus,

1117 2443 1429 2484 Lacedaemone
1444 2450 1595 2496 postea
1611 2443 1864 2495 proditionis
1879 2455 2004 2484 accu-

1120 2511 1253 2557 satus,
1273 2507 1417 2558 dixit,
1450 2520 1511 2558 se,
1539 2507 1611 2560 qui
1637 2508 1890 2559 Byzantius,
1919 2519 2004 2548 non

1120 2569 1470 2610 Lacedaemonius
1490 2575 1621 2621 esset,
1638 2582 1722 2610 non
1743 2570 1892 2610 urbem
1908 2583 2003 2622 pro-

1120 2633 1296 2682 didisse,
1329 2633 1407 2672 sed
1443 2646 1619 2674 uxorem
1653 2640 1698 2675 et
1732 2634 1860 2674 libros
1891 2632 2004 2674 fame

1121 2701 1348 2747 pereuntes
1385 2708 1591 2746 servasse,
1621 2697 1735 2748 quod
1761 2708 1883 2736 omne
1916 2695 2003 2736 fru-

1120 2764 1307 2799 mentum
1329 2759 1559 2799 Clearchus
1575 2759 1924 2798 Lacedaemonius
1938 2771 2004 2798 su-

1120 2822 1157 2861 is
1193 2821 1396 2861 militibus
1428 2821 1578 2871 daret3
1610 2827 1656 2861 et
1684 2822 1746 2861 ita
1780 2821 2002 2863 absolutus

1120 2891 1198 2926 est.
1227 2885 1403 2925 Lambin.

1177 2948 1412 2999 clementia]
1458 2948 1568 2989 Nam
1609 2953 1654 2990 et
1682 2949 1905 3000 Byzantiis
1935 2961 2002 2989 ur·

1122 3011 1217 3051 bem
1231 3011 1514 3052 reddiderunt
1529 3012 1572 3051 in
1586 3012 1835 3052 societatem
1856 3024 2004 3064 recep-

1121 3075 1192 3126 tis,
1220 3080 1264 3115 et
1282 3075 1325 3114 in
1340 3075 1712 3127 Lacedaemonios,
1731 3075 1803 3127 qui
1832 3075 1885 3114 ad
1907 3087 2002 3115 aras

1120 3137 1423 3189 confugerant,
1454 3150 1538 3179 non
1570 3139 1816 3187 saevierunt,
1842 3138 1918 3177 sed
1943 3138 2004 3178 A·

1121 3201 1268 3241 thenas
1295 3200 1526 3250 miserunt;
1559 3206 1607 3239 ut
1623 3200 1676 3239 de
1696 3201 1777 3240 illis
1796 3211 1874 3239 suo
1891 3200 2004 3240 arbi-

1121 3264 1204 3303 trio
1225 3264 1407 3314 populus
1434 3268 1660 3302 statueret.
1691 3263 1815 3303 Idem.
1868 3261 2004 3304 Athe-

1121 3327 1331 3366 niensium
1367 3327 1411 3365 iu
1442 3326 1578 3366 victos
1604 3326 1876 3367 clementiam
1897 3338 2004 3378 prae-

1123 3388 1240 3427 dicat
1256 3388 1468 3429 Diodorus
1485 3399 1588 3430 xm.
1605 3399 1609 3403 ·
1632 3389 1797 3430 Suadet
1812 3388 1922 3430 idem
1939 3391 2001 3432 M.

1121 3450 1282 3491 Tullius
1315 3448 1444 3492 Offic.
1474 3449 1548 3492 lib.
1570 3463 1602 3492 1.
1630 3451 1686 3493 de
1705 3451 1806 3494 belli
1826 3453 2003 3502 gerendi

1818 3522 1843 3558 2
1874 3518 1894 3557 1
