2306 3900
712 249 935 290 RERUM
978 249 1054 292 BT
1094 247 1465 288 VERBORUM.

149 376 288 418 Fulvia
305 388 399 416 uxor
415 373 582 415 Antonii
612 388 702 423 xxv,
717 379 747 416 0

148 430 444 471 Fundamenta:
478 442 621 476 arcem,
656 429 816 469 domum
833 440 857 468 a
887 429 1030 469 funda-

199 485 343 525 mentis
376 482 557 536 disjicere
592 483 644 538 (i.
678 496 716 523 e.
758 482 950 530 funditus,
986 483 1031 523 ἐκ

199 536 409 591 θεμελίων)
451 551 518 586 xx,
547 542 588 579 3.
603 536 712 585 xxiii,
725 539 750 578 7
764 586 767 588 ,
797 535 884 590 (Sic
899 542 911 560 ‘
929 550 954 576 a
971 549 1032 575 ra-

202 592 368 634 dicibns'
401 593 509 644 apud
525 591 749 639 Phaedrum,
768 595 781 614 ‘
795 603 819 631 a
836 590 1032 644 stirpibus'

148 645 573 741 perez-³5⁰5>

147 753 320 794 Funesta
333 753 493 794 victoria
514 751 762 806 (illaetabilis,
779 750 1034 804 detestanda)

201 820 250 847 xv
285 811 336 848 10

148 835 278 914 Fung'i
290 873 431 902 munus
450 859 613 900 militare
638 859 718 906 xiv,
739 862 761 899 1
790 858 1034 912 (simnia-ex.

200 914 333 967 empla
350 927 439 954 cum
469 920 607 966 quarto
638 926 731 954 casu
760 913 921 966 collegit
947 913 988 952 h.
1007 913 1036 952 l.

202 968 417 1009 Lambinus
435 976 477 1008 et
489 966 793 1010 Kirchmaierus.
804 967 898 1006 add.
914 967 1035 1006 Voss.

202 1023 256 1063 de
270 1028 413 1062 constr.
443 1034 479 1063 c.
508 1025 575 1063 22.
607 1028 649 1062 et
665 1022 820 1060 Buchn.
852 1021 903 1061 de
926 1033 1035 1061 com·

202 1081 301 1116 mut.
337 1076 414 1115 dic.
450 1082 524 1114 rat.
551 1074 581 1122 i,
612 1079 681 1122 20,
715 1079 753 1115 l.
789 1088 880 1127 pag.
915 1074 1034 1126 309).

200 1129 317 1182 fungi
343 1142 501 1169 munere
526 1141 721 1168 servorum
749 1127 823 1181 (de
857 1127 1033 1182 Helotis)

200 1182 256 1231 iv,
271 1187 301 1225 3
329 1183 460 1235 potius
476 1182 722 1223 barbarorum
754 1195 873 1234 quam
897 1182 1034 1222 civita-

202 1236 253 1276 tis
270 1249 377 1276 more
393 1236 533 1290 fungar
549 1234 783 1289 (eleganter,
802 1237 854 1275 de
875 1244 1036 1288 usurpa-

201 1290 310 1330 tione
334 1291 451 1330 moris
468 1291 583 1343 patrii
607 1297 676 1329 aut
692 1289 907 1342 peregrini)
935 1290 989 1336 ix,
1008 1294 1033 1330 3

201 1343 359 1383 functus
388 1343 548 1384 summis
575 1343 784 1383 honoribus
811 1344 854 1390 ii,
872 1347 898 1384 7
944 1343 1036 1396 (qui

201 1397 354 1460 magnis
371 1398 484 1437 rebus
511 1397 682 1449 praefuit,
711 1397 875 1436 multum
902 1395 946 1436 in
962 1398 1035 1437 im-

337 1450 701 1503 magistratibusque
714 1456 888 1490 versatus
905 1455 979 1497 est,
992 1457 1037 1489 ut

199 1463 604 1558 fflaewoesppdaeoes
642 1516 762 1544 causa
810 1510 1037 1557 repetantur

201 1571 251 1599 ex
278 1557 308 1606 i,
327 1562 368 1599 8.
381 1559 439 1607 iii,
457 1563 500 1600 3.
552 1558 618 1599 Sic
647 1557 765 1611 plane
791 1558 901 1598 Suet.
930 1557 1035 1611 Aug.

198 1615 243 1654 2
268 1619 311 1653 et
323 1612 452 1665 calig.
469 1610 547 1665 26)

147 1664 284 1708 Funus
310 1666 477 1707 militare
507 1667 794 1717 honestumque
835 1664 944 1713 xviii,
986 1668 1034 1706 13

198 1719 328 1762 funus
348 1720 494 1761 nullius
524 1733 575 1760 ex
605 1719 685 1759 suis
708 1719 806 1759 vidit
821 1718 896 1772 (de
913 1726 1038 1762 morte

202 1772 302 1826 διο.)
339 1773 423 1823 xxi,
443 1777 472 1816 2
509 1773 656 1815 funeris
677 1786 860 1825 pompam
877 1772 1039 1826 (ultima

201 1827 406 1869 voluntate
441 1828 621 1880 prohibet
653 1826 834 1879 Atticus)
861 1840 953 1874 xxv,
981 1831 1036 1868 22

201 1880 348 1920 funeris
381 1881 531 1933 publici
559 1882 685 1921 honor
729 1894 769 1929 x,
803 1885 855 1922 10
899 1881 1036 1923 funere

203 1934 335 1987 amplo
353 1935 491 1976 efferre
517 1935 622 1982 xviii,
641 1939 668 1978 4

148 1988 288 2029 Furius
302 1988 349 2029 L
367 1988 460 2030 Cos.
488 1987 595 2036 xxiii,
613 1993 639 2030 7

149 2044 380 2084 Futurorum
415 2042 670 2094 conjectatio,
699 2043 801 2083 inter
827 2042 941 2082 dotes
975 2042 1036 2082 in·

203 2096 311 2149 genii
327 2097 626 2150 prudentiaeque
670 2096 714 2144 ii,
734 2100 758 2138 1
800 2095 865 2150 (V.
882 2094 1037 2138 comm.

202 2150 385 2194 Boeeleae.
402 2164 494 2204 pag.
512 2154 580 2192 22.
597 2150 706 2204 seq.)

567 2308 623 2350 G.

152 2417 281 2459 Galea
293 2417 494 2458 venatoria
504 2415 575 2470 (ex
589 2414 746 2456 hirsutis
758 2416 925 2469 pellibus
943 2429 1039 2457 con-

204 2470 315 2524 suta)
342 2472 420 2519 xiV,
453 2474 480 2512 3
509 2470 680 2522 (Probat
699 2471 803 2509 enim
822 2471 864 2509 in
881 2469 1040 2522 conjec-

206 2524 331 2564 taneis
355 2524 435 2564 suis
462 2524 512 2562 ad
539 2523 754 2562 Varronem
772 2523 957 2575 Scaliger,
991 2537 1040 2563 ex

204 2577 366 2618 diversis
417 2576 643 2617 animalium
692 2575 860 2628 pellibus
911 2577 1042 2628 galeas

206 2632 301 2672 olim
331 2629 451 2670 fuisse
498 2629 724 2671 confectas:
757 2630 862 2670 adde
898 2630 1042 2684 Veget.

206 2686 274 2725 lib.
294 2689 361 2727 ll.
379 2697 468 2737 cap.
486 2682 558 2736 17)

152 2739 347 2782 Gardates
391 2737 473 2785 xiV,
491 2741 518 2779 8
558 2735 645 2790 (Sic
682 2736 830 2777 habent
866 2737 1043 2791 plerique

208 2792 326 2843 libri3
379 2793 448 2832 sed
500 2804 572 2831 nos
608 2790 802 2831 edidimus
834 2791 1042 2841 Cardaces,

207 2844 450 2887 Brissonium
469 2851 511 2886 et
525 2845 730 2885 Schottum
749 2845 895 2898 secuti)

155 2901 365 2944 Gaudete:
394 2899 550 2952 gavisus
577 2911 815 2952 magnopere
844 2906 905 2941 tot
917 2899 1045 2940 homi-

208 2967 303 2995 num
319 2953 446 2994 salute
461 2953 581 2993 mittit
594 2953 670 2993 διο.
699 2953 754 3000 iv,
774 2958 801 2994 2

156 3007 277 3050 Gazae
301 3007 416 3060 regiae
433 3014 564 3047 custos
582 3007 661 3055 xiv,
676 3012 700 3048 6
730 3005 1045 3061 (γαζοφύλακες,

208 3059 579 3114 γαζοφυλακοῦντες
595 3060 842 3114 appellantur
866 3061 925 3102 illi
948 3061 1045 3101 Per-

210 3128 350 3211 {iffi
368 3115 681 3209 imma&
701 3114 838 3212 ἓὲῗὲὶ
855 3116 911 3209 ‘33
926 3129 1046 3209 35:2¹2

308 3195 319 3209 Ο
353 3194 364 3207 Ι
412 3195 424 3207 θ
670 3198 683 3217 ,
837 3198 851 3219 ,

210 3229 290 3262 vet.
317 3222 458 3274 interp.
492 3221 644 3262 Esther.
670 3222 729 3270 iii,
747 3227 788 3264 0.
833 3223 901 3264 nbi
919 3237 958 3263 v.
975 3236 1045 3263 an·

210 3283 294 3316 not.
322 3275 470 3317 Drusii.
490 3276 584 3315 add.
602 3275 632 3314 F
634 3274 838 3316 reinshem.
861 3278 912 3316 ad
932 3277 1043 3319 Curt.

211 3345 250 3379 v,
283 3335 321 3377 l,
344 3333 413 3371 20.
452 3329 644 3370 Pricaenm
669 3329 722 3368 ad
751 3328 846 3370 Act.
881 3329 964 3377 viii,
991 3333 1045 3371 27

211 3383 286 3424 &c-
331 3384 468 3425 Curtio
504 3383 530 3423 1.
559 3397 595 3423 c.
628 3380 771 3423 dicitur
796 3388 809 3407 ·
826 3383 942 3435 regiae
975 3396 1044 3436 pc-

210 3437 339 3483 cuaia
348 3438 507 3484 curatos)
555 3437 628 3479 Est
643 3442 774 3481 autem
790 3435 902 3480 Gaza
920 3437 1047 3480 Persis

1853 233 1980 287 lxix

1147 375 1303 428 propria
1332 387 1407 414 vox
1425 374 1477 419 de
1496 372 1663 427 pecunia
1680 383 1759 424 reg.
1789 371 1896 424 quod
1915 372 1976 410 vel
2041 407 2048 409 μ

1146 442 1193 470 ex
1212 429 1324 470 Curt.
1349 429 1407 476 iii,
1422 432 1486 470 ts.
1500 433 1667 469 constat.
1683 423 1979 478 plvamsius

1143 483 1188 523 in
1201 482 1406 523 Observat.
1430 488 1472 522 et
1485 481 1720 522 Freinshem.
1737 479 1831 520 Iud.
1848 478 1959 521 cart.

1093 537 1247 579 Gellius
1264 537 1317 584 Q.
1337 537 1470 578 Canus
1501 549 1592 583 xxV,
1613 539 1664 576 lo
1950 564 1955 567 ,

1094 591 1287 632 Geminus
1299 591 1482 631 Servilius
1495 590 1615 636 xxiii,
1629 592 1656 629 4

1095 644 1349 697 Genealogiae
1366 645 1501 684 claror.
1517 644 1687 683 virorum
1713 654 1803 687 xxv,
1821 644 1872 681 18

1095 698 1230 740 Gener
1246 698 1346 751 regis
1364 698 1456 751 (pro
1474 697 1611 736 marito
1627 695 1718 734 filiae
1731 692 1854 746 regis)
1880 693 1936 740 ix,
1954 696 1982 733 2

1149 752 1242 806 (pro
1270 752 1408 791 marito
1432 751 1593 805 sororis)
1620 750 1674 795 iv,
1690 753 1713 790 l
1742 748 1798 802 (si
1815 745 1981 799 Cujacio

1152 807 1238 846 obs.
1260 805 1314 853 vi,
1329 809 1394 846 17.
1435 805 1601 857 aliisque
1624 800 1841 854 credimus)
1866 813 1984 853 gener

1151 872 1328 900 socerum
1345 860 1386 899 in
1404 858 1570 899 vinculis
1585 858 1705 898 habet
1731 856 1811 903 xxi,
1830 858 1856 895 3

1099 911 1208 955 Gens
1250 927 1318 966 pro
1334 913 1491 966 regione
1508 913 1651 953 interd.
1668 907 1863 964 ponitur).
1889 907 1955 948 Sic
1972 923 1981 947 :

1151 967 1193 1008 in
1265 968 1399 1008 ucanis
1426 968 1564 1006 absens
1590 964 1699 1012 xxiii,
1717 970 1742 1005 5
1769 964 1813 1003 in
1829 962 1984 1002 Sabinis

1150 1028 1322 1062 versatus
1339 1027 1402 1061 est
1440 1022 1546 1067 xxiV,
1563 1025 1586 1062 1
1628 1033 1678 1060 ex
1695 1018 1830 1058 Medis
1844 1017 1896 1056 ad
1914 1016 1986 1056 ad·

1150 1075 1401 1117 versariorum
1411 1074 1676 1128 hybernacula
1685 1071 1863 1126 pervenit
1879 1069 1988 1118 xviii,

1151 1133 1180 1171 8
1219 1125 1262 1169 in
1298 1129 1436 1170 Persas
1477 1128 1671 1181 proficisci
1713 1126 1794 1172 xvi,
1823 1128 1865 1166 4.
1893 1124 1989 1170 xvii,

1151 1187 1179 1224 4
1208 1183 1296 1237 (Sic
1315 1198 1325 1222 ι
1344 1183 1387 1222 in
1404 1182 1584 1235 Hirpinis
1601 1180 1747 1222 Vellei.
1770 1179 1815 1226 ii,
1834 1181 1904 1224 68,
1921 1176 1986 1230 8).

1151 1250 1248 1290 gens
1285 1237 1477 1278 Cataonia
1503 1238 1596 1290 (pro
1628 1232 1810 1288 regione)
1848 1232 1928 1280 κίν,
1956 1234 1986 1272 4

1151 1291 1280 1343 gentis
1305 1290 1470 1331 Graeeiae
1505 1291 1626 1330 duces
1666 1288 1746 1335 xxi,
1779 1291 1800 1328 1
1849 1290 1988 1339 gentes

1151 1345 1343 1392 maximae,
1361 1343 1664 1384 bellicosissimae
1706 1341 1798 1387 xxii,
1817 1344 1846 1382 4
1891 1351 1987 1392 gen-

1152 1398 1252 1438 tium
1263 1397 1332 1450 jus
1349 1411 1557 1438 commune
1574 1397 1636 1451 (v.
1649 1394 1746 1448 Jus)
1773 1395 1817 1441 ii,
1832 1397 1860 1434 ⁶7

1099 1450 1238 1492 Genus
1255 1452 1462 1505 antiquum
1479 1450 1646 1505 (famil.)
1684 1449 1762 1496 xiV,
1781 1451 1808 1489 2
1846 1447 1990 1486 hones-

1152 1504 1236 1545 nnn
1274 1519 1340 1553 xv,
1359 1510 1386 1547 2
1428 1518 1621 1545 summum
1664 1504 1734 1550 vii,
1765 1505 1807 1542 1.
1836 1500 1944 1548 xviii,
1966 1504 1989 1541 1

1152 1559 1304 1612 generis
1334 1559 1546 1612 antiquitas
1581 1572 1606 1598 a
1640 1556 1832 1610 majorum
1868 1554 1992 1607 gloria

1151 1613 1407 1666 distinguitur
1450 1612 1562 1665 (quae
1593 1612 1678 1652 scil.
1715 1611 1821 1650 facta
1856 1610 1990 1660 potius

1151 1667 1332 1720 respicit)
1347 1668 1376 1715 i,
1394 1671 1417 1708 l
1446 1666 1585 1706 Genus
1595 1666 1727 1720 (gens,
1745 1662 1876 1715 natio)
1892 1676 1903 1701 ε
1923 1676 1992 1715 ge-

1152 1734 1227 1761 nus
1240 1721 1510 1761 Macedonum
1537 1719 1615 1767 xxi,
1630 1723 1658 1760 2
1688 1718 1781 1758 Sic:
1811 1721 1889 1756 tres
1898 1723 1992 1756 sunt

1151 1780 1341 1828 praeterea
1367 1774 1546 1826 ejusdem
1577 1773 1743 1826 generis,
1774 1770 1872 1809 ibid.
1922 1784 1991 1823 ge-

1152 1841 1245 1868 nere
1277 1827 1441 1868 Graecus
1485 1827 1515 1875 i,
1533 1831 1558 1868 3
1601 1827 1688 1880 (Sic
1720 1829 1895 1870 vocatur,
1922 1823 1993 1877 qui

1152 1895 1276 1934 genus
1291 1883 1452 1934 quidem
1470 1894 1519 1921 ex
1549 1879 1700 1922 Graecis
1717 1878 1843 1925 ducit,
1872 1879 1991 1918 domo

1153 1942 1284 1975 tamen
1335 1941 1379 1975 et
1417 1935 1544 1987 patria
1585 1934 1748 1976 Graecus
1786 1945 1869 1971 non
1918 1937 1992 1971 est.

1151 1987 1333 2041 Buchn.)
1370 1989 1484 2041 eujus
1516 1989 1669 2042 generis
1706 1999 1797 2027 cum
1827 1998 1992 2038 magnus

1152 2056 1335 2082 numerus
1385 2048 1489 2084 esset
1528 2043 1751 2096 (eleganter
1795 2052 1867 2092 pro
1899 2039 1992 2078 sim-

1150 2096 1247 2150 plici
1287 2096 1451 2137 relativo
1492 2097 1545 2136 ad
1583 2095 1753 2148 praeced.
1804 2091 1993 2146 colonos)

1152 2151 1182 2198 i,
1203 2155 1226 2192 1
1253 2150 1344 2190 Sic:
1377 2163 1509 2191 cursor
1535 2149 1624 2203 ejus
1643 2147 1809 2202 generis,
1828 2147 1898 2200 qui
1914 2146 1991 2187 &c.

1153 2204 1184 2251 i,
1201 2208 1228 2245 4
1266 2204 1419 2255 generis
1446 2204 1534 2256 ejus
1561 2202 1854 2242 multitudinem
1881 2214 1991 2253 mag-

1155 2270 1247 2298 nam
1264 2258 1498 2310 dispalatam
1515 2257 1676 2297 immisit
1705 2256 1994 2310 (jumentorum

1155 2311 1241 2351 scil.
1259 2312 1303 2352 in
1319 2311 1478 2352 terribil.
1504 2312 1678 2364 speciem
1695 2307 1995 2361 adornatorum)

1155 2365 1263 2412 xxiii,
1299 2370 1324 2406 5
1383 2378 1508 2418 genus
1544 2365 1746 2417 quoddam
1773 2362 1991 2409 hominum,

1156 2420 1264 2472 quod
1285 2418 1447 2459 Helotes
1465 2424 1627 2459 vocatur
1650 2419 1708 2465 iv,
1726 2421 1752 2458 3
1786 2423 1995 2468 utrumque

1157 2485 1279 2526 genus
1293 2473 1494 2511 hominum
1512 2472 1576 2525 (et
1593 2472 1676 2524 qui,
1694 2477 1737 2510 et
1753 2469 1845 2522 qui)
1884 2469 1994 2517 xviii,

1157 2531 1208 2568 11
1256 2525 1364 2565 omni
1390 2537 1532 2577 genere
1562 2525 1763 2577 copiarum
1794 2522 1995 2562 abundare

1157 2579 1261 2634 (tam
1290 2578 1482 2631 equitatu,
1500 2591 1619 2631 quam
1646 2576 1848 2630 peditatu)
1884 2575 1994 2623 xviii,

1156 2639 1181 2675 6
1203 2645 1325 2686 genus
1355 2633 1554 2694 scripturae
1583 2631 1704 2686 (ratio
1736 2629 1850 2683 δια),
1876 2629 1996 2670 Praef.

1158 2699 1300 2740 genera
1321 2687 1642 2728 exercitationum
1674 2685 1769 2735 xvii,
1786 2689 1813 2726 3

1102 2741 1324 2783 Generatus
1355 2741 1405 2780 ab
1425 2741 1574 2793 origine
1592 2740 1730 2780 ultima
1746 2739 1876 2793 stirpis
1907 2735 1994 2778 Ro-

1159 2808 1283 2836 manae
1297 2794 1530 2848 (oriundus)
1558 2807 1653 2842 xxv,
1673 2797 1695 2834 1

1105 2849 1327 2891 Generosus
1344 2849 1419 2902 (de
1435 2849 1559 2889 nobili
1574 2848 1697 2888 famil.
1715 2847 1879 2900 dicitur)
1896 2850 1940 2898 ii,
1957 2855 1999 2892 l.

1159 2918 1198 2952 v,
1218 2907 1240 2944 1
1270 2916 1460 2955 generosa
1475 2903 1578 2943 fama
1596 2902 1786 2955 majorum
1803 2902 1927 2956 (fama
1947 2919 1996 2945 ex

1158 2956 1370 3010 majoribus
1388 2957 1584 3010 generosis
1603 2955 1701 3008 διο.)
1744 2969 1786 3003 x,
1807 2961 1830 2998 l
1876 2972 1997 3012 gene-

1157 3025 1246 3052 rosa
1261 3011 1377 3064 stirps
1395 3011 1563 3052 Eumeni
1581 3011 1710 3051 defuit
1735 3010 1842 3059 xviii,
1863 3015 1885 3052 1
1927 3027 2000 3065 ge-

1159 3065 1289 3106 nerosi
1325 3066 1587 3119 condiscipuli
1623 3065 1828 3119 (γενναΐοι,
1865 3066 1995 3104 animo

1159 3127 1289 3160 erecto
1307 3119 1540 3173 excelsoque
1565 3118 1739 3172 praediti)
1767 3132 1856 3165 xxv,
1873 3123 1895 3159 1
1926 3131 1996 3172 ge·

1159 3187 1307 3214 nerosae
1325 3173 1516 3227 (foeminae
1534 3172 1708 3235 nobiles>
1736 3185 1825 3217 xxv,
1844 3175 1896 3212 12

1107 3226 1252 3269 Gerere
1269 3229 1515 3270 consulatum
1532 3223 1841 3281 (administrare)
1890 3225 1995 3275 xxiV,

1161 3286 1188 3323 2
1214 3280 1307 3320 Sic:
1337 3294 1467 3333 gerere
1487 3280 1689 3332 imperium
1715 3291 1781 3327 xv,
1798 3282 1825 3320 7
1853 3280 1995 3333 magis·

1162 3340 1282 3375 tratus
1308 3334 1390 3380 xiii.
1406 3338 1430 3375 8
1473 3340 1679 3387 praeturam
1722 3338 1855 3381 xxv-‚6
1891 3346 1995 3374 rem-

1161 3388 1256 3440 pub.
1286 3387 1351 3434 vii,
1369 3392 1394 3429 '1
1423 3387 1488 3428 Sic
1505 3402 1515 3428 ε
1549 3401 1629 3428 non
1648 3393 1781 3441 potest
1798 3388 1898 3428 bene
1916 3388 1997 3442 geri

1161 3441 1330 3497 respubl.
1358 3442 1566 3485 multorum
1581 3442 1751 3498 imperiis
1776 3456 1816 3492 x,
1834 3447 1863 3485 6
1903 3442 1995 3497 (ubi
