2326 3944
751 237 815 278 11.
879 237 1388 289 Tnssmsrocnnm,
1429 236 1563 277 cAP.
1592 225 1646 278 3.

292 373 303 379 ·
336 356 400 400 Ae
416 367 526 399 sacra
542 357 805 409 procuranda]
834 357 1043 409 Intelligit
1073 357 1165 408 plu-

282 422 485 464 rimorum
513 422 703 462 Deorum
732 421 1003 472 simulachra,
1020 426 1064 460 et
1084 421 1166 460 alia

281 486 416 538 idola,
442 497 537 538 quae
569 485 998 525 ibi‘asservabantur.
1054 483 1164 523 Vide

280 548 338 589 sis
371 548 536 600 -passim
584 547 929 599 incomparabilis
983 545 1165 586 Meursii

283 611 552 664 Cecropiam.
594 612 794 651 Kenchen.
1030 619 1037 627 ·

290 701 293 705 Δ
336 675 450 716 ΟΑΡ.
470 679 510 715 3.
538 675 659 714 Missi
684 678 776 714 sunt
804 673 942 714 delecti
960 685 1046 712 cum
1064 672 1163 712 Leo-

279 738 374 778 nida
390 739 768 778 Lacedoemoniorum
786 737 897 788 rege]
931 735 1018 778 Qui
1038 747 1162 776 voca-

278 802 436 843 bantur
454 802 724 854 postmodum
756 800 936 841 Graeciae
963 799 1162 839 Proviso·

277 876 361 905 res.
389 866 610 917 Erantque
631 863 819 904 trecenti
835 873 1037 902 numero:
1069 860 1161 900 He-

276 929 453 970 rodotus
474 929 782 982 Polyhymnia:
810 926 853 967 hs
874 925 967 966 τότε
985 925 1163 978 (Leoni-

278 990 377 1044 das)
405 992 468 1040 ἤῖε
504 992 543 1032 ἐς
589 989 859 1043 Θερμοπύλας,
893 987 1163 1039 ἐπιλεξάμενος

278 1055 417 1108 ἄνδρας
433 1071 480 1096 τε
505 1054 598 1096 τοὺς
622 1057 893 1095 κατεστεῶτας
908 1051 1163 1106 τριηκοσίους,

276 1117 343 1159 καὶ
358 1120 462 1158 τοῖσι
480 1117 702 1168 ἐτύγχανον
714 1120 848 1158 παῖδες
867 1115 1008 1158 ἐόντες.
1063 1118 1162 1159 Quo

276 1181 388 1222 libro
424 1181 574 1230 tradit,
603 1181 696 1220 illos
721 1181 852 1220 fuisse
878 1179 1038 1219 milites
1067 1191 1162 1230 gra-

275 1243 404 1285 vioris
422 1250 647 1284 armaturae
664 1257 675 1293 ς
706 1243 913 1296 additque
933 1255 988 1282 ex
1008 1243 1161 1294 pleris-

276 1318 362 1360 que
381 1306 579 1358 Graeciae,
593 1306 840 1347 civitatibus
873 1306 1024 1346 missos
1054 1305 1161 1345 tales

276 1371 481 1412 delectos.
537 1372 603 1411 Ex
631 1371 848 1421 Tegaeetis
865 1377 911 1411 et
930 1369 1160 1410 Mantineis

274 1435 391 1475 mille
426 1434 683 1486 quingentos
729 1446 783 1474 ex
830 1434 1053 1486 utrisque:
1104 1445 1159 1472 ex

276 1497 552 1539 Orchomeno
569 1496 772 1537 Arcadiae
800 1497 908 1537 urbe
923 1502 1097 1537 centum
1113 1501 1158 1536 et

274 1562 451 1616 viginti3
478 1575 531 1602 ex
559 1563 722 1614 reliqua
749 1561 940 1602 Arcadia
958 1561 1104 1610 mille3
1133 1573 1158 1601 a

276 1627 486 1668 Corintho
506 1625 870 1679 quadringentos;
901 1637 926 1664 a
954 1624 1156 1664 Phliunte

273 1690 507 1730 ducentos:
553 1689 874 1740 Mycenaeorum
906 1687 1152 1739 octoginta:

276 1764 302 1794 a
335 1753 516 1793 Boeotiis
551 1758 597 1792 et
634 1751 962 1803 Thespiensibus
996 1751 1156 1802 septin-

275 1822 454 1870 gentos:
482 1816 777 1856 Thebanorum
805 1814 1154 1868 quadringentos.

274 1879 346 1921 Ad
361 1881 438 1920 hos
447 1886 722 1921 accesserunt
732 1878 903 1919 evocati
917 1879 1154 1920 Locrenses

275 1943 458 1996 Opuntii
476 1956 571 1984 enm
592 1943 799 1983 universis
814 1942 964 1994 copiis,
981 1947 1026 1982 et
1045 1942 1156 1982 Pho·

274 2008 462 2048 censium
482 2008 612 2047 mille.
657 2007 722 2046 Ex
742 2006 892 2058 quibus
909 2005 1158 2056 intelligere

270 2071 388 2122 licet,
405 2084 460 2112 ex
475 2070 808 2112 Lacedaemoniis
824 2075 1041 2112 trecentos
1053 2068 1156 2108 dun-

273 2139 398 2175 taxat
415 2133 565 2184 fuisse,
578 2135 651 2186 qui
667 2133 721 2173 ad
734 2133 1046 2184 Thermopylas
1058 2144 1157 2172 cum

272 2196 417 2238 Persis
447 2203 704 2250 pugnarunt.
773 2195 901 2238 Quod
933 2194 1157 2236 confirmat

271 2266 320 2300 et
340 2260 595 2300 Plutarchus
625 2258 713 2311 περὶ
739 2265 914 2311 παραλλ.
969 2256 1156 2298 Λεωνίδας

271 2321 352 2373 ἅμα
367 2323 600 2375 τριακοσίοις
626 2322 801 2375 ἐπέμφθη
823 2322 877 2364 εἷς
902 2320 1156 2375 Θερμοπύλας

272 2386 347 2427 ὑπὸ
374 2385 692 2437 Λακεδαιμονίων.
751 2387 836 2427 Sed
867 2386 1080 2427 Isocrates
1108 2394 1155 2426 et

270 2451 504 2500 Diodorus,
535 2452 650 2491 mille
687 2457 855 2491 tantum
887 2450 1153 2490 delectorum

271 2513 421 2564 fuisse,
451 2514 643 2555 tradunt.
711 2513 876 2555 Ctesias
910 2525 998 2554 non
1032 2515 1152 2565 ponit

269 2590 513 2629 numer-mn,
529 2578 607 2619 sed
626 2579 793 2618 illorum
811 2577 1013 2618 virtutem
1034 2578 1152 2618 miris

270 2640 467 2680 laudibus
499 2642 715 2681 inclamat.
771 2640 883 2680 Vide
911 2640 1049 2692 ipsum
1078 2642 1151 2681 lib.

271 2713 358 2743 κη.
374 2705 582 2754 Περσικῶκ
639 2704 726 2743 Ubi
754 2703 967 2755 adiungit,
986 2704 1150 2747 dnobus

271 2765 422 2806 diebus
459 2767 651 2806 Xerxem
686 2767 855 2807 Graecis
898 2769 1150 2819 opposuisse

271 2816 523 2870 effercitum.
550 2829 659 2869 Haec
673 2828 764 2869 fere
781 2830 1023 2871 Lambinus.
1054 2833 1150 2873 Quo

270 2893 414 2932 animo
449 2893 504 2932 ad
541 2905 728 2944 pugnam
764 2892 892 2932 iverit
928 2894 1155 2947 Leonidas,

270 2954 460 3007 explicat
475 2955 699 2995 Plutarch.
710 2955 752 2995 in
766 2956 972 3007 apophth.
994 2958 1150 2999 Lacon.

272 3020 372 3060 Gna
389 3020 581 3072 Leonida]
615 3021 682 3060 De
703 3021 894 3061 Leonida
911 3024 1047 3063 multa
1067 3025 1155 3063 col-

268 3083 356 3136 legi
392 3083 432 3123 in
465 3084 641 3123 Seneeae
679 3085 880 3125 Rhetoris
907 3086 1077 3126 suasor.
1107 3090 1149 3127 2.

269 3145 381 3186 adde
429 3147 630 3188 Strabon.
673 3147 746 3188 lib.
793 3158 858 3188 rx.
907 3148 1149 3201 Geograph.

269 3211 424 3252 Seme.
1034 3247 1037 3250 ,

292 3298 298 3304 -
324 3275 617 3328 Thermopylas]
635 3274 788 3327 Adrou,
806 3283 856 3317 nt
870 3278 905 3317 si
923 3279 1146 3320 transitum

267 3337 403 3390 dicas,
429 3346 555 3379 vocat
577 3339 839 3379 Herodotus.
901 3342 956 3380 Et
983 3341 1103 3381 addit
1123 3354 1148 3381 a

268 3400 485 3453 plerisque
513 3401 684 3442 Graecis
714 3402 1022 3454 Thermopylas
1049 3403 1146 3450 dici,

269 3461 327 3504 ab
343 3462 493 3505 ineolis
512 3464 666 3516 Pylas:
709 3462 896 3505 καλέεται
921 3463 964 3505 δὲ
981 3466 1004 3504 ὁ
1022 3467 1147 3517 χῶρος

2003 226 2112 304 ‘¹35

1229 354 1355 407 οὗτος,
1376 355 1448 397 ὑπὸ
1479 356 1551 406 μὲν
1581 359 1661 396 τῶν
1687 355 1862 396 πλεόνων
1897 355 2113 405 Ἑλλήνων,

1228 419 1489 471 Θερμοπύλαι·
1527 421 1600 460 ὑπὸ
1631 420 1674 461 δὲ
1704 424 1782 461 τῶν
1813 420 2024 472 ἐπιχωρίων
2047 422 2110 461 καὶ

1226 483 1441 535 περιοίκων,
1457 482 1599 524 Πύλαι.
1620 484 1910 536 Harpocratio
1931 485 2080 524 scribit
2097 498 2109 533 ;

1225 548 1549 600 Thermopylas,
1584 548 1732 599 Pylas,
1763 548 1807 588 id
1845 553 1924 599 est,
1962 555 2108 600 portas

1227 609 1331 661 dici,
1349 611 1464 663 quod
1493 617 1697 664 angustus
1725 611 1781 652 sit
1812 611 2014 651 introitus
2043 611 2111 659 iis,

1225 674 1299 725 qui
1319 686 1343 713 e
1361 675 1577 714 Thessalia
1605 675 1648 714 in
1676 675 1910 715 Phocidem
1936 674 2020 716 iter
2037 675 2111 714 ha·

1226 736 1346 778 bent.
1390 738 1574 778 Lambin.
1641 738 1863 778 Vocantur
1908 739 2036 780 etiam
2084 750 2109 778 a

1223 800 1438 852 Thermis,
1457 802 1557 854 quia
1590 801 1742 842 calidae
1775 813 1898 855 aquae
1931 801 1974 841 in
2006 802 2107 853 ipsis

1225 863 1420 905 faucibus
1453 870 1567 905 sunt.
1613 865 1772 905 Livius.
1839 865 1926 907 Qui
1973 865 2108 913 addit,

1223 928 1530 981 Thermopylas
1539 930 1678 968 locum
1688 928 1896 980 appellari
1908 927 2111 975 nobilem,

1225 992 1647 1033 Lacedaemoniorum
1697 991 1900 1032 adversus
1954 992 2108 1031 Persas

1224 1060 1361 1095 morte
1381 1055 1515 1107 magis
1547 1054 1828 1106 memorabili,
1846 1066 1974 1107 quam
2002 1066 2107 1106 pug-

1223 1129 1292 1158 na.
1349 1118 1437 1158 Alii
1471 1118 1735 1158 notationem
1769 1129 1795 1157 a
1826 1116 1992 1169 Pylade
2022 1124 2106 1158 tra-

1222 1183 1344 1235 hunt,
1363 1195 1456 1236 quae
1477 1182 1632 1227 frivola
1667 1188 1750 1235 est,
1777 1187 1822 1222 et
1851 1182 2105 1222 Graecorum

1222 1247 1381 1288 similis.
1408 1245 1530 1287 πύλαι
1563 1246 1710 1298 dictae,
1729 1258 1832 1300 quas
1850 1246 2004 1298 januas
2033 1258 2104 1286 vo-

1223 1316 1325 1349 cant
1350 1311 1418 1350 vel
1447 1313 1618 1361 portas:
1651 1308 1764 1349 unde
1790 1309 2104 1361 Tliermopylae.

1223 1373 1377 1414 Cicero
1409 1374 1466 1414 ad
1496 1373 1694 1414 Atticum
1712 1385 1755 1414 v.
1782 1373 1795 1396 ‘
1816 1372 1972 1426 Itaque
2003 1386 2102 1414 con-

1221 1436 1363 1476 festim
1383 1437 1469 1476 iter
1487 1437 1530 1476 in
1551 1435 1745 1477 Ciliciam
1763 1434 1869 1476 fecit
1886 1447 1965 1488 per
1979 1436 2106 1476 Tauri

1220 1499 1371 1550 pylas?
1404 1499 1527 1551 Pylae
1547 1499 1712 1540 Ciliciae
1732 1503 1778 1539 et
1796 1499 1919 1551 Pylae
1939 1499 2103 1540 Susidae

1220 1562 1335 1614 apud
1382 1563 1569 1602 Plinium
1608 1568 1654 1603 et
1699 1563 1910 1604 Curtium.
1978 1564 2104 1604 Tales

1219 1631 1342 1666 erant
1360 1626 1656 1678 Thermopylae
1687 1637 1823 1677 mons,
1843 1626 1916 1679 qui
1940 1639 1966 1666 a
1994 1628 2104 1667 Leu-

1218 1689 1324 1730 cade
1343 1690 1570 1742 incipiens,
1587 1694 1716 1742 atque
1748 1688 1848 1729 inde
1879 1689 1934 1729 ad
1960 1694 2101 1729 ortum

1216 1750 1373 1804 flexus,
1401 1753 1445 1792 in
1478 1752 1671 1804 AEgaeum
1691 1764 1827 1805 usque
1857 1764 1972 1794 mare
2005 1745 2104 1805 pro-

1217 1816 1489 1857 tendebatur.
1544 1817 1597 1857 In
1617 1816 1808 1868 AEgypto
1826 1828 1910 1857 non
1930 1816 2100 1858 absimi-

1216 1880 1267 1920 lis
1297 1880 1383 1921 fuit
1413 1880 1705 1931 Pihachiroth,
1734 1880 1818 1920 duo
1846 1886 2013 1921 montes
2044 1882 2098 1921 ad

1217 1957 1336 1985 mare
1379 1945 1556 1985 rubrum
1600 1945 1737 1986 instar
1790 1945 1875 1985 oris
1919 1945 2097 1987 hiantis.

1217 2009 1416 2049 Keucken.
1677 2041 1681 2046 .

1277 2072 1403 2123 quue
1435 2072 1514 2112 Ioco
1546 2085 1677 2112 omnes
1708 2072 1963 2124 interierunt]
2001 2085 2095 2114 ccc.

1217 2136 1548 2188 Lacedaemonii,
1565 2148 1662 2176 cum
1684 2147 1729 2185 n.
1760 2136 1931 2176 circiter
1958 2137 2100 2186 sociis,

1216 2200 1290 2251 qui
1320 2200 1605 2252 Thespienses
1643 2205 1768 2239 erant
1814 2204 1861 2239 et
1893 2199 2099 2241 Thebani.

1215 2263 1283 2302 Ex
1301 2275 1383 2316 quo
1403 2263 1607 2303 Leonidae
1618 2263 1760 2314 jocus,
1773 2263 1845 2315 qui
1865 2275 1962 2303 eum
1982 2263 2100 2304 vide·

1216 2332 1285 2365 ret
1303 2324 1457 2366 milites
1478 2325 1531 2366 ad
1552 2337 1736 2377 pugnam
1759 2332 1948 2377 paratos,
1968 2326 2099 2378 jussit

1215 2403 1287 2430 eos
1307 2391 1536 2444 prandere,
1568 2397 1772 2444 tauquam
1805 2392 1920 2444 apud
1942 2390 2097 2432 inferos

1214 2460 1357 2494 essent
1372 2455 1597 2495 coenaturi.
1616 2455 1754 2495 Lamb.
1796 2456 1956 2495 Erecta
1973 2458 2095 2496 caesis

1215 2518 1387 2570 publica
1405 2524 1681 2559 monumen-ta
1706 2519 1748 2558 in
1775 2531 1878 2570 agro
1907 2519 2096 2559 Locren·

1213 2581 1346 2631 sium3
1394 2588 1443 2623 ut
1480 2583 1552 2635 qui
1587 2593 1670 2634 pro
1701 2582 1902 2622 libertate
1939 2583 2092 2634 patriae

1212 2643 1488 2685 interiissent.
1531 2646 1725 2696 Suntque
1745 2645 1818 2684 illa
1843 2646 1961 2700 locus
1988 2647 2096 2697 poly-

1211 2707 1376 2747 andrion
1403 2707 1519 2758 apud
1545 2708 1814 2758 Strabonem,
1842 2708 1960 2760 quasi
1987 2710 2094 2748 mul-

1214 2776 1350 2810 torum
1378 2771 1661 2810 coemiterium
1694 2770 1826 2811 dicas.
1873 2770 2093 2822 Inscripta

1215 2834 1388 2884 tropaeis
1435 2834 1757 2885 epigrammata,
1803 2846 1898 2886 quae
1945 2834 2091 2876 videas

1214 2897 1326 2947 apud
1354 2896 1537 2937 eundem
1562 2897 1670 2937 libro
1696 2909 1819 2938 nono.
1875 2896 2093 2941 Caeterum

1213 2960 1381 3000 diverso
1402 2961 1495 3000 loco
1512 2959 1733 3012 cecidisse,
1752 2972 1806 3000 ex
1819 2959 2090 3013 Geographis

1213 3024 1372 3063 clarum
1393 3029 1471 3065 est.
1515 3024 1776 3075 Pomponius
1806 3024 1925 3063 Mela
1944 3024 2016 3063 lib.
2037 3035 2090 3067 ιι,

1212 3088 1224 3110 ‘
1249 3088 1457 3128 Maliacus
1471 3094 1518 3127 et
1529 3087 1747 3138 Opuntius
1758 3086 1941 3138 grandes
1956 3086 2095 3138 sinus,

1211 3155 1255 3189 et
1287 3150 1329 3189 in
1367 3150 1432 3190 his
1467 3162 1673 3190 caesorum
1706 3150 1833 3189 etiam
1872 3150 2091 3190 Laconum

1211 3213 1400 3264 tropaea!
1430 3214 1627 3253 Kenchen.
1947 3252 1953 3255 .

1268 3277 1541 3316 (l'recentarum
1559 3274 1732 3326 narium]
1779 3285 1958 3315 cctxxr.
2002 3275 2089 3315 He·

1211 3338 1350 3379 rodot.
1383 3339 1425 3378 in
1446 3339 1658 3391 principio
1690 3338 1888 3390 Οὐρανίας·
1914 3339 2089 3390 Ἀριθμὸς

1210 3401 1251 3442 δὲ
1270 3404 1348 3441 τῶν
1364 3399 1683 3451 συλλεχθεισέων
1713 3404 1808 3441 νεῶν
1838 3401 1896 3440 ἐπ’
1918 3400 2086 3452 Ἀρτεμί-

1209 3479 1309 3518 σιον,
1325 3465 1389 3517 ἣν,
1411 3463 1527 3517 πάρεξ
1557 3467 1635 3506 τῶν
1664 3463 1988 3516 πεντηκοντέρων,
2009 3467 2091 3513 am-
