2306 3900
128 2544 227 2583 rio.
257 2544 302 2583 fit
335 2545 465 2584 caedes
499 2544 644 2584 civium

675 265 895 304 RERUM
941 265 1015 303 ΒΤ
1059 261 1426 317 VERBORUM.

185 392 308 435 anti.
355 388 421 428 ubi
458 401 574 429 mox:
605 388 813 430 amicitiam
848 389 1017 441 alicujus

184 443 309 495 sequi,
336 443 443 489 xviii,
462 444 512 492 2)
553 443 824 482 animadvertit
842 442 1016 482 Deorum

182 510 325 536 numen
338 498 472 537 facere
490 509 623 536 secum
651 496 742 542 xvii,
760 499 789 536 2
815 497 864 549 (i.
883 501 919 535 ε’.
936 503 1016 535 stu-

183 552 275 590 dere
310 551 400 597 sibi,
428 557 472 590 ut
509 551 605 591 ibid.
647 549 854 602 loquitur).
890 551 941 589 de
979 564 1018 589 re

179 604 312 656 aliqua
346 605 584 646 mentionem
624 604 692 650 vii,
722 608 746 645 ⁵
802 604 854 644 de
885 604 1018 656 aliquo

180 658 419 699 mentionem
448 659 522 712 (de
552 664 635 697 tota
659 658 741 698 vita
766 657 933 710 alicujus
950 672 1017 697 ex-

179 710 331 764 posita)
358 726 423 759 xv,
437 716 478 754 4.
507 712 637 758 xxii,3
665 712 716 751 de
731 711 864 764 aliquo
878 712 1017 751 librum

181 766 462 818 (componere)
498 765 647 813 xxiv,.3
695 766 883 806 miserunt
916 766 1018 806 Del-

180 819 279 870 phos
306 820 542 867 consultum,
570 820 758 873 quidnam
776 821 950 860 facerent
967 821 1019 860 de

180 874 295 912 rebus
318 874 398 913 suis
427 875 547 927 (quid
575 875 835 927 inceptarent,
864 874 1019 914 consilii

178 928 386 980 caperent)
414 928 458 975 ii,
489 933 516 969 2
557 942 605 968 ex
643 929 739 968 urbe
774 928 1018 981 eruptionem

178 981 263 1028 viii,
287 985 314 1023 4
361 981 447 1035 (Sic
459 982 569 1022 *Flor
596 982 654 1029 iii,
682 986 752 1030 20.
782 985 849 1024 14.
891 982 1021 1022 Tacit.

178 1034 286 1074 Anu.
314 1035 418 1083 ii,7,
438 1041 476 1078 1.
504 1036 666 1090 etalii).
693 1049 741 1076 ex
762 1035 1018 1088 metallispe·

177 1089 314 1128 eunias
329 1088 501 1141 (reditus
517 1091 645 1130 fodin.
661 1090 809 1131 metall.
827 1089 1017 1152 intellig.)

179 1147 262 1188 v,1
291 1142 378 1196 (Sic
410 1157 570 1196 quoque
603 1144 744 1184 Cicero
764 1147 804 1185 1.
821 1143 945 1183 divin.
976 1151 1018 1184 et

180 1196 334 1239 verrin.
361 1201 404 1238 4
433 1211 481 1238 ac
509 1197 754 1251 Sallustius).
784 1198 828 1238 in
845 1196 1016 1251 aliquem

179 1251 367 1304 impetum
382 1251 584 1316 (adoriri)
612 1252 691 1298 xiv,
720 1256 748 1293 9
786 1252 827 1292 in
857 1252 1016 1292 flumine

178 1311 341 1356 pontem
380 1305 410 1353 i,
440 1309 466 1346 3
512 1306 555 1345 in
590 1305 730 1345 studiis
772 1318 1016 1358 progressum

178 1359 412 1413 (proficere)
438 1359 544 1407 xxiv,
561 1363 586 1400 3
625 1360 727 1399 inter
743 1361 849 1400 hunc
866 1365 909 1400 et
927 1360 1015 1400 illos

177 1425 315 1464 pacem
334 1413 410 1465 (de
424 1412 764 1466 reconciliatione)
790 1414 873 1460 viii,
891 1415 916 1454 8
943 1426 1016 1466 pro

176 1466 309 1518 aliquo
341 1467 459 1506 verba
487 1467 563 1520 (de
590 1466 789 1532 ἀπολογῇ
807 1466 1016 1521 judiciali)

154 1519 205 1566 .i‚
224 1524 249 1561 ἵ
277 1522 352 1561 sub
385 1526 487 1560 terra
511 1521 643 1561 locum
670 1522 724 1569 ir,
744 1525 768 1562 4
811 1520 1014 1570 Faciebat,

179 1581 223 1613 ut
240 1575 278 1614 ei
294 1574 369 1627 ipsi
387 1582 636 1615 numerarent
652 1575 860 1628 pecuniam
879 1575 1015 1628 (cura-

178 1629 246 1667 bat
259 1629 488 1692 numerari)
515 1642 580 1678 xv,
596 1633 625 1670 3
653 1629 810 1676 taciem,
839 1634 884 1668 ut
915 1629 1015 1669 scias

178 1682 287 1729 xxiii,
306 1686 359 1723 10
393 1696 475 1722 non
506 1683 772 1735 imprudenter
798 1658 955 1730 leceris,
984 1683 1016 1722 si

179 1736 276 1788 quid
302 1737 377 1776 διο.
417 1737 524 1784 xxiii,
541 1740 570 1778 2
626 1736 751 1801 (Sunt
784 1736 887 1776 inter
918 1736 1016 1776 istos

179 1789 289 1829 verbi
320 1789 438 1843 hujus
471 1804 578 1838 usus,
613 1791 682 1843 qui
716 1791 891 1843 suspecti
927 1804 1013 1831 esse

178 1850 372 1896 possunt3
399 1845 470 1885 sed
502 1845 593 1884 vide
630 1845 695 1886 cl.
726 1843 929 1886 Vorstium
961 1846 1013 1885 de

177 1897 342 1939 Latinit.
371 1898 458 1938 fals.
489 1911 597 1951 susp.
624 1912 661 1941 c.
689 1902 728 1940 9.
756 1911 798 1951 p·
815 1902 883 1940 95.
974 1911 1015 1952 q

180 1951 396 1992 Ceterum·
407 1953 549 1993 sacere’
561 1953 784 1993 interdum
772 1965 813 1992 ιιι
826 1965 1015 1997 macroo·

178 2005 246 2058 gia
255 2013 475 2059 usurpatur,
486 2013 533 2046 ιιι
543 2006 578 2061 ε)
597 2006 950 2047 certumhominem
962 2008 1014 2047 ad

154 2073 268 2102 -cum
300 2060 432 2101 mittas
462 2061 551 2102 face
581 2060 633 2114 (i.
660 2074 696 2102 e.
724 2060 860 2114 mitte)
902 2061 956 2108 iv,
987 2066 1014 2102 2

179 2114 214 2166 (¹
226 2115 324 2154 face'
339 2121 469 2154 autem
482 2122 543 2154 est
554 2128 625 2168 pro
637 2115 748 2155 ‘fac-³
763 2121 808 2154 ut
821 2115 1017 2167 ap.Plau·

178 2167 299 2219 tum).
324 2180 456 2221 neque
467 2169 544 2208 hoc
555 2168 705 2208 solum
694 2181 735 2207 ιιι
744 2168 897 2208 Graecia
907 2169 1018 2217 fecit,

180 2227 227 2260 ut
249 2221 400 2274 templa
422 2221 600 2262 Deorum
621 2228 758 2262 sancta
774 2222 937 2262 haberet
952 2223 1017 2276 (id

180 2282 255 2322 est,
279 2275 440 2328 habuit)
465 2275 561 2323 xvii,
577 2279 604 2316 4
630 2275 710 2329 (sic
722 2276 867 2329 passim
883 2277 1019 2317 Comi·

151 2410 154 2411 f
179 2329 1020 2432 &sffetlssuffssslfflovtafffloe'a3¹:3³

173 2436 323 2488 junior,
358 2437 438 2476 alii.
480 2452 520 2477 v.
549 2438 707 2477 Buchn.
742 2438 794 2477 de
830 2445 1016 2478 commut-

182 2496 255 2530 rat.
273 2491 352 2530 dic.
380 2491 410 2537 i,
423 2494 497 2539 21,
516 2495 557 2531 3.
586 2504 677 2543 pag.
696 2491 803 2544 830)

699 2543 925 2597 caeduntur)
952 2556 1017 2592 xv,

756 2597 962 2650 penditur)
989 2598 1017 2644 i,

183 2655 207 2692 7
238 2652 340 2691 fiunt
367 2658 516 2691 sumtus
543 2665 583 2699 x,
601 2655 627 2692 ‘1
655 2651 758 2690 fiunt
783 2651 936 2691 insidias
967 2652 1018 2691 ab

182 2719 224 2751 x,
233 2710 258 2745 8
286 2706 369 2745 fieri
382 2705 502 2757 pluris
528 2706 607 2752 xiv,
615 2710 640 2746 5
669 2705 909 2769 (aestimari).
922 2705 1019 2758 quid

182 2759 242 2799 his
260 2759 342 2800 fieri
358 2759 477 2800 vellet
491 2759 564 2813 (de
580 2760 662 2810 his)
690 2758 785 2807 xvii,
801 2763 827 2800 4
855 2772 935 2812 qno
950 2760 1019 2800 fie-

184 2815 264 2860 bat,
274 2821 320 2854 ιιι
335 2827 374 2861 x,
383 2817 410 2854 2
437 2813 616 2868 (Integre
628 2813 662 2867 z)
689 2813 966 2867 exquofiebat,
975 2821 1021 2854 ut

182 2867 251 2914 vii,
260 2870 286 2908 7
303 2868 766 2931 quofactumest,ut113
793 2868 995 2922 (Integre:
1001 2867 1020 2920 )

183 2923 453 3023 ἓέὴιιιιιιωιιίιωιξῦ
440 2923 636 3018 nmuetsltb:
617 2936 669 3017 ‘1¹1⁶
683 2926 731 3017 ἔο
744 2922 896 3029 ἷιοιέιῗιιιιιζ
903 2923 1020 3017 ἷὶθὲιὲῗ

180 3028 377 3081 judicium
403 3030 483 3079 xix,
502 3035 527 3072 8
554 3030 682 3072 factus
700 3031 751 3071 ad
770 3043 851 3070 rem
881 3043 1018 3083 geren-

186 3084 279 3122 dam
309 3084 506 3124 alacrior
494 3097 549 3131 iv,
566 3088 594 3126 2
621 3085 748 3126 factus
776 3085 883 3124 domi
911 3085 962 3139 (i.
979 3098 1017 3126 e.

187 3138 391 3183 educatus,
418 3138 618 3178 institutus
649 3140 773 3179 ductu
805 3139 1019 3190 artificum)

185 3205 276 3238 xxv,
292 3194 341 3232 13
371 3191 497 3231 factus
508 3198 568 3232 est
580 3193 757 3245 ephebus
782 3206 848 3240 xv,
864 3196 891 3234 2
916 3193 1021 3232 facta

186 3246 225 3285 ei
260 3250 434 3296 potestas
468 3245 652 3285 manendi
691 3258 782 3294 zu,
816 3249 865 3287 U
914 3247 1021 3287 facta

186 3300 339 3339 duabus
370 3299 532 3351 virgulis
561 3299 749 3352 oleagini·
766 3310 911 3339 corona
939 3299 1021 3345 viii.

187 3356 215 3392 4
254 3353 359 3393 facta
384 3353 651 3393 cohortatione
669 3352 833 3392 militum
851 3351 900 3405 (i.
915 3364 952 3391 e.
970 3352 1021 3390 ad

190 3404 354 3466 milites)
380 3408 488 3455 xxiii,
510 3411 559 3449 ll
594 3408 741 3448 factum
759 3412 820 3446 est
835 3404 1021 3459 equitate

193 3459 295 3511 ejus,
331 3468 376 3500 ut
409 3461 632 3516 (effectum,
668 3461 933 3514 impetratum,
963 3468 1021 3500 res

182 2601 237 2638 lo
263 2604 412 2637 sumtus
428 2598 471 2637 in
486 2597 648 2638 classem
676 2544 754 2651 {im

1084 3136 1216 3177 Facile
1234 3138 1435 3177 intellectu
1465 3151 1503 3183 x,
1522 3140 1550 3176 9
1589 3136 1681 3175 Sic:

1849 256 1972 309 lxiii

1134 402 1181 429 eo
1213 391 1405 443 deducta)
1434 391 1490 435 iii.
1509 395 1539 432 2
1564 392 1716 431 sactum.
1742 397 1802 431 est
1833 392 1970 431 adver-

1133 445 1318 483 sariorum
1354 446 1596 485 immodestia
1624 446 1675 491 vi,
1712 450 1732 486 1
1780 459 1829 485 eo
1864 447 1970 488 facto

1135 499 1296 549 (perid,
1325 500 1397 539 hac
1411 499 1582 551 ratione)
1611 499 1740 545 xvii,5
1770 512 1850 551 quo
1864 500 1970 541 facto

1135 551 1236 613 (qua
1266 565 1398 600 causa,
1427 567 1505 605 qua
1537 567 1584 592 ex
1603 553 1664 605 re)
1693 553 1747 599 vi,
1767 557 1805 592 1.
1833 554 1910 602 xiv,
1930 560 1971 594 5.

1134 606 1212 651 xvi,
1233 610 1270 646 l.
1300 606 1406 653 xxiii,
1424 611 1464 647 3.
1493 620 1580 652 xxv,
1596 611 1620 646 5
1652 607 1738 658 (Sic
1757 605 1900 646 Vellei.
1929 609 1973 655 ii,

1133 661 1201 703 76.
1217 659 1279 711 3).
1306 659 1348 699 in
1365 673 1444 712 quo
1460 661 1565 700 facto
1576 660 1671 712 quud
1691 672 1791 712 opus
1819 661 1926 707 xviii,
1945 665 1971 702 9

1134 711 1239 751 facta
1266 720 1358 752 sunt
1390 714 1556 766 amplius
1588 720 1745 753 centum
1775 713 1894 753 millia
1911 728 1972 755 ar

1135 771 1326 806 matorum
1345 767 1558 820 (collecta)
1587 766 1681 813 xxii,
1701 771 1729 807 2

1080 817 1242 859 Factum
1256 820 1430 861 illustre
1420 822 1476 868 rii,
1490 825 1517 862 2
1544 820 1970 873 magnificentissimum

1132 874 1216 920 viii,
1239 878 1259 914 l
1291 875 1624 926 praeclarissimum
1654 887 1717 920 xx,
1739 878 1760 914 1

1080 923 1215 967 Factio
1251 928 1324 980 (de
1360 928 1499 968 studiis
1533 934 1574 968 et
1609 928 1750 981 partib.
1783 934 1828 966 ut
1856 937 1971 969 vocat

1131 980 1314 1044 Tacitus)
1341 997 1381 1030 x,
1399 987 1426 1023 6
1458 983 1591 1022 factio
1626 983 1844 1022 adversaria
1876 983 1971 1046 (pro

1132 1035 1222 1075 viris
1238 1037 1390 1076 advers.
1408 1037 1502 1076 fact.
1518 1034 1864 1087 ἀντιτασσόμενοι)
1891 1038 1971 1083 xvi,

1133 1093 1171 1128 1.
1202 1090 1280 1138 xix,
1300 1095 1347 1131 3
1369 1089 1537 1144 (Polyb.
1572 1089 1876 1151 ἂντιπαραγανγὴ
1907 1090 1971 1143 2).

1130 1143 1250 1183 factio
1284 1145 1361 1184 adt
1362 1145 1586 1184 ersariorum
1618 1143 1698 1191 xvi,
1717 1148 1744 1184 2
1787 1145 1971 1184 factionis

1131 1197 1327 1250 principes
1366 1197 1445 1246 xvi,
1472 1203 1500 1240 2
1545 1198 1737 1261 factionis
1773 1199 1971 1251 principes

1131 1251 1211 1298 xvi,
1245 1256 1267 1293 l
1316 1251 1401 1292 sine
1445 1252 1618 1292 factione
1662 1251 1797 1292 amicis
1843 1252 1971 1293 officia
2035 1255 2043 1266 ¹

1131 1306 1354 1356 praestanda
1386 1306 1634 1346 existimabat
1672 1319 1763 1353 xxv,
1794 1309 1820 1346 8
1866 1303 1917 1358 (i.
1934 1320 1970 1346 e.

1129 1358 1214 1398 sine
1239 1359 1422 1412 pactione
1452 1366 1493 1399 et
1521 1359 1809 1411 conspiratione
1838 1361 1970 1399 occul-

1130 1418 1170 1451 ta
1187 1427 1199 1455 z
1227 1414 1312 1453 haec
1328 1413 1437 1452 enim¹
1450 1414 1570 1453 factio
1587 1419 1666 1452 ests
1714 1412 1818 1451 Nam
1837 1413 1971 1453 amici-

1133 1466 1188 1505 tia
1201 1467 1376 1506 actiones
1390 1467 1530 1507 liberas
1543 1467 1676 1506 habet.
1730 1466 1824 1505 Erat
1839 1473 1971 1507 autem

1131 1519 1278 1583 duplex
1308 1527 1508 1573 respectus
1538 1521 1579 1560 in
1610 1521 1750 1567 Bruto,
1778 1527 1972 1572 quatenus

1131 1575 1278 1614 amicus
1304 1574 1441 1614 Attico
1469 1580 1553 1614 erat
1571 1575 1711 1627 (talem
1729 1575 1834 1614 enim
1852 1574 1972 1615 fuisse

1130 1640 1220 1667 cum
1251 1642 1299 1668 ex
1331 1629 1422 1676 hoc,
1452 1635 1535 1668 tum
1563 1642 1611 1667 ex
1629 1640 1718 1681 cap.
1738 1631 1806 1668 14.
1823 1628 1971 1682 liquet)

1130 1688 1172 1721 et
1201 1689 1394 1734 quatenus
1423 1683 1669 1722 adversarum
1687 1681 1864 1721 Antonio
1882 1695 1971 1735 par-

1131 1734 1230 1775 tium
1275 1737 1357 1775 dux
1402 1742 1497 1776 erat.
1554 1736 1739 1777 Ceterum
1784 1737 1861 1776 hoc
1898 1736 1973 1776 sibi

1129 1790 1283 1828 dudum
1319 1789 1550 1842 gravissimis
1583 1789 1798 1829 rationibus
1826 1801 1970 1853 propo-

1130 1849 1261 1883 suerat
1285 1843 1457 1890 Atticus,
1485 1843 1628 1883 civium
1647 1842 1759 1883 bellis
1777 1842 1970 1895 partibus-

1133 1911 1211 1950 que
1245 1910 1290 1938 se
1326 1911 1407 1938 non
1440 1898 1614 1937 miscere.
1668 1896 1726 1937 Ut
1759 1897 1894 1950 itaque
1929 1898 1972 1938 id

1133 1958 1302 1991 servaret
1318 1964 1367 1992 ac
1386 1957 1570 1998 tueretur,
1581 1963 1656 1991 nec
1669 1951 1823 1990 interim
1841 1957 1972 1991 tamen

1135 2005 1268 2045 amicis
1302 2006 1472 2052 deesset,
1500 2017 1659 2057 operam
1689 2005 1763 2044 sibi
1799 2004 1974 2048 dandam

1132 2058 1382 2099 existimavit.
1436 2058 1580 2098 Noluit
1619 2059 1756 2111 itaque
1797 2058 1975 2098 assentiri

1135 2112 1272 2152 Flavio
1307 2113 1350 2152 in
1385 2114 1578 2165 privatum
1622 2112 1799 2152 aerarium
1845 2111 1970 2152 Bruto

1135 2167 1467 2214 constituendum,
1496 2179 1624 2219 neque
1650 2167 1822 2207 deseruit
1838 2172 1972 2207 tamen

1134 2220 1317 2269 Brutum,
1344 2233 1435 2261 cum
1464 2221 1629 2260 afflictus
1646 2220 1879 2260 necessitate
1895 2232 1976 2273 ope

1135 2275 1252 2315 amici
1275 2275 1479 2327 indigeret.
1534 2274 1624 2314 Pari
1640 2274 1788 2314 ratione
1807 2273 1973 2314 Antonii

1136 2329 1251 2368 sociis
1269 2330 1457 2381 uxorique
1474 2328 1589 2367 affuit
1603 2329 1687 2380 pari
1706 2328 1972 2371 laborantibus

1135 2382 1305 2430 fortuna,
1330 2395 1465 2422 eorum
1493 2383 1675 2422 adversos
1693 2394 1805 2422 casus
1822 2381 1972 2428 levans,

1136 2449 1217 2475 non
1253 2436 1340 2488 ejus
1373 2437 1493 2488 partis
1534 2436 1692 2475 firmans
1735 2448 1856 2477 arma.
1911 2436 1974 2475 Ita

1136 2501 1229 2541 ergo
1265 2496 1308 2529 et
1341 2503 1454 2528 suum
1490 2490 1732 2542 propositum
1762 2490 1903 2537 tenuit,
1931 2496 1973 2528 et

1140 2543 1293 2595 utrique
1321 2544 1490 2582 officium
1518 2543 1711 2594 praestitit,
1737 2543 1846 2594 quod
1875 2542 1972 2582 ami-

1136 2609 1206 2636 cus
1231 2596 1358 2636 amico
1387 2597 1572 2636 debebat.
1609 2595 1767 2636 Buchn.
1795 2596 1837 2635 in
1865 2609 1972 2635 com·

1137 2650 1281 2702 ment.)
1307 2651 1498 2691 factiones
1515 2650 1604 2690 duae
1622 2650 1790 2689 Athenis
1816 2663 1854 2696 x,
1874 2655 1898 2690 8

1083 2704 1284 2744 Factiosus
1311 2705 1365 2752 vi,
1381 2710 1402 2746 l
1434 2704 1618 2744 factiosus
1629 2710 1671 2744 et
1682 2710 1823 2757 potens
1842 2704 1932 2752 xvii,
1949 2708 1971 2745 1

1082 2759 1226 2799 Facete
1244 2759 1367 2812 loqui,
1381 2759 1443 2798 Fr.
1458 2763 1483 2799 5

1083 2812 1220 2853 Facies
1237 2812 1416 2853 terribilis
1442 2813 1520 2860 xiv,
1540 2815 1565 2852 8
1603 2811 1725 2851 facies
1743 2810 1973 2864 (contemti-

1139 2867 1248 2919 bilis)
1288 2867 1381 2914 xvii,
1415 2870 1442 2907 8
1486 2866 1607 2906 facies
1645 2870 1737 2929 (pro
1773 2865 1898 2904 forma
1933 2872 1975 2905 et

1137 2922 1254 2961 modo
1268 2922 1387 2961 totius
1404 2920 1596 2974 corporis)
1624 2918 1717 2966 xvii,
1725 2923 1759 2960 8
1786 2919 1975 2983 (quomo-

1137 2977 1190 3014 do
1203 2982 1351 3015 veteres
1392 2975 1518 3027 roprie
1530 2976 1631 3013 hanc
1643 2986 1730 3013 voc.
1739 2973 1975 3024 usurparint,

1137 3030 1257 3069 docet
1291 2988 1399 3070 Gell.
1438 3028 1520 3074 xiii,
1552 3032 1620 3069 28.
1659 3028 1762 3067 adde
1798 3026 1973 3079 Philipp.

1138 3083 1270 3124 Carol.
1288 3084 1483 3123 ιιιιίιιιιιάι.
1501 3083 1543 3121 ἱιι
1561 3082 1679 3122 eund.
1699 3081 1797 3131 loc.)

1710 3134 1826 3173 facile
1844 3143 1973 3171 carere

1138 3191 1271 3244 aliqua
1288 3203 1329 3230 re
1357 3191 1435 3237 xix,
1456 3195 1477 3231 1
1520 3190 1620 3228 adeo
1637 3188 1753 3227 facile
1770 3198 1975 3238 perpessus

1140 3251 1200 3283 est
1217 3250 1500 3296 paupertatem,
1529 3248 1573 3281 ut
1589 3241 1664 3281 διο.
1692 3241 1830 3294 (aequo
1841 3240 1972 3279 animo

1140 3298 1251 3349 tulit)
1278 3310 1343 3344 xv,
1362 3301 1387 3337 8
1417 3309 1496 3348 quo
1524 3294 1678 3335 facilius
1706 3295 1779 3333 sub
1801 3294 1924 3333 divo·
1913 3306 1972 3333 ιιι·

1138 3350 1271 3390 teriret
1296 3351 1354 3397 iv,
1374 3355 1399 3389 6
1429 3349 1581 3390 facilius
1612 3360 1654 3388 se
1684 3347 1798 3388 Afros
1816 3359 1975 3400 eorrup-

1141 3411 1268 3444 turum
1301 3404 1526 3443 existimans
1555 3403 1607 3449 vi,
1638 3405 1663 3443 8
1704 3400 1759 3441 ibi
1789 3401 1973 3441 facillime

1140 3470 1248 3499 suam
1267 3458 1459 3498 fortunam
1479 3456 1607 3499 occuli
1627 3468 1740 3511 posse
1768 3456 1837 3508 vii,
1855 3460 1881 3495 9
