2306 3900
706 268 925 309 RERUM
972 270 1046 308 ΕΤ
1091 270 1457 311 VERBORUM.

217 389 412 445 loquitur;
444 394 551 447 quod
584 392 814 433 Buchnerus
839 394 958 434 Thes.
990 397 1045 436 sic

216 448 404 499 exponit:
433 453 445 471 ⁸
465 448 657 487 actionem
693 447 810 486 alicui
843 449 1046 489 intendere

217 502 431 541 secundum
456 501 584 553 legum
612 501 862 553 praescripta!
891 515 929 541 v.
958 503 1046 542 infr.

216 554 334 606 Lex).
357 561 494 594 natura
521 561 682 607 experta
713 555 865 594 videtur
895 556 936 594 in
971 557 1047 596 hoc

213 609 311 660 quid
328 608 480 648 efficere
498 609 621 661 possit
655 606 725 655 vii,
746 613 766 648 1
815 609 969 664 (magni
987 611 1047 649 in-

217 662 321 713 genii
335 661 589 715 periphrasis)

161 715 310 767 Expers
345 715 498 756 consilii
527 715 632 769 (non
654 715 856 769 conscius)
901 715 995 763 xvii,
1020 721 1047 757 6

215 769 409 809 literarum
427 768 651 809 Graecarum
679 769 859 822 (ignarus
887 769 978 809 hist.
1006 776 1049 809 et

212 822 466 876 rer.Graec.),
486 824 605 863 Praef.
641 823 801 876 periculi
824 824 1047 878 (immunis)

212 890 302 923 xxv,
331 881 358 917 2
416 877 618 916 suavitatis
647 877 814 930 poeticae
855 876 1049 932 (carendi

212 930 321 983 not.)
347 944 437 977 xxv,
458 935 509 972 18

159 984 352 1036 Expetere
371 997 505 1037 preces
522 985 573 1024 ab
591 983 724 1036 aliquo
740 999 750 1024 z
779 997 818 1025 v.
837 984 980 1025 Preces

158 1037 367 1090 Explicare
394 1037 562 1090 alicujus
593 1051 654 1077 res
686 1038 764 1091 (sc.
793 1044 936 1090 gestas,
966 1039 994 1077 i.
1011 1052 1047 1078 e.

211 1091 362 1144 prolixe
396 1105 548 1131 narrare
583 1097 626 1131 et
659 1091 862 1145 accurate)
908 1092 987 1138 xvi,
1023 1097 1046 1133 1

210 1146 330 1198 (opp.
360 1158 528 1185 summas
554 1145 824 1184 tantummodo
841 1144 1047 1198 attingere,

211 1199 332 1253 ibid.)
358 1212 555 1252 exponere
567 1199 755 1238 rationem
769 1205 965 1250 gestorum
977 1199 1049 1238 ali-

211 1253 328 1306 cujus
365 1253 444 1301 xiV,
479 1257 501 1294 1
549 1259 596 1292 ut
631 1265 679 1293 ea
713 1251 920 1305 explicem,
957 1266 1046 1305 quae

210 1320 370 1349 exorsus
383 1320 484 1353 sum,
499 1307 617 1347 Praef.
643 1319 807 1359 quorum
821 1307 920 1346 vitas
936 1319 1049 1359 sepa-

212 1361 324 1400 ratim
353 1362 572 1413 complures
599 1367 691 1400 ante
715 1373 788 1400 nos
805 1360 1052 1413 explicarunt

211 1428 276 1461 xv,
295 1419 323 1457 4
363 1415 613 1468 imperatores
641 1413 908 1453 Romanorum
926 1414 1050 1466 expli-

186 1506 189 1509 .
212 1481 323 1560 carp·
343 1469 452 1516 xxiii,
477 1472 536 1532 ‘13
582 1467 769 1560 explicari
803 1468 1052 1561 nontepoltuit

211 1536 279 1562 mu
295 1521 519 1616 mtndffiof
550 1534 636 1562 acie
667 1533 707 1561 sc
741 1549 752 1562 .
784 1533 883 1574 prop
926 1534 944 1561 r
986 1535 1048 1562 oc.

161 1577 552 1683 Exfflffi{)(5¹:,'rem
571 1633 800 1688 praesentem
826 1626 980 1681 venire)
1006 1628 1050 1675 ii,

212 1689 237 1726 7
277 1685 331 1724 de
360 1685 563 1723 voluntate
597 1682 765 1733 aliquus
791 1682 897 1729 xxiii,
915 1685 942 1722 2
982 1695 1050 1721 ex-

213 1737 426 1791 ploratores
473 1737 647 1777 locorum
682 1742 774 1775 ante
808 1736 1050 1789 colloquium

214 1791 368 1832 mittere
385 1791 524 1845 (moris
540 1789 645 1842 erat)
671 1790 750 1836 xiv,
771 1794 828 1831 11Δ
904 1827 906 1829 ,

158 1844 394 1899 Exponerez
424 1845 476 1886 de
504 1845 582 1884 hoc
610 1842 705 1883 alibi
738 1843 849 1895 plura
873 1849 965 1883 sunt
981 1856 1048 1882 ex-

215 1900 344 1952 posita
374 1898 454 1953 (de
479 1897 689 1951 scriptione
705 1895 820 1950 hist.)
847 1910 890 1944 x,
906 1901 931 1938 8
958 1896 1048 1937 Sic:

213 1966 412 2007 exponere
428 1953 480 1992 de
497 1952 704 1992 virtutibus
732 1949 899 2004 alicujus
925 1949 1005 1997 xvi,
1027 1955 1047 1991 1

211 2007 308 2060 (pro
326 2007 463 2060 quoin
477 2006 636 2046 Praefat.
649 2005 826 2045 dixerat:
855 2017 1050 2058 exponere

213 2061 383 2114 alicujus
421 2059 617 2112 virtutes).
652 2071 848 2112 exponere
883 2060 936 2099 de
970 2059 1051 2097 vita

213 2115 488 2156 excellentium
498 2114 796 2166 Imperatorum,
811 2112 927 2153 Praef.
950 2111 1051 2152 viros

215 2168 342 2209 claros
373 2169 545 2208 versibus
573 2181 663 2213 xxv,
684 2170 736 2208 18
777 2164 1051 2218 antiquitatem

215 2228 337 2262 totam
355 2222 397 2261 in
415 2221 548 2274 aliquo
565 2220 762 2260 volumine
789 2232 879 2266 xxV,
900 2223 951 2259 18
979 2219 1051 2258 ali-

213 2289 366 2370 quegp
379 2275 548 2368 navebii,
567 2278 595 2315 8
622 2273 805 2369 (νξόδιιτὲ
820 2273 1047 2366 ηαυῐίἔιιηὲε

214 2343 255 2369 v.
332 2343 426 2372 ian.
462 2341 547 2369 os.
611 2355 622 2368 .
715 2354 726 2365 .
800 2339 896 2365 aesar
951 2340 974 2366 e
1039 2353 1050 2365 .

213 2383 263 2424 C.
291 2383 321 2431 i,
338 2387 389 2431 31
419 2389 432 2407 ⁶
452 2383 494 2422 in
522 2341 662 2422 tergm
693 2379 902 2432 exponere'
932 2379 1050 2434 plene

213 2436 328 2477 dixit.
344 2437 439 2479 add.
458 2436 614 2477 Buchu.
630 2434 772 2487 Thes.)

159 2490 382 2543 Exposeere
409 2489 581 2542 aliquem
608 2488 766 2541 (petere
792 2492 839 2526 ut
863 2487 1050 2534 tradatur,

213 2543 402 2597 dedatur)
426 2543 572 2589 xxiii,·'1
599 2541 685 2581 sic:
713 2540 937 2592 exposcitur
949 2541 1051 2593 pub-

215 2598 291 2638 lice
302 2597 583 2637 Themistocles
601 2595 675 2648 (ad
692 2592 943 2646 supplicium,
956 2593 1051 2646 πρὸς

214 2650 425 2760 ξ”ἱῖἑῖᾍ
439 2657 484 2745 '1¹3‘
511 2650 690 2746 ‘31:³⁸5ss
707 2648 814 2744 ’ἥδ’
833 2646 1051 2742 ῗῖοῗὶἒιέἒ

245 2731 248 2734 ⁴
482 2731 493 2744 s
598 2729 611 2743 o
682 2729 695 2750 ρ
798 2727 810 2742 ο

216 2759 301 2807 viii,
320 2763 388 2800 38.
416 2765 478 2800 est
504 2763 516 2782 ⁸
537 2755 787 2810 deposcere')

160 2812 385 2867 Exprimere
401 2811 611 2867 imaginem
628 2810 719 2851 vitae
736 2809 810 2864 (de
826 2806 1051 2862 βιογράψφ)

214 2881 280 2915 ιν,
306 2871 330 2909 1
373 2866 462 2921 (Sic
493 2868 574 2908 sere
605 2863 693 2907 Cic.
722 2877 793 2917 pro
823 2862 947 2903 Rosc.
975 2868 987 2887 ·
1009 2869 1052 2902 ut

214 2933 432 2974 expressam
450 2920 659 2973 imaginem
677 2918 768 2958 vitae
785 2923 929 2958 nostrae
952 2928 1050 2970 quo·

215 2975 376 3015 tidianoe
410 2973 645 3015 viderimus-⁹
700 2972 837 3013 Lamb.
891 2970 946 3010 Et
980 2983 1050 3024 pro

215 3027 336 3068 Arch-
365 3033 377 3052 ⁴
396 3042 513 3081 quam
546 3027 687 3067 multas
718 3026 833 3066 nobis
863 3023 1051 3078 imagines

216 3094 299 3121 non
311 3081 438 3121 solum
455 3083 507 3122 ad
523 3081 771 3127 intuendum,
785 3091 917 3119 verum
931 3079 1051 3119 etiam

217 3136 270 3175 ad
297 3135 542 3182 imitandum,
568 3134 859 3175 fortissimorum
883 3132 1050 3173 virorum

217 3201 431 3241 expressas,
458 3188 677 3240 scriptores,
704 3194 746 3228 et
767 3186 899 3227 Graeci
915 3192 957 3227 et
973 3186 1051 3226 La-

215 3243 304 3289 tini,
349 3241 614 3295 reliquerunt?
667 3239 823 3292 Vorst.)
852 3252 1050 3288 *coronam

215 3309 324 3336 amor
350 3296 492 3337 civium
517 3307 598 3335 non
616 3295 674 3334 vis
690 3299 931 3347 expresserat
945 3294 995 3345 (i.
1012 3306 1050 3332 e.

219 3362 326 3390 amor
341 3350 484 3391 civium
502 3362 619 3390 causa
631 3359 786 3390 corono
796 3346 900 3398 erat)
927 3345 1010 3393 viii,
1022 3350 1047 3386 4

162 3401 224 3443 Ex
255 3405 404 3445 robrare
433 3404 551 3445 alicui
582 3404 636 3445 de
665 3414 786 3444 uxore
814 3399 891 3442 &co
927 3412 993 3448 xv,
1022 3405 1048 3441 ὃ

244 3458 329 3498 sub.
346 3459 511 3512 famam)

1914 259 1998 315 lxi

1109 396 1344 448 Expugnare
1371 397 1509 436 urbem
1537 396 1565 443 i,
1583 399 1610 436 4
1652 408 1873 451 expugnare
1902 399 1941 438 vi
1966 399 1996 446 i,

1166 453 1208 489 ⁷.
1237 450 1342 497 xxiii,
1363 449 1387 491 8

1109 501 1346 556 Exsculpere
1372 505 1426 551 iv,
1446 507 1466 544 1
1509 501 1627 557 (Non
1651 504 1905 544 dubitaverim
1928 516 1997 545 ve-

1163 569 1247 596 rum
1283 569 1383 604 esse,
1425 569 1647 610 quanquam
1697 558 1910 598 Lambinus
1957 565 1999 599 et

1163 610 1240 650 Ma
1266 611 1324 650 ius
1338 610 1490 650 malunt
1514 617 1526 634 ⁰
1547 610 1796 663 exscalpere.'
1815 612 1897 653 vid.
1914 619 1998 653 not.

1162 676 1228 716 ap.
1307 665 1427 717 ucyd.
1454 668 1492 705 l.
1519 663 1788 706 ἐκκολάπτειν.
1842 665 2000 706 Dicitur

1163 724 1294 758 sutem
1322 724 1334 742 ⁸
1355 730 1486 757 versus
1503 718 1759 770 exsculpere,’
1781 719 1850 772 qui
1869 720 1997 760 literas

1164 777 1340 811 extantes
1358 772 1525 819 abradit,
1547 778 1664 824 atque
1681 772 1738 811 ita
1755 773 1999 825 superficiem

1166 825 1308 876 lapidis
1325 831 1394 864 aut
1411 824 1508 878 ligni
1523 838 1651 865 rursus
1669 826 1824 879 planam
1855 827 1999 866 reddit.

1167 879 1316 920 Contra
1343 884 1355 903 ‘
1374 880 1552 932 sculpere
1583 879 1727 919 versus'
1755 880 1946 920 dicendus
1965 880 1999 920 is

1165 933 1252 979 erit,
1280 932 1349 984 qui
1380 931 1510 972 literas
1542 934 1584 972 in
1616 933 1821 986 superficie
1857 934 2000 985 lapidis

1166 992 1234 1025 aut
1278 986 1374 1038 ligni
1423 993 1600 1027 extantes
1651 987 1760 1027 facit.
1815 987 1998 1028 Ceterum

1165 1045 1176 1061 ‘
1188 1039 1376 1092 sculpere'
1385 1045 1425 1079 et
1436 1046 1448 1064 ⁸
1458 1041 1683 1093 exsculpere
1690 1041 1834 1080 versus’
1844 1041 2002 1088 dicitur,

1165 1092 1260 1145 quia
1288 1094 1384 1146 ipsae
1417 1093 1539 1134 literae
1575 1095 1637 1134 vel
1672 1095 1902 1147 sculpuntur
1936 1096 2001 1134 vel

1166 1147 1456 1199 exsculpuntur,
1485 1149 1684 1201 quomodo
1711 1154 1724 1172 ‘
1744 1161 1876 1189 versus
1906 1149 1998 1188 scri-

1168 1200 1270 1240 bere’
1288 1202 1432 1240 dicitur
1447 1203 1495 1248 is,
1514 1202 1582 1254 qui
1595 1202 1700 1254 ipsas
1714 1202 1841 1242 literas
1855 1201 2000 1242 scribit.

1164 1254 1244 1294 Sed
1264 1260 1275 1278 ⁸
1290 1255 1468 1308 sculpere
1481 1256 1626 1295 versus’
1644 1255 1805 1296 etiamis
1816 1257 1896 1296 dici
1911 1269 2000 1309 pos-

1166 1308 1230 1355 sit,
1251 1309 1317 1361 qui
1338 1308 1378 1347 in
1397 1308 1543 1361 lapide,
1559 1308 1682 1362 ligno,
1699 1311 1761 1350 vel
1780 1323 1854 1350 aere
1871 1310 2002 1350 literas

1167 1362 1369 1413 depressas
1404 1369 1446 1402 et
1489 1363 1726 1414 refugientes
1771 1363 1904 1404 faciat.
1958 1365 2002 1403 Si

1166 1427 1259 1467 ergo
1287 1414 1672 1455 Lacedaemoniorum
1709 1429 1868 1469 quoque
1903 1418 2001 1456 tales

1165 1468 1322 1515 fuerint,
1332 1473 1345 1492 ‘
1355 1469 1626 1522 exsculpsisse'
1637 1470 1695 1509 illi
1705 1470 1865 1510 dicendi
1873 1478 2001 1518 erunt,

1166 1523 1274 1574 quod
1304 1522 1430 1576 lapidi
1447 1530 1516 1562 aut
1533 1524 1641 1577 ligno
1658 1537 1744 1563 eam
1764 1525 1894 1564 adhuc
1910 1537 2002 1576 par-

1167 1583 1247 1615 tem
1264 1576 1479 1623 demerent,
1508 1577 1549 1616 in
1583 1590 1663 1631 qua
1691 1578 1813 1617 literae
1842 1579 2002 1618 fuerunt

1165 1636 1377 1677 excavatae,
1405 1636 1524 1683 atque
1539 1631 1597 1670 ita
1612 1631 1857 1683 superficiem
1874 1645 2002 1672 rursus

1167 1683 1323 1734 planam
1341 1685 1562 1724 redderent.
1589 1684 1744 1739 Vorst.)

1113 1734 1447 1789 Exsplendescere
1475 1739 1615 1778 clarius
1646 1738 1723 1779 διο.
1753 1738 1852 1791 (vox
1869 1738 2002 1778 valida

1165 1796 1207 1830 et
1237 1791 1390 1837 efficax,
1418 1793 1470 1831 ad
1498 1792 1627 1832 radios
1655 1792 1805 1844 ingenii
1832 1801 1874 1832 et
1902 1806 2000 1845 prae-

1165 1843 1387 1883 cellentiam
1431 1858 1473 1885 se
1513 1845 1803 1899 erumpentem)
1847 1859 1939 1894 xxv,
1977 1850 2001 1887 1

1166 1897 1326 1950 (Boecl.
1346 1899 1521 1938 similiter
1537 1900 1646 1939 Suet.
1662 1900 1753 1939 Tito
1771 1913 1808 1939 c.
1826 1901 1876 1953 3)

1112 1949 1255 1991 Extare
1275 1953 1431 1992 volebat
1449 1954 1669 1992 memoriam
1687 1953 1774 2006 ejus
1790 1954 1845 1993 rei
1863 1953 2001 2007 (dura-

1165 2016 1221 2052 re,
1249 2007 1480 2052 conservari,
1508 2019 1679 2054 manere,
1706 2020 1786 2046 non
1822 2007 2006 2059 interire)

1167 2072 1233 2105 xx,
1251 2063 1278 2100 2
1319 2059 1405 2111 (Sic
1435 2059 1574 2100 Cicero
1592 2073 1662 2112 pro
1681 2059 1804 2100 Rosc.
1831 2065 1845 2084 ‘
1863 2063 2001 2100 extant

1167 2125 1347 2164 expressa
1363 2114 1525 2166 vestigia
1550 2113 1732 2154 sceleris.'
1762 2120 1804 2154 et
1821 2115 1873 2154 de
1889 2113 2001 2154 Orat.

1169 2170 1191 2206 1
1222 2172 1234 2189 ¹
1255 2172 1390 2206 extant
1419 2168 1521 2215 libri,
1548 2167 1706 2221 scripta,
1734 2174 2003 2218 monumenta,

1167 2219 1368 2274 picturae')

1111 2271 1325 2313 Externum
1345 2274 1486 2314 malum
1504 2274 1577 2328 (de
1594 2275 1686 2316 bell.
1703 2274 1806 2330 ext.)
1832 2276 1927 2324 xxii,
1945 2279 1972 2317 2

1112 2326 1375 2369 Extimescere
1392 2330 1608 2381 potentiam
1627 2329 1793 2382 alicujus
1819 2329 1849 2376 i,
1867 2333 1895 2370 8

1111 2380 1350 2434 Extinguere
1367 2381 1508 2423 liberos
1525 2383 1570 2436 (e
1589 2383 1718 2423 medio
1735 2383 1886 2431 tollere,
1904 2382 2002 2437 διο.)

1165 2440 1293 2482 xxv‚9
1321 2435 1618 2489 (SicTer.Hec.
1645 2450 1684 2483 v,
1706 2441 1746 2484 l,
1761 2441 1830 2478 28.
1857 2443 1898 2476 et
1914 2450 2002 2489 pas-

1166 2488 1240 2527 sim
1258 2489 1283 2528 J
1287 2489 1452 2535 ustinus,
1468 2490 1642 2537 Tacitus,
1659 2489 1759 2543 &c.)
1776 2490 2002 2542 extinguere

1166 2540 1320 2594 aliquos
1355 2542 1465 2595 (scil.
1498 2544 1776 2595 expugnando,
1816 2543 2001 2596 perdere)

1165 2594 1258 2641 xvii,
1277 2599 1301 2636 6
1336 2595 1613 2636 contumeliam
1640 2596 1831 2636 industria
1858 2596 2003 2650 (veluti

1167 2649 1369 2695 redimere,
1416 2655 1486 2689 aut
1519 2650 1743 2690 memoriam
1788 2650 2000 2692 contumel.

1167 2701 1320 2754 delere)
1347 2703 1390 2751 ii,
1409 2706 1431 2743 1

1112 2753 1322 2796 Extrahere
1336 2757 1470 2810 copias
1487 2770 1534 2797 ex
1554 2757 1830 2810 hybernaculis
1853 2756 1931 2812 (sc.
1950 2759 2002 2798 ad

1166 2810 1391 2850 faciendum
1410 2810 1504 2861 iter)
1531 2812 1624 2859 xvii,
1643 2815 1667 2852 8
1710 2811 1861 2865 (Aliter
1876 2818 1917 2851 et
1934 2826 2000 2851 ve-

1165 2863 1338 2904 nustiore
1367 2864 1520 2919 signif.)
1550 2867 1759 2915 extrahere
1777 2878 1819 2905 se
1846 2877 1894 2906 ac
1911 2878 2002 2905 suos

1165 2931 1302 2958 omnes
1317 2917 1533 2960 incolumes
1551 2918 1657 2972 (scil.
1675 2933 1698 2959 e
1715 2918 1892 2966 castello,
1910 2920 2001 2959 sub·

1164 2971 1332 3024 ducere)
1375 2972 1483 3019 xviii,
1519 2978 1544 3014 5
1599 2972 1740 3025 (plene
1781 2970 2003 3021 Terentius,

1167 3026 1326 3067 Phorm.
1352 3024 1382 3074 i,
1400 3030 1442 3073 4,
1461 3030 1486 3067 3
1515 3031 1528 3050 ‘
1547 3027 1679 3068 nescio
1709 3028 1909 3080 quomodo
1938 3040 2000 3066 me

1167 3092 1215 3120 ex
1234 3081 1345 3120 malis
1362 3079 1596 3133 extraham’)
1949 3108 1951 3110 v

1113 3132 1296 3174 Extrema
1323 3139 1417 3173 aetas
1469 3134 1496 3173 i.
1513 3147 1550 3174 e.
1567 3139 1738 3174 extrema
1755 3145 1843 3185 pars
1861 3132 2003 3180 artatis,

1166 3188 1218 3226 de
1253 3193 1455 3228 senectute
1519 3187 1622 3233 xxiv,
1641 3190 1682 3226 2.
1727 3199 1818 3233 xxv,
1837 3190 1888 3226 10
1932 3199 2002 3226 ex-

1166 3246 1289 3279 trema
1304 3246 1398 3280 aetas
1414 3240 1687 3292 imperatorum
1703 3238 2002 3281 Atheniensium

1165 3293 1239 3345 (de
1253 3292 1398 3332 ultimis
1414 3291 1728 3346 imperatoribus)
1756 3292 1840 3341 xiii,
1855 3297 1883 3335 4
1910 3294 2000 3335 Sic:

1166 3353 1336 3386 extremo
1365 3352 1540 3398 tempore
1567 3346 1645 3400 (sc.
1663 3346 1809 3400 morbi)
1835 3360 1926 3395 xxv,
1945 3352 1997 3390 21

1165 3405 1337 3440 extremo
1354 3404 1529 3453 tempore
1545 3399 1652 3453 (scil.
1670 3399 1761 3442 vitae
1789 3413 1885 3449 sum,
1912 3408 2000 3441 tan-

1167 3452 1280 3508 dem)
1307 3447 1387 3502 xiv,
1406 3456 1472 3496 1⁰.
1501 3466 1565 3505 ιν,
1582 3458 1611 3497 9
1648 3454 1829 3502 extremis
1846 3461 1998 3507 tempo·
