2306 3900
311 220 446 278 cxlii

363 364 391 403 4
417 358 508 401 Sic:
538 360 637 400 tradi
655 361 705 401 ad
720 361 955 414 supplicium
983 363 1098 410 xix,4
1127 364 1197 404 ali-

360 427 480 467 quem
495 415 645 455 tradere
663 416 792 455 vivum
817 423 886 456 aut
909 423 1103 458 mortuum
1129 419 1198 466 vii,

311 509 314 514 ,
362 472 419 510 10
452 468 603 509 tradere
619 469 738 510 alicui
755 470 889 511 urbem
906 471 1046 524 (moxz
1075 471 1197 513 dede-

362 521 429 575 re)
454 522 483 570 i,
501 526 528 563 2
571 522 690 563 alicui
713 535 871 564 uxorem
899 525 1066 577 (supraz
1095 538 1196 578 nup-

361 581 445 616 tum
465 575 580 630 dare)
606 591 645 624 x,
664 580 691 618 6
718 583 902 618 se.totum
921 578 1038 619 alicui
1062 578 1196 631 (dedi-

362 635 445 668 tum
470 642 554 670 esse
573 636 618 670 ut
636 631 832 683 magistro,
851 633 1080 686 praeceptori
1098 633 1196 687 ὅτε.)

359 697 400 730 x,
419 686 447 724 2
484 683 659 725 celeriter
675 685 866 738 accipere,
884 698 974 738 quae
993 687 1195 727 traduntur

358 736 434 789 (de
450 736 718 792 institutione)
744 752 834 786 xxv,
851 744 873 780 1
903 739 1022 780 alicui
1031 741 1194 790 multum

358 789 549 830 molestiae
567 797 609 832 et
625 791 765 831 laboris
782 793 970 846 (creare),
989 793 1052 833 Fr.
1072 798 1124 836 12

305 841 487 883 Traditus
504 858 588 884 mos
604 858 630 884 a
641 844 851 898 majoribus
877 847 972 894 xvii,
992 851 1014 888 l

304 895 523 938 Traducere
551 899 685 951 copias
711 899 839 951 (trans
855 899 1001 940 flumen
1019 913 1074 941 sc.
1092 913 1192 954 pon·

359 949 423 1002 te)
450 951 516 998 i,3
545 952 673 1006 (trans
691 952 816 1005 Alpes
830 952 905 1005 sc.)
932 952 1041 1001 xxiii,
1058 957 1082 995 3

304 1002 422 1044 Trahi
438 1005 490 1044 ad
518 1006 775 1059 cupiditatem
806 1007 957 1060 imperii
973 1007 1046 1061 (de
1073 1007 1192 1050 animi

359 1058 567 1111 properie.)
593 1060 623 1107 i,
636 1064 662 1102 8

303 1109 500 1163 Trajicere
534 1113 668 1167 copias
703 1111 1006 1166 Hellespontum
1039 1114 1133 1162 xvii,
1164 1121 1192 1158 4

358 1167 568 1208 exercitum
605 1181 653 1208 ex
684 1165 782 1207 Asia
811 1168 853 1207 in
882 1168 1081 1222 Europam
1108 1170 1136 1217 i,
1165 1174 1190 1211 3

359 1217 534 1260 fortunas
551 1234 640 1261 suas
656 1221 733 1262 alio
761 1235 850 1269 xxv,
866 1226 894 1263 2

305 1269 502 1325 Trajectio
517 1276 644 1327 gentis
656 1289 705 1315 ex
723 1275 807 1315 solo
822 1275 948 1327 patrio
965 1276 1004 1316 in
1019 1275 1134 1316 *aliud
1163 1276 1191 1324 i,

358 1330 387 1367 4
425 1327 708 1380 (dominationi
727 1331 836 1382 apud
854 1330 976 1371 victos
991 1329 1192 1370 firmandae

308 1405 313 1407 >
356 1387 553 1474 {perium
583 1382 803 1432 consilium,
833 1383 885 1424 de
913 1397 992 1437 quo
1020 1383 1194 1425 Politici.

398 1447 469 1474 oec
485 1462 496 1474 .

303 1434 580 1540 Tranquillitas
610 1487 713 1543 (vita
742 1488 826 1529 sine
841 1487 974 1530 litibus
1005 1496 1048 1530 et
1077 1491 1193 1545 odio)

306 1572 308 1576 ,
356 1554 447 1588 xxv,
466 1546 494 1582 6

301 1593 578 1647 Tranquillatis
596 1595 709 1636 rebus
726 1595 888 1650 (sopitis
909 1596 1081 1638 dissidiis
1097 1597 1192 1639 civi-

335 1674 338 1677 >
358 1648 482 1701 libus)
509 1662 600 1696 xxv,
617 1653 644 1690 4

302 1697 575 1742 Transcurrere
590 1702 892 1756 Hellespontum
921 1702 1192 1758 (praeternavi-

356 1767 464 1807 gare,
476 1756 726 1809 praetervehi)
753 1757 862 1804 xviii,
881 1761 906 1798 3
934 1758 1046 1812 (Sicz
1075 1759 1191 1800 Lam-

359 1809 478 1850 binus
496 1810 642 1863 aliique
657 1825 670 1861 ;
698 1810 784 1851 Nos
800 1817 945 1859 tamen,
965 1818 978 1836 ‘
993 1813 1190 1867 transire')

302 1861 524 1904 Transferre
541 1877 698 1905 causam
734 1865 777 1904 in
799 1865 897 1906 alios
924 1870 1030 1915 xv,B
1068 1873 1191 1907 trans-

356 1917 478 1958 fertur
487 1918 691 1972 imperium
706 1919 756 1958 ab
775 1919 850 1960 hoc
863 1919 914 1960 ad
925 1920 1036 1961 illum
1061 1921 1119 1969 iii,
1137 1926 1164 1962 2

300 1969 540 2025 Transfigere
575 1972 744 2027 aliquem
779 1973 880 2013 ferro
907 1973 987 2022 xiv,
1009 1979 1057 2017 ll
1104 1974 1192 2029 (Sic

359 2025 536 2067 Velleius
580 2027 625 2074 ii,
657 2031 728 2075 76.
759 2030 782 2069 1
827 2032 841 2052 ⁸
871 2027 1005 2082 gladio
1033 2042 1074 2069 se
1105 2029 1192 2082 ipse

358 2080 578 2122 transfixit!
604 2080 740 2122 Livius
758 2080 919 2134 passim,
940 2087 953 2106 ‘
969 2083 1102 2135 gladio
1120 2082 1192 2122 ali-

356 2144 475 2186 quem
494 2148 565 2187 per
581 2140 720 2187 peetus
733 2135 985 2188 transfigere)
1011 2135 1191 2177 Justinus

357 2201 450 2227 vero
489 2188 548 2236 iii,
578 2193 630 2230 81
676 2194 689 2213 ·
706 2195 915 2230 exuentem
931 2202 974 2230 se
999 2203 1048 2232 ac
1064 2191 1190 2232 nuda·

357 2247 439 2279 turn
458 2242 588 2294 gladio
608 2242 788 2296 trajicit’)

303 2293 562 2347 Transfugere
575 2297 624 2335 ad
641 2297 771 2335 hostes
800 2296 878 2343 xiv,
896 2300 936 2337 6.
954 2297 1047 2345 xvii,
1063 2301 1092 2338 6

303 2347 530 2399 'rrannfugae
583 2349 748 2389 consilio
796 2349 915 2390 celeri
973 2351 1191 2403 recuperati

358 2399 452 2446 xvii.
470 2404 499 2441 6

300 2452 479 2495 Transire
521 2465 626 2493 mare
669 2452 765 2501 xxii,
800 2457 828 2494 4
887 2453 1189 2508 Hellespontum

355 2506 464 2554 xviii,
483 2510 508 2548 3
551 2507 691 2547 saltum
725 2506 834 2555 xxiii,
857 2511 882 2549 3
919 2508 1061 2562 Alpe-⁴³,
1091 2509 1188 2558 ibid.

353 2560 434 2601 vim
462 2560 629 2601 flammae
666 2561 736 2608 vii,
757 2565 808 2602 10
852 2560 896 2602 in
924 2561 1062 2604 Asiam
1100 2563 1143 2612 ii,
1162 2567 1190 2605 9

354 2614 517 2654 transire
534 2614 607 2669 (de
625 2612 854 2669 transfugis)
882 2616 963 2664 xiv,
981 2620 1008 2657 6

297 2669 479 2740 Transitu
498 2668 700 2722 prohibere
717 2669 827 2718 xxiii,
844 2673 870 2711 3
898 2669 986 2725 (alii
1002 2685 1013 2710 z
1039 2670 1053 2695 ‘
1067 2677 1188 2712 trans-

353 2722 451 2762 itum
724 2754 726 2757 >

297 2722 576 2829 Transpo)rtare
603 2775 740 2831 copias
767 2776 920 2833 (antea,
949 2782 962 2803 ⁶
975 2777 1189 2835 trajicere')

354 2830 367 2870 i
403 2832 430 2871 8

297 2859 545 2924 *rra'simenus
594 2883 724 2939 (lacus
767 2884 810 2925 in
845 2897 937 2939 agro
974 2886 1188 2941 Perusino)

353 2937 461 2985 xxiii,
477 2941 503 2978 4

295 2991 437 3032 Trebia
467 2990 632 3044 (fluvius
668 3005 716 3032 ex
745 2991 961 3045 Apennino
994 3001 1127 3035 monte
1146 2994 1187 3035 in

352 3045 506 3085 Padum
523 3044 672 3098 fluens)
699 3046 806 3093 xxiii,
818 3051 859 3089 4.
875 3051 902 3088 6

295 3098 482 3162 Tribuere
499 3098 734 3162 beneficium
762 3100 879 3141 alicui
918 3114 1009 3150 xxv,
1029 3105 1080 3143 11
1116 3102 1187 3143 ali-

351 3157 794 3248 ?13221.¹'1‘÷⁸1{¹‡¹1¹2⁰1¹321215112‘1³1
812 3155 1012 3262 ιζ’ᾠὶῗήέ
1013 3169 1187 3264 {3321

351 3260 466 3313 dere)
481 3260 590 3309 xxiii,
608 3264 659 3302 13
679 3261 745 3303 Sic
761 3278 771 3303 ι
802 3262 923 3304 literis
939 3270 1009 3303 aut
1022 3263 1187 3317 reipubl.

352 3319 530 3365 tempora
576 3327 667 3363 xxv,
684 3319 712 3357 4
757 3317 849 3357 huic
881 3331 931 3358 ea
959 3317 1110 3366 tribuit,
1143 3325 1189 3358 ut

353 3367 467 3419 plura
499 3380 523 3405 a
553 3375 713 3420 parente
738 3371 932 3423 proficisci
949 3385 1028 3411 non
1047 3378 1186 3426 potue-

352 3419 431 3461 rint
455 3418 529 3474 (de
547 3422 822 3464 benevolentia
849 3426 1048 3479 singulari,
1080 3438 1187 3479 mag-

308 3503 312 3509 .
354 3475 494 3528 nisque
506 3474 642 3517 officiis
657 3478 860 3532 praestitis)
884 3484 1014 3528 xxxmo
1042 3480 1187 3533 majora

1104 238 1307 281 INDEX

1317 366 1433 412 bona,
1452 377 1567 418 quam
1587 364 1647 405 vel
1667 366 1822 406 fortuna
1837 366 1899 409 vel
1917 371 2055 409 namra
2071 367 2138 407 tri-

1315 419 1401 459 buit
1426 416 1492 468 vii,
1511 423 1538 461 2
1571 419 1666 460 nihil
1685 419 1724 461 ei
1739 433 1820 460 non
1837 420 1972 460 tribuit
1986 420 2141 463 fortun·

1314 485 1404 520 xxv,
1426 477 1479 515 19
1521 474 1688 514 tribuere
1715 486 1828 515 casus
1859 474 2050 516 adversos-
2067 474 2140 515 ho·

1313 527 1496 575 minibus,
1513 529 1707 568 secundos
1724 526 1891 568 fortunae
1916 527 1995 575 xiv.
2013 532 2038 569 5
2067 526 2141 568 ali-

1311 580 1409 633 quid
1444 581 1572 634 culpae
1606 580 1773 634 alicujus
1820 579 1889 628 vii,
1917 585 1946 622 6
1989 580 2140 643 aliquid

1312 634 1638 688 alicuisuperbiae
1655 636 1723 689 (ut
1733 635 1826 675 dare
1839 634 1961 682 laudi,
1973 634 2140 683 crimini,

1310 689 1531 741 superbiam
1545 689 1810 743 interpretari)
1836 701 1902 738 xx,
1919 691 1946 729 4
1974 687 2142 730 tribuere

1311 741 1460 795 aliquid
1478 742 1624 789 officio,
1640 742 1784 790 timori,
1801 743 1888 796 spei
1904 741 2139 796 (eleganter,

1310 794 1439 836 facere
1457 801 1615 848 propter
1632 795 1708 835 off..
1727 795 1828 849 διο.)
1842 799 1990 843 rusti

1255 847 1448 888 Tribunus
1465 849 1592 901 plebis
1616 848 1842 890 interfectus
1858 855 1920 890 est
1934 849 2001 903 (in
2012 848 2138 888 ,tribu-

1253 903 1583 1004 Tfirglsitlulnglgfvlzre
1591 959 1619 997 6
1645 945 1813 996 triclinia
1827 934 2011 1008 argentea
2019 952 2139 1008 (olim

1308 1008 1449 1057 Romae
1467 1009 1586 1062 rara).
1603 1009 1667 1050 Fr.
1678 1013 1732 1051 10
1749 1009 1959 1050 triclinaria
1973 1007 2139 1063 (subint-

1309 1063 1582 1117 vestimenta),
1598 1063 1662 1103 Fr.
1679 1067 1707 1104 8

1253 1116 1394 1157 Trieris
1410 1119 1519 1172 (pro,
1534 1117 1700 1171 triremi)
1726 1116 1796 1164 vii,
1808 1119 1835 1158 4
1853 1116 1972 1171 (usus
1982 1121 2025 1157 et
2039 1114 2138 1156 nie-

1307 1183 1465 1224 ronym.
1488 1171 1684 1212 Chronico
1701 1184 1744 1210 n.
1764 1169 1870 1224 944)

1253 1223 1395 1278 Tripus
1438 1238 1577 1266 aureus
1617 1224 1788 1278 Delpbis
1826 1223 1977 1277 positus
2021 1221 2076 1270 iv,
2114 1226 2137 1263 1

1309 1278 1504 1332 (mensam
1534 1278 1699 1332 intelligi
1728 1278 1784 1318 ait
1809 1277 1985 1332 Magius,
2011 1274 2139 1317 Athe-

1309 1344 1438 1372 naeum
1465 1333 1508 1380 ii,
1525 1336 1553 1374 7
1591 1331 1788 1386 allegans)

1254 1384 1434 1426 'triremis
1451 1385 1670 1441 (elliptice)
1697 1385 1766 1435 vii,
1780 1389 1808 1427 4
1851 1383 2013 1426 triremis
2029 1383 2140 1425 navis

1309 1439 1469 1492 (plene)
1493 1441 1537 1488 ii,
1553 1445 1580 1482 2
1609 1441 1670 1494 (v.
1689 1438 1817 1492 Nav.)

1254 1490 1390 1532 Tristis
1405 1494 1627 1546 (morosior,
1645 1491 1861 1545 difficilior)
1887 1504 1953 1538 xv,
1969 1495 1997 1533 2
2021 1491 2137 1545 (con-

1304 1545 1485 1599 jungitur
1499 1547 1567 1588 hic
1592 1547 1866 1599 ἑρμηνευτικῶς
1883 1557 1973 1586 eum
1989 1557 2139 1591 severo,

1308 1605 1355 1692 igit
1378 1612 1444 1652 ap.
1473 1599 1560 1642 Cic.
1592 1599 1722 1676 Bruto¹
1735 1613 1752 1691 at
1769 1599 1942 1692 06:23,
1965 1603 2063 1693 zat:
2078 1599 2141 1691 :Le

1351 1665 1439 1692 m·
1470 1679 1482 1692 u
1507 1665 1568 1693 tes
1597 1665 1682 1692 ons·
1753 1666 1802 1693 m
1950 1686 1953 1689 ‹
2123 1673 2141 1683 ‘

1307 1666 1523 1747 veritatgm’
1541 1665 1762 1760 cgujunxit.
1812 1705 1879 1746 sio
1893 1703 2139 1758 Capitolinus

1257 1783 1260 1787 »
1306 1759 1350 1802 in
1367 1761 1572 1800 Maximo:
1600 1766 1612 1785 ⁴
1626 1760 1703 1800 fuit
1719 1772 1871 1813 semper
1894 1771 2068 1806 severus,
2083 1758 2139 1797 ita

1309 1821 1358 1854 ut
1371 1821 1413 1856 et
1426 1814 1567 1854 Tristis
1579 1826 1798 1868 cognomen
1813 1812 2037 1866 acciperet-⁸
2061 1811 2140 1853 Ta-

1307 1868 1410 1908 citus
1461 1881 1552 1908 vero
1586 1867 1794 1922 distinguit
1829 1866 1882 1907 H.
1911 1866 1948 1914 i,
1993 1869 2062 1914 14,
2096 1871 2138 1907 4.

1306 1927 1321 1945 ⁶
1333 1922 1428 1964 Piso
1443 1922 1557 1963 vultu
1573 1922 1788 1975 habituque
1805 1920 1922 1960 moris
1934 1919 2086 1972 antiqui
2098 1923 2141 1959 et

1308 1975 1567 2017 estimatione
1582 1982 1691 2016 recta
1703 1987 1879 2022 severus,
1894 1973 2067 2015 deterius
2076 1973 2138 2014 in·

1251 2037 1394 2124 1—33‘012'
1395 2029 1723 2125 ἷηΐέᾙωωὲ
1725 2042 1768 2070 ⁰¹
1783 2026 2036 2082 ¹²⁸¹³⁰¹³⁸m¹'’
2043 2058 2047 2062 ’

1250 2138 1487 2203 Triumphus
1503 2112 1776 2184 Sardiniensis‚
1788 2132 2057 2190 amplissimus
2065 2133 2139 2188 (ex

1305 2192 1463 2233 devicta
1491 2190 1694 2245 Sardinia)
1732 2190 1838 2238 xxiv,
1857 2194 1883 2232 1
1942 2189 2138 2242 triumpho

1304 2253 1530 2298 comparata
1541 2245 1674 2299 po‘e'tae
1684 2243 1806 2285 Ennii
1819 2240 2028 2298 possessio,
2041 2242 2140 2283 ibid.

1305 2300 1414 2353 (Tali
1443 2300 1568 2352 figura
1598 2312 1663 2351 ap.
1691 2298 1780 2340 Cic.
1805 2298 1848 2338 in
1878 2298 1992 2338 Brut.
2020 2308 2065 2337 c.
2083 2299 2138 2336 '12

1304 2358 1318 2376 ⁸
1334 2353 1444 2392 illata
1457 2352 1599 2392 Romae
1616 2351 1854 2403 eloquentiae
1871 2350 1989 2403 eopia
2003 2349 2137 2389 trium-

1303 2405 1410 2458 phis,
1428 2411 1469 2446 et
1485 2410 1622 2444 auctor
1634 2403 1722 2455 ejus
1738 2403 2037 2455 triumphalibus
2046 2402 2138 2442 viri·

1306 2457 1556 2510 praet'ertur’).
1601 2456 1840 2508 triumphum
1857 2457 2062 2509 ‘deportare
2088 2468 2137 2495 ex

1306 2511 1440 2564 aliqua
1469 2511 1629 2564 regione
1665 2509 1777 2558 xxiv,
1811 2512 1840 2550 2
1883 2509 1948 2564 (v.
1963 2507 2136 2563 -Onuptn

1306 2564 1474 2607 Panvin.
1492 2565 1544 2604 de
1561 2556 1747 2616 triumph.
1774 2561 1936 2616 Boecl.)

1249 2619 1441 2660 Triumvir
1466 2618 1631 2672 reipubl.
1662 2617 1950 2658 constituendae
1975 2628 2067 2664 xxv,
2085 2619 2138 2658 12

1303 2672 1383 2727 (sc.
1409 2674 1485 2712 hoc
1521 2672 1636 2712 titulo
1666 2668 1944 2711 dominationis
1974 2668 2138 2711 consilia

1305 2727 1493 2834 tegeblapt
1507 2725 1711 2774 Octavius,
1723 2723 1937 2773 Antonius,
1950 2723 2139 2778 Lepidus.

1248 2835 1370 2875 Troas
1387 2846 1478 2887 agor
1503 2833 1603 2882 iv,'3

1249 2890 1411 2930 Troezen
1433 2888 1517 2942 (vel
1532 2886 1742 2941 Troezene)
1767 2885 1812 2935 ii,
1829 2889 1857 2928 2
1889 2884 2002 2940 (urbo
2018 2883 2136 2926 Pelo-

1304 2941 1470 2996 ponnesi
1487 2941 1710 2990 clarissima,
1734 2939 1936 2994 paululum
1965 2951 1992 2980 a
2007 2938 2135 2981 littore

1305 2997 1490 3037 recedens
1984 3023 1989 3028 -
2030 3027 2032 3029 ,

1247 3049 1431 3090 Troicum
1448 2995 1593 3090 beilum
1621 3047 1702 3096 xiv,
1715 3051 1744 3090 2
2099 3097 2110 3108 ο

1248 3103 1324 3144 Tro
1390 3115 1456 3144 um
1499 3103 1668 3157 (structa
1719 3113 1910 3142 armorum
1953 3112 2135 3153 eongene

1357 3155 1483 3197 ornari
1497 3155 1654 3197 solitum
1672 3162 1764 3210 post
1779 3155 1993 3202 victoriam.
2017 3154 2060 3194 in
2076 3152 2135 3192 lo·

1302 3223 1352 3252 co
1371 3211 1520 3266 prelii)
1555 3209 1637 3258 xiv,
1654 3212 1682 3251 8
1724 3216 1915 3262 tropaeum
1931 3207 2136 3248 Maratho-

1302 3265 1412 3306 nium
1469 3263 1747 3318 metonymice,
1777 3276 1848 3315 pro
1865 3261 2027 3304 victori·
2041 3260 2133 3299 Ma-

1303 3320 1455 3359 rathon.
1519 3318 1563 3367 ii,
1582 3323 1607 3360 5
1653 3318 1733 3371 (ita
1763 3315 1964 3357 Salaminii
1995 3313 2134 3366 tropaei

1303 3372 1527 3414 memoriam
1544 3371 1717 3414 celebrat
1752 3369 1892 3412 Cicero
1917 3367 2076 3411 Tuscul.
2096 3380 2132 3407 c.

1249 3426 1556 3523 Tuba)revocare
1571 3479 1714 3521 milites
1739 3477 1806 3526 xii,
1823 3481 1843 3519 1
