2306 3900
738 237 856 276 xu.
918 234 1272 284 CHABRIAM,
1314 234 1449 274 cAP.
1490 220 1541 275 3.

216 367 314 396 eum
350 355 483 398 fuisse
516 356 570 397 ab
606 355 794 397 Acoride
832 354 1095 395 arcessitum.

216 419 267 459 In
299 419 380 460 hoc
414 425 559 460 tamen
578 431 675 459 cum
703 417 851 459 Probo
884 417 1100 470 congruit,

214 482 331 535 quod
365 483 458 523 sine
489 480 688 534 suffragio
722 485 799 522 ant
830 481 1008 522 decreto
1027 493 1100 533 po·

215 547 308 598 puli
329 546 557 587 Chabriam
578 546 842 598 provinciam
860 546 979 585 illam
997 545 1097 586 belli

214 610 452 662 suscepisse
485 609 607 650 dicit.
664 608 734 648 Sic
772 608 992 649 Diodorus
1030 621 1100 648 eo-

214 673 311 713 dem
332 674 440 714 libro
459 679 505 714 et
523 674 645 713 loco:
674 669 802 713 Οὗτος
825 671 898 722 μὲν
914 670 982 712 οὖν
1007 671 1099 712 ἄνευ

212 738 283 784 τῆς
299 737 371 776 τοῦ
385 735 507 787 δήμου
529 734 684 787 ’γνώμης
709 733 1012 788 προσδεξάμενος
1024 735 1099 783 τὴν

212 800 468 853 στρατηγίαν,
483 800 675 853 ἀφηγεῖτο
692 804 771 841 τῶν
788 801 875 841 κατ’
899 801 1099 850 Αἴγυπτον

211 862 419 915 δυνάμεων,
432 863 497 904 καὶ
515 865 616 915 μετὰ
633 866 787 912 πολλῆς
803 866 972 913 σπουδῆς
980 878 1098 917 παρε-

211 924 426 978 σκενιίζεσο
439 929 624 978 πολεμεῖν
638 925 732 979 πρὸς
747 925 840 968 τοὺς
851 931 1015 979 Περσας.
1031 927 1096 968 Id.

267 990 382 1041 Cn..
398 994 439 1031 3.
471 992 572 1031 'Tum
591 990 782 1040 Proefecti
794 990 937 1044 Regis]
962 991 1098 1032 Phar·

211 1053 411 1095 nabazus.
441 1053 554 1094 Vide
574 1054 829 1095 Diodorum.

265 1117 386 1158 Diem
413 1122 561 1158 emam
593 1117 776 1158 Chabrioe
807 1116 1099 1170 prestiterunt]

211 1181 337 1222 Diem
375 1180 701 1233 praefiniverunt
719 1198 731 1232 3
762 1180 979 1234 elegantia
1010 1181 1094 1221 Ro-

209 1256 351 1285 mana.
405 1244 559 1286 Cicero
597 1244 640 1284 in
676 1245 856 1285 Verrem
873 1257 886 1284 ι
933 1244 946 1267 ‘
966 1244 1093 1285 Diem

210 1308 446 1360 praestituit
480 1308 601 1360 operi
640 1306 836 1348 faciendo
874 1307 974 1349 Kal.
1011 1307 1095 1347 De-

208 1369 390 1415 cembr.'
430 1370 553 1411 Idem
586 1372 715 1411 Tuse.
749 1371 916 1414 Quaest.
969 1373 982 1393 ¹
1004 1371 1093 1411 Na·

211 1438 309 1473 tura
328 1433 451 1474 dedit
470 1444 641 1474 usuram
659 1434 779 1484 vitae,
798 1439 1000 1487 tanquam
1019 1446 1093 1486 pe·

208 1496 365 1547 cuniae,
401 1496 518 1537 nulla
546 1497 796 1549 praestituta
831 1495 934 1537 die!
971 1497 1092 1539 Curt.

206 1559 280 1602 lib.
299 1571 372 1601 ιιι.
409 1560 423 1596 ‘,
444 1560 682 1613 Postquam
700 1559 805 1600 nihil
831 1559 934 1600 inde
950 1561 1095 1612 praesi·

205 1624 267 1665 dii
284 1624 559 1676 mittebatur,
585 1624 642 1664 ad
671 1623 960 1676 praestitutam
978 1624 1093 1665 diem

206 1685 437 1739 permisere
457 1699 504 1727 se
521 1686 642 1739 regi!
696 1687 803 1727 Dies
824 1693 968 1727 autem
983 1699 1093 1740 prae-

206 1751 363 1794 stituta
380 1756 450 1792 est
465 1749 492 1798 ἥ
505 1750 733 1803 προθεσμία.
765 1750 965 1791 Gebhard.
1011 1752 1091 1793 Di-

207 1813 387 1854 odorus:
428 1809 588 1864 Ταχέως
605 1811 676 1854 τόν
692 1827 740 1853 τε
769 1813 947 1866 Χαβρίαν
967 1814 1008 1865 ἐξ
1025 1813 1089 1855 Αἷ-

205 1865 359 1918 Ὺύπτου
375 1865 687 1919 μετεπέμψαντο.

259 1929 375 1975 Quod
402 1933 442 1970 et
467 1929 623 1970 vivebat
645 1929 771 1983 laute]
800 1930 873 1972 Sic
890 1932 1090 1985 Ephorus

203 1993 296 2033 sive
312 1993 614 2045 Theopompus
643 1993 835 2046 Philipp.
868 1998 935 2035 13.
974 1996 1090 2048 apud

204 2054 463 2096 Athenaeum
505 2055 581 2097 lib.
615 2067 702 2098 ιιι.
739 2069 767 2096 a
802 2069 886 2110 quo
919 2058 1089 2099 Probus

203 2119 298 2160 haec
327 2118 592 2172 desumpsit:
636 2119 695 2160 Οὔ
727 2118 934 2171 δυνάμενος
961 2121 1090 2174 [Cha-

202 2182 340 2235 brias]
360 2180 404 2223 δὲ
416 2181 492 2237 ζῇν
509 2183 552 2223 ἐν
568 2184 620 2237 τῇ
637 2181 766 2232 πόλει,
781 2184 834 2225 τὰ
849 2183 923 2235 μὲν
938 2185 1001 2227 διὰ
1016 2185 1091 2234 τὴν

203 2245 436 2298 ἀσέλγειαν,
453 2245 518 2289 καὶ
533 2246 597 2287 διὰ
625 2246 700 2296 τὴν
727 2246 991 2289 πολυτέλειαν
1015 2248 1091 2298 τὴν

203 2311 324 2351 αὑτοῦ
347 2311 421 2361 τὴν
438 2310 524 2364 περὶ
547 2309 618 2352 τὶν
642 2310 744 2365 βίοις
773 2312 827 2353 τὸ
845 2311 888 2353 δὲ
910 2313 972 2354 διὰ
998 2312 1090 2356 τοὺς

201 2375 441 2424 Ἀθηναίους·
471 2373 596 2416 ἅπασι
621 2375 700 2429 γὰρ
721 2378 806 2418 τοῖς
835 2377 998 2429 ἐνδόξοις
1014 2376 1089 2419 εἶσὶ

201 2438 390 2492 χαλεποί·
422 2438 481 2480 διὸ
498 2438 564 2481 καὶ
582 2438 739 2481 εἵλοντο
757 2440 884 2483 αὗτόν
894 2442 932 2482 οἱ
949 2440 1090 2493 ἔνδοξοι

203 2502 274 2554 ἔξω
307 2506 381 2553 τῆς
416 2502 568 2545 πόλεως
603 2504 836 2556 καταβιοῦν,
870 2504 1089 2559 Ἰφικράτης

200 2565 275 2619 μὲν
292 2567 335 2609 ἐν
352 2565 501 2621 Θράκῃ,
518 2565 654 2609 Κόνων
671 2565 715 2609 δὲ
734 2567 778 2609 ἐν
803 2568 959 2622 Κύπρῳ,
974 2570 1086 2621 Τιμό-

203 2633 290 2672 θεος
307 2629 350 2671 δὲ
365 2631 408 2671 ἐν
421 2628 576 2683 Λέσβῳ,
593 2626 725 2684 Χάρης
741 2631 777 2671 δ’
797 2631 840 2673 ὃν
856 2633 1009 2686 Σιγείῳ,
1021 2633 1087 2674 καὶ

205 2693 322 2734 αὐτὸς
340 2695 362 2734 ὁ
394 2694 570 2747 Χαβρίας
597 2694 642 2735 ἐν
672 2693 868 2747 Αἰγύπτῳ.
922 2697 1086 2749 Longol.

203 2757 388 2800 Lambin-
407 2758 523 2809 Mag.
551 2756 715 2799 Sam-0.

262 2820 439 2872 Vitium]
492 2821 724 2872 vulgatam
759 2821 991 2864 lectionem
1034 2837 1085 2868 ac

202 2883 461 2925 sententiam
479 2882 664 2924 adstruit
681 2882 821 2925 Tacit.
838 2884 927 2926 vita
935 2884 1085 2938 Agric.

201 2961 300 3002 cap.
335 2952 373 2990 1.
428 2949 441 2971 ‘
462 2947 645 2992 Quoties
674 2959 830 3000 magna
860 2950 1005 3004 aliqua
1033 2965 1085 2993 ae

201 3012 355 3054 nobilis
371 3011 508 3053 virtus
529 3011 634 3052 vicit
653 3023 704 3053 ac
722 3024 1001 3065 supergressa
1017 3020 1086 3056 est

202 3075 368 3126 vitium,
395 3074 541 3127 parvis
559 3074 809 3128 magnisque
835 3076 1085 3120 civitatibus

202 3149 443 3187 commune,
461 3137 746 3189 ignorantiam
777 3140 885 3181 recti
914 3147 960 3183 et
978 3142 1085 3184 invi·

201 3200 344 3242 diam.'
377 3200 506 3242 Gema.

261 3266 317 3306 Ut
334 3264 488 3305 invidia
502 3264 645 3315 gloriae
671 3277 797 3306 comes
811 3267 886 3319 sit]
925 3269 1085 3311 Sallus-

200 3331 314 3372 tius:
343 3331 355 3353 ‘
377 3331 628 3372 Meminisse
659 3337 758 3384 post
782 3334 960 3386 gloriam
979 3337 1085 3378 invi-

201 3394 315 3436 diam
366 3394 515 3449 sequi.’
586 3394 740 3437 Cicero
792 3408 870 3449 pro
916 3399 1082 3441 Balbo:

202 3458 215 3480 ⁶
233 3458 311 3499 Est
325 3458 437 3500 enim
451 3458 579 3511 hujus
599 3458 735 3500 seculi
754 3458 873 3500 labes
888 3461 1083 3514 quaedam

1939 221 2036 273 55]

1162 357 1208 393 et
1236 353 1419 404 macula,
1439 352 1589 393 virtuti
1617 350 1810 392 invidere
1831 351 1960 402 velle,
1987 352 2048 403 ip-

1161 428 1253 455 sum
1272 428 1441 469 quoque
1471 415 1620 456 florem
1652 413 1876 468 dignitatis
1895 413 2047 454 infrin-

1162 480 1292 529 gere!
1351 481 1402 521 D.
1438 480 1727 532 Hieronymus
1759 478 1815 520 ad
1852 478 2047 520 Demetr.

1162 543 1304 595 Epist.
1323 547 1363 584 8.
1400 544 1413 565 ‘
1433 544 1586 584 Virtus
1617 544 1730 583 enim
1750 554 1922 595 semper
1939 542 2046 582 invi-

1161 606 1243 646 diae
1259 606 1414 658 patet!
1432 606 1640 659 Idemque
1654 607 1697 646 in
1711 606 1850 658 Epist.
1867 606 2044 646 Paulae:

1161 671 1174 692 ‘
1194 669 1377 722 Semper
1393 669 1567 722 quidem
1581 670 1763 709 virtutes
1781 669 1971 722 sequitur
1988 669 2049 708 in-

1161 733 1306 775 vidia!
1335 733 1534 774 Senectus.

1218 800 1276 840 Et
1296 797 1463 840 liberiter
1478 800 1527 838 de
1543 798 1598 837 iis
1612 797 1844 848 detrahant]
1860 797 2045 839 Quidam

1161 861 1261 902 libri
1277 863 1442 902 libenter
1460 862 1512 902 iis
1527 862 1752 902 detrahant.
1806 860 1892 900 Sed
1913 861 2046 900 inter-

1160 926 1354 979 polatum
1366 924 1634 978 ignoratione
1646 922 1952 976 elegantissimi
1963 935 2050 963 mo·

1160 989 1204 1030 di
1224 989 1445 1043 loquendi.
1500 989 1655 1030 Cicero
1684 987 1796 1028 enim
1815 999 1896 1040 pro
1916 986 2046 1027 Rabi-

1159 1054 1223 1095 rio
1251 1055 1264 1076 ‘
1280 1053 1527 1095 Detrahere
1556 1053 1612 1094 de
1631 1051 1792 1104 aliquo,
1819 1055 1866 1091 et
1885 1061 1981 1090 enm
2000 1050 2045 1090 in

1157 1117 1365 1158 invidiam
1392 1114 1562 1158 vocare'
1582 1115 1696 1157 dixit
1713 1128 1726 1155 ε
1770 1120 1815 1154 et
1841 1113 2045 1156 Quintius

1157 1181 1340 1222 Frater:
1388 1182 1401 1204 ‘
1423 1181 1575 1221 Sermo
1606 1189 1771 1230 eorum,
1804 1178 1876 1230 qui
1908 1177 1963 1218 de
1997 1189 2045 1217 se

1156 1244 1388 1286 detrahere
1407 1243 1587 1285 volunt?
1624 1241 1731 1284 Infr.
1748 1242 2014 1283 Timoleonte
2031 1255 2042 1281 :

1153 1308 1282 1349 ‘cum
1315 1307 1488 1362 quidam
1526 1306 1729 1348 Lamestii
1766 1305 1929 1354 similis,
1966 1317 2041 1345 no·

1153 1371 1268 1411 mine
1285 1371 1581 1420 Demaenetus,
1599 1370 1644 1410 in
1663 1368 1872 1409 concione
1898 1368 2045 1420 populi

1155 1434 1210 1474 de
1243 1434 1372 1474 rebus
1404 1434 1538 1486 gestis
1573 1433 1665 1485 ejus
1697 1431 1926 1472 detrahere
1958 1443 2043 1471 coe-

1154 1496 1318 1550 pisset.'
1373 1495 1585 1537 Ammian.
1615 1496 1814 1536 Marcell.
1834 1495 1907 1536 lib.
1927 1505 2043 1536 xxx.

1153 1563 1224 1602 29.
1266 1561 1280 1584 ⁸
1301 1560 1429 1600 Bene¹
1442 1559 1623 1600 vestitos
1642 1559 1796 1600 oderat
1827 1563 1874 1598 et
1903 1557 2043 1598 erudi-

1157 1628 1225 1665 tos
1245 1629 1291 1665 et
1309 1624 1539 1676 opulentos
1557 1628 1605 1663 et
1628 1621 1820 1663 nobiles:
1868 1620 1923 1660 de
1956 1620 2044 1662 for-

1155 1687 1272 1728 tibus
1303 1687 1578 1739 detrahebat,
1594 1691 1644 1727 ut
1678 1687 1794 1726 solus
1820 1685 2043 1726 videretur

1153 1750 1278 1792 bonis
1315 1749 1740 1791 artibusemineress
1798 1749 1915 1791 Dein
1948 1750 2041 1802 qui-

1153 1815 1251 1856 dam
1284 1815 1511 1866 detrahant,
1561 1819 1611 1854 ut
1646 1818 1851 1854 nectatur
1886 1814 1944 1863 τῷ
1974 1813 2042 1853 sit.

1153 1877 1293 1919 Gebh.
1350 1877 1418 1918 De
1449 1877 1609 1930 populo
1643 1876 1899 1917 Atheniensi
1928 1888 2042 1917 seor-

1152 1941 1232 1981 sim
1267 1941 1413 1982 Livius
1440 1951 1546 1982 xm.
1602 1941 1615 1964 ‘
1634 1939 1826 1991 Populus
1859 1939 2040 1980 Atheni-

1153 2004 1266 2045 ensis
1287 2005 1480 2045 lacerare
1507 2003 1669 2044 invidia
1701 2003 1919 2056 principes
1938 2016 2037 2043 suos

1150 2065 1327 2108 suetus!

1209 2130 1317 2176 Quos
1334 2130 1504 2171 eminere
1521 2129 1680 2170 videant
1691 2130 1833 2182 altius]
1860 2130 2039 2183 Vulgati

1151 2205 1362 2244 emergere.
1449 2192 1538 2233 Sed
1590 2193 1778 2233 omnium
1833 2194 2037 2234 librorum

1151 2269 1385 2300 consensus
1442 2255 1622 2309 praet'ert
1669 2257 1852 2308 eminere,
1902 2256 2040 2309 ἔξοχον

1153 2319 1322 2371 imnum.
1364 2319 1476 2360 Vide
1499 2320 1641 2361 Tacit.
1669 2320 1786 2363 Hist.
1806 2321 1880 2361 lib.
1900 2333 1951 2362 Π.
1971 2326 2038 2363 20.

1151 2384 1204 2424 ad
1224 2395 1351 2437 quem
1371 2383 1542 2436 Lipsius
1570 2383 1759 2437 Nepotis
1777 2384 1919 2426 locum
1939 2397 2040 2427 con-

1151 2447 1307 2488 tendit.
1339 2447 1539 2488 Gebhard.

1206 2510 1459 2562 opulentiam
1476 2509 1686 2550 intuuntur
1701 2508 1929 2562 fortunam]
1965 2510 2037 2552 Ita

1149 2572 1473 2614 rescribendum
1502 2584 1599 2613 esse
1618 2572 1796 2624 dudum,
1815 2578 1876 2624 et,
1895 2574 1940 2613 ni
1959 2572 2038 2613 fal-

1148 2638 1231 2689 lor,
1245 2635 1465 2690 princeps,
1483 2648 1507 2676 e
1526 2635 1689 2677 Gifanii
1700 2636 1812 2676 libro
1831 2636 2038 2677 indicavit

1149 2700 1378 2753 Scioppius
1406 2699 1639 2741 Verisimil.
1661 2700 1738 2740 lib.
1766 2711 1817 2740 n.
1845 2703 1886 2740 3.
1949 2698 2039 2740 Ad-

1149 2765 1280 2806 struit
1314 2765 1494 2815 Savaro,
1529 2762 1745 2816 approbat
1780 2763 1834 2805 P.
1865 2763 2038 2815 Daniel,

1149 2828 1350 2881 obsignat
1370 2826 1553 2881 denique
1586 2825 1806 2868 Schottus.
1865 2827 2038 2879 opulens

1151 2902 1230 2944 pro
1248 2891 1454 2944 opulentus
1470 2902 1525 2931 ex
1543 2888 1739 2931 Ausonio
1770 2894 1943 2942 notant,
1961 2901 2035 2931 ne-

1150 2956 1241 2997 seio
1261 2967 1315 2996 an
1337 2954 1500 3007 Eidyll.
1519 2965 1572 2997 11.
1602 2949 1802 2996 Gemma.
1856 2955 1929 2996 Sic
1953 2954 2036 2994 vio·

1147 3020 1232 3060 lens
1260 3019 1446 3072 positum
1479 3018 1534 3059 ab
1564 3017 1721 3061 Horat.
1754 3017 1840 3060 Od.
1867 3018 1942 3058 lib.
1964 3030 2034 3058 nr.

1148 3085 1216 3123 80.
1242 3087 1289 3123 et
1320 3082 1460 3135 Epist.
1479 3093 1513 3123 1.
1535 3085 1600 3123 10.
1659 3081 2033 3124 Quemadmodum

1147 3145 1282 3199 igitur
1298 3146 1448 3186 violem
1466 3150 1513 3186 et
1529 3144 1720 3184 violentus
1738 3144 1942 3184 dixerunt
1963 3155 2033 3184 ve-

1147 3214 1281 3261 teres,
1306 3208 1372 3249 sic
1391 3210 1548 3260 opulens
1579 3212 1626 3247 et
1649 3205 1864 3258 opulentus.
1911 3207 2033 3247 Lam·

1149 3272 1237 3313 bin.
1298 3271 1550 3324 opulentiam
1586 3268 1815 3322 intuuntur]
1858 3269 1909 3310 ln
1942 3269 2034 3309 vul·

1148 3339 1259 3392 gatis
1295 3342 1363 3378 est
1399 3338 1620 3378 intuentur.
1674 3335 1858 3376 Veteres
1887 3340 2032 3376 autem

1146 3406 1237 3442 tuor
1255 3406 1302 3441 et
1327 3405 1439 3440 tueor
1455 3398 1674 3446 dicebant,
1694 3401 1742 3438 ut
1760 3396 1804 3438 in
1824 3397 2034 3450 composi-

1148 3466 1232 3506 tis:
1261 3464 1365 3505 binc
1393 3464 1602 3505 intumuim-
1619 3461 1662 3503 in
1683 3462 1890 3515 Excerpt.
1913 3462 2032 3501 meli-
