2306 3900
544 479 1006 546 RECENSUS
1063 478 1496 550 CODICUM
1552 478 1748 542 MSS.

745 682 1139 751 CORNELII
1181 681 1526 737 NEPOTIS

352 868 461 913 QUI
488 869 556 910 IN
588 866 1024 910 BIBLIOTHECIS
1057 863 1449 907 BRITANNICIS
1481 862 1925 906 ASSERVANTUR.

721 1275 927 1330 Codices
953 1277 1007 1329 in
1036 1274 1218 1330 Museo
1245 1275 1572 1328 Britannico.

299 1403 554 1458 Biblioth.
598 1403 733 1476 Reg.
770 1407 807 1459 6
845 1404 891 1457 C
933 1419 1069 1458 v111.
1119 1421 1247 1457 cum
1297 1404 1467 1457 Pauli
1517 1403 1709 1457 Orosii
1759 1403 2062 1473 Hispanici

224 1490 382 1544 Hist.
406 1490 647 1544 continet
670 1490 801 1560 (art.
827 1487 909 1559 2.)
950 1490 1176 1543 Daretis
1201 1489 1431 1558 Phrygii
1455 1489 1523 1542 de
1549 1489 1791 1542 Excidio
1816 1490 2064 1559 Trojano

225 1567 552 1640 Historiam,
609 1575 873 1629 Cornelio
921 1575 1149 1644 Nepote
1191 1574 1503 1643 interprete.
1549 1590 1679 1629 saec.
1724 1589 1871 1628 xm.
1949 1575 2063 1628 Hic

224 1662 410 1716 codex
448 1662 635 1716 forsan
676 1663 949 1731 pretiosus
975 1665 1082 1724 est,
1127 1677 1197 1713 eo
1223 1660 1376 1729 quod
1419 1660 1584 1713 valde
1631 1662 1926 1730 antiquus:
1963 1660 2064 1714 sed

223 1747 305 1800 nil
329 1763 609 1801 moramur
645 1748 909 1800 lectorem
948 1747 1019 1798 de
1057 1747 1197 1799 libro
1222 1747 1321 1814 qui
1365 1745 1612 1800 Cornelii
1649 1747 1823 1799 nostri
1865 1762 2066 1800 nomen

223 1837 438 1887 tantum
464 1848 581 1902 prae
612 1849 673 1885 se
697 1832 822 1884 fert.

296 1918 457 1972 Idem
500 1918 801 1973 dicendum
841 1923 926 1971 est
964 1917 1034 1971 de
1076 1917 1240 1971 codd.
1280 1917 1353 1971 10
1389 1916 1442 1971 Α
1470 1931 1534 1970 x.
1559 1918 1614 1971 6.
1655 1918 1725 1971 13
1755 1917 1805 1971 A
1837 1933 1888 1969 v.
1914 1920 1969 1972 4.
2009 1925 2067 1970 et

225 2004 299 2058 15
326 2003 379 2056 A
408 2018 574 2056 xxu.
599 2004 653 2057 2.

299 2089 370 2142 In
394 2086 649 2143 Biblioth.
672 2087 833 2141 Harl.
858 2089 971 2143 No.
997 2088 1158 2144 2580.
1181 2087 1309 2142 cod.
1328 2093 1434 2153 est,
1456 2089 1746 2142 continens
1768 2090 1914 2143 inter
1928 2090 2070 2142 mul·
2156 2097 2160 2102 ’

227 2179 285 2229 ta
312 2175 445 2240 alia,
479 2174 605 2246 (art.
632 2173 713 2244 1.)
755 2174 1000 2229 Cornelii
1038 2175 1281 2246 Nepotis
1316 2174 1513 2227 Vitam
1540 2174 1843 2243 Pomponii
1867 2174 2068 2239 Attici,

224 2259 323 2315 fol.
348 2261 400 2314 2.
478 2261 755 2315 Praecedit
788 2261 984 2314 titulus
1025 2277 1131 2329 pro
1176 2259 1410 2312 AEmilio
1454 2259 1663 2324 Probo,
1699 2266 1755 2314 et
1791 2276 1976 2329 pauca
2002 2260 2071 2312 de
2181 2297 2185 2301 -

228 2345 490 2399 Eumene.
567 2344 825 2398 Continet
849 2346 1017 2399 etiam
1041 2344 1173 2415 (art.
1208 2342 1290 2414 2.)
1314 2342 1545 2398 Catonis
1571 2345 1771 2399 Vitam
1794 2364 1868 2399 ex
1892 2347 2071 2399 AEmi-

223 2430 303 2484 lio
329 2430 539 2497 Prob0,
579 2437 636 2486 et
674 2431 805 2502 (art.
831 2429 915 2501 4.)
956 2430 1247 2485 AEmilium
1275 2430 1523 2484 Probum
1550 2432 1621 2485 de
1663 2433 2070 2487 excellentibus

229 2518 488 2571 Ducibus
513 2523 834 2572 exterarum
861 2519 1128 2592 gentium.
1170 2517 1432 2582 MutiluS,
1453 2519 1659 2571 desinit
1682 2519 1742 2570 in
1762 2519 1901 2572 Vita
1921 2519 2073 2588 Epa-

228 2603 525 2656 minondae.
601 2602 740 2656 Cod.
766 2603 1009 2657 chartac.
1029 2604 1167 2656 folia
1194 2604 1479 2657 continens
1504 2603 1630 2657 169.

303 2686 417 2741 No.
442 2689 568 2743 260.
606 2687 747 2743 Cod.
790 2690 1030 2743 chartac.
1071 2705 1203 2742 saec.
1234 2703 1342 2741 xv.
1376 2691 1661 2744 continens
1697 2689 1761 2743 C.
1790 2690 2071 2760 Nepotem

230 2772 300 2826 de
326 2773 726 2827 excellentibus
753 2773 999 2828 Graeciae
1026 2778 1081 2827 et
1105 2775 1339 2828 aliarum
1366 2777 1607 2843 gentium
1634 2776 1907 2830 Ducibus,

304 2859 375 2911 In
396 2857 674 2928 Catalogo
691 2858 836 2913 Mss.
856 2860 1393 2929 indescriptorum'in
1412 2859 1615 2914 Museo
1632 2861 1954 2914 Britannico
1978 2877 2074 2930 per

231 2943 560 3014 Ayscough‚
602 2946 711 3000 vol.
742 2959 781 2998 1.
808 2963 863 3016 p.
888 2946 1013 3000 346.
1041 2952 1127 2999 est
1154 2946 1278 2999 cod.
1319 2947 1490 3002 chart.
1519 2946 1761 3000 Cornelii
1803 2946 2070 3016 NepotiS,

233 3045 382 3082 circa
408 3046 542 3085 saec.
571 3045 679 3084 xv.

802 3243 1013 3297 Codices
1047 3245 1514 3317 Cantabrigienses.

307 3366 377 3422 In
421 3363 745 3419 Bibliotheca
790 3365 1017 3423 Publica
1061 3372 1317 3425 UniverS.
1378 3372 1626 3426 Cornelii
1670 3372 1909 3443 Nepotis
1936 3373 2073 3427 Vita

238 3450 535 3520 Pomponii
561 3450 756 3517 Attici,
785 3455 941 3509 1684.
981 3457 1034 3510 8.

251 3554 255 3559 ·
346 3549 490 3602 Delph.
506 3555 544 3591 et
569 3552 662 3593 Var.
678 3554 786 3594 Clas.
1115 3557 1218 3608 Nep.
1878 3562 1899 3594 3
1932 3559 1965 3596 C
