2306 3900
753 320 973 360 RERUM
1018 320 1094 358 ET
1136 317 1426 359 VERBORU
1440 319 1503 359 M.

255 443 431 531 pecipere
459 444 540 538 apii..
562 448 583 483 1
626 444 811 536 pecuzias
827 458 888 506 ‘ex
909 445 1075 538 metqallis

272 508 382 536 acere
410 511 433 534 v
521 510 572 535 im
627 510 708 536 rare
763 510 840 538 :cui
870 511 944 536 xxv

204 526 448 590 Pecuniosus
465 511 625 650 (ἀίνεξὲ
645 564 684 597 v,
705 554 742 590 1.
773 564 861 597 xxv,
882 555 933 592 13
948 528 959 546 ,
975 552 1081 605 (ple-

254 603 344 642 nius
363 603 448 643 Cic.
481 617 551 656 pro
626 603 747 643 uinct.
779 609 791 627 ‘
809 603 868 643 vir
886 606 1009 657 copiis
1027 606 1083 645 rei

254 655 453 696 familiaris
498 657 675 709 locuples
718 664 760 696 et
815 659 1080 709 pecuniosus)

252 710 374 762 Apud
389 710 567 751 Tacitum
582 717 643 750 est
657 716 670 734 ⁸
684 711 898 763 pecuniosa
911 711 1082 752 senecta'

195 791 199 799 ,
252 763 362 802 Anu.
389 764 447 811 iii,
466 769 535 810 55,
554 767 594 805 3.·
624 770 666 803 et
681 770 692 787 ‘
710 765 922 816 pecuniosa
939 767 1082 806 orbitas

254 822 297 855 et
310 818 482 858 senecta'
512 817 616 856 Ann.
645 817 727 865 xiii,
746 823 815 865 52,
830 818 880 871 3)

203 869 379 932 Pedibus
406 872 491 924 jam
519 885 599 911 non
616 873 721 911 valet
749 879 909 925 propter
925 878 1082 913 aetatem

257 937 337 970 xix,
355 929 382 965 4

204 976 394 1018 Pedester
436 978 627 1018 exercitus
673 979 916 1032 (peditatus)
969 994 1009 1027 x,
1042 984 1082 1020 6.

259 1031 368 1079 xviii,
404 1036 430 1072 4
486 1032 684 1083 pedestres
728 1032 919 1072 exercitus
965 1035 1083 1087 (opp.

256 1085 458 1126 classiariis
476 1086 655 1137 adeoque
671 1091 713 1125 et
742 1087 959 1138 equitatum
977 1101 1084 1127 com·

254 1140 514 1192 prehendunt.
542 1153 578 1177 v.
597 1138 775 1179 Gronov
805 1148 888 1180 not.
917 1141 968 1179 ad
996 1141 1084 1180 Liv.

259 1191 402 1240 xxxvii,
421 1197 488 1233 53.
530 1198 572 1232 et
594 1193 712 1232 Thes.
738 1192 958 1247 Buchneri)
984 1193 1040 1240 ix,
1060 1199 1081 1235 1

257 1245 383 1299 copiae
414 1246 485 1294 vii,
501 1251 541 1287 8.
570 1246 638 1294 xii,
657 1251 697 1287 2.
726 1247 832 1295 xxiii,
851 1253 899 1289 11
945 1250 1084 1300 pedes-

257 1302 334 1341 tria
350 1313 456 1340 arma
482 1300 535 1348 xi,
557 1305 578 1340 1

206 1356 409 1395 Peditatus
436 1354 542 1401 xviii,
561 1359 587 1395 3

204 1409 415 1460 Pedisequi
453 1421 587 1448 omnes
613 1409 739 1448 Attici
766 1414 836 1448 aut
861 1417 1086 1470 anagnostae

257 1468 327 1500 aut
342 1461 485 1500 librarii
512 1475 601 1508 xxv,
621 1466 672 1502 13
701 1474 789 1501 cum
809 1475 976 1501 nummis
1003 1475 1041 1510 v,
1059 1465 1085 1502 4

259 1515 320 1565 (v.
340 1516 392 1554 de
410 1516 486 1554 hoc
504 1528 644 1566 genere
663 1529 760 1555 serv.
781 1515 964 1568 Pignor.)

206 1569 426 1608 Peducaeus
444 1569 584 1608 Sextus
614 1573 773 1616 xxm-21

208 1622 309 1662 Pelli
329 1621 449 1674 patria
469 1622 534 1675 (in
549 1621 730 1674 exilium)
757 1622 814 1668 iii,
832 1626 853 1662 1
885 1622 995 1674 (mox
1015 1635 1086 1674 op·

259 1689 354 1728 pon.
371 1675 522 1715 restitui
547 1675 590 1715 in
609 1675 806 1728 patriam).
837 1676 970 1728 pulsus
995 1675 1087 1715 Ma-

263 1729 435 1770 cedonia.
460 1731 539 1777 xix,
558 1733 583 1770 3

208 1783 361 1824 Pellere
396 1784 633 1822 adversarios
668 1782 845 1837 (fugare)
893 1782 1002 1830 xxiii,
1036 1786 1085 1824 11

260 1839 413 1876 hostem
440 1836 547 1884 xxiii,
565 1841 592 1876 4
632 1837 766 1888 copias
786 1837 1088 1876 adversariorum

259 1891 355 1939 xvii,
370 1894 395 1932 3
425 1903 512 1931 arce
530 1885 771 1943 praesidium·
787 1890 979 1944 (depell.)
1008 1891 1087 1938 xvi,

206 1998 396 2038 Pellicere
422 1998 591 2051 aliquem
618 1997 722 2052 (scil.
749 1998 790 2037 in
819 2009 907 2037 suas
935 1998 1088 2051 partes)

261 2051 370 2098 xviii,
389 2056 415 2093 2

208 2105 420 2159 Pelopidas
454 2106 630 2145 Theban.
658 2119 727 2158 per
753 2105 937 2145 factiosos
965 2106 1089 2158 patria

261 2160 419 2212 pellitur
445 2158 524 2207 xvi,
541 2163 562 2200 1
621 2159 935 2199 adolescentibus
963 2160 1087 2198 unde-

261 2215 337 2253 cim
375 2213 541 2264 stipatus
575 2213 734 2252 insolito
767 2213 902 2252 habitu
932 2213 1087 2252 Thebas

262 2268 363 2306 redit
402 2266 481 2313 xvi,
514 2269 540 2306 2
597 2266 840 2318 magistratus
868 2265 1087 2305 vinolentos

261 2319 414 2359 occidit
456 2320 534 2365 xvi,
573 2323 598 2360 3
657 2320 873 2359 libertatem
900 2319 1087 2366 reddidit,

263 2375 475 2415 Cadmeam
495 2372 676 2420 restituit,
697 2372 791 2412 ibid.
838 2372 959 2412 altera
983 2373 1086 2412 The·

263 2428 324 2468 bis
344 2440 510 2480 persona
537 2426 612 2466 fuit
638 2427 718 2474 xvi,
737 2430 764 2467 4
820 2428 982 2466 adversa
999 2441 1087 2479 per-

261 2495 398 2534 pessus
424 2481 503 2526 xvi,
521 2485 546 2520 5
602 2480 710 2521 cadit
739 2480 780 2518 in
809 2480 959 2531 praelio,
989 2480 1086 2521 ibid.

266 2537 323 2574 vir
340 2533 450 2573 fortis
477 2547 542 2579 xv,
558 2536 585 2572 7

210 2589 506 2640 Peloponnesus
534 2599 573 2632 x,
612 2588 663 2626 10
710 2585 1089 2638 Peloponnesiacum

265 2642 410 2681 bellum
437 2639 506 2686 vii,
525 2643 551 2680 8

213 2697 329 2737 Pelta
347 2694 521 2744 (scutum
541 2705 672 2744 parma
690 2692 864 2746 brevius)
892 2693 945 2741 xi,
965 2696 987 2734 1
1030 2693 1089 2747 (v.

263 2749 378 2789 Alex.
407 2748 456 2787 ab
483 2746 599 2787 Alex.
634 2746 688 2793 vi,
703 2750 771 2788 22.
827 2753 868 2786 et
893 2759 1091 2800 expressas

267 2802 458 2855 peltarum
498 2801 638 2853 figuras
677 2801 784 2863 apud
825 2800 930 2841 Pier.
964 2801 1089 2842 hiero·

293 2857 404 2909 lyph.
437 2855 464 2893 l.
492 2857 560 2895 42.
604 2854 649 2892 it.
669 2854 775 2905 Lips.
810 2853 976 2894 analect.
1010 2854 1090 2894 mil.

265 2871 384 2950 Tium.
405 2907 462 2956 iii,
481 2912 521 2949 2.
550 2907 687 2948 Boecl.
707 2909 800 2947 add.
814 2907 941 2963 Henr.
954 2907 1090 2960 Steph.

266 2964 357 3003 Iud.
377 2964 475 3002 thes.
493 2961 563 3001 Gr.
581 2961 628 3000 Ι..
642 2961 719 3001 col.
736 2965 855 3002 1626.
884 2961 1091 3003 Manutius

267 3018 308 3055 in
338 3016 492 3069 quaesit.
526 3028 596 3067 per
619 3015 745 3067 Epist.
765 3021 864 3067 part.
890 3018 929 3055 8.
956 3014 1032 3068 Ep.
1051 3019 1091 3056 6.

267 3070 386 3110 docet
398 3068 541 3109 similes
560 3068 679 3108 fuisse
697 3070 824 3109 cetris.
870 3068 1088 3122 Hesychio‚

268 3123 414 3169 Suidae,
434 3122 642 3161 Ammonio
667 3128 709 3162 et
732 3122 893 3161 Thomae
909 3122 1092 3176 magistro

268 3175 398 3225 πέλτη
409 3182 470 3215 est
484 3174 599 3217 ἂστὶς
613 3175 698 3216 ἴτυν
709 3175 780 3216 οὒκ
797 3173 960 3227 ἔχουσα.
976 3177 1092 3216 haus·

272 3237 354 3269 tum
405 3230 460 3276 id,
496 3235 539 3267 ut
570 3241 705 3268 eorum
748 3229 840 3276 alia,
880 3229 1091 3282 praesertim

270 3282 486 3329 Ammonii‚
513 3295 536 3321 e
581 3281 714 3321 libello
755 3282 946 3330 nondum:
984 3284 1092 3336 quod

270 3337 405 3384 sciam,
452 3335 559 3376 edito
605 3335 810 3374 Ptolemaei
853 3334 1094 3376 Ascalonitis

271 3390 359 3443 περὶ
374 3390 557 3442 διαφορᾶς
589 3385 743 3439 λέξεων.
783 3387 871 3428 'Ubi
902 3393 1033 3428 tamen
1050 3390 1093 3429 in

273 3443 549 3496 antiquissimis
578 3443 730 3482 schedis
757 3441 818 3481 Fr.
852 3440 1093 3483 Lindenbro-

274 3497 342 3549 gii,
361 3495 501 3549 quibus
524 3497 616 3536 olim
635 3509 724 3534 usus
744 3509 844 3541 sum,
864 3494 1064 3547 legebatur
1082 3513 1090 3535 :

272 3549 414 3603 πέλτη,
433 3550 458 3600 ἡ
476 3550 590 3591 ἀσπὶς
608 3550 632 3600 ἦ
651 3551 721 3590 τῢν
739 3550 808 3591 οὐκ
824 3548 997 3602 ἔχουσα)

1145 445 1328 484 Peltastae
1356 444 1409 491 xi,
1431 449 1453 485 1
1484 442 1570 497 (Sic
1590 455 1656 482 eos
1677 448 1717 483 et
1733 442 1879 482 Statius
1896 442 2022 483 Theb.

1196 497 1224 545 i,
1245 503 1339 539 145.
1367 504 1483 538 vocat
1495 512 1509 548 ;
1538 497 1766 536 Lactantius
1784 502 1797 520 ‘
1814 496 1983 548 peltatos
2001 496 2028 546 ;'

1198 552 1332 591 Livius
1352 557 1364 574 ‘
1378 550 1560 603 peltatos’
1580 550 1713 597 xxviii,
1731 555 1770 590 5.
1799 556 1840 588 et
1858 556 1870 573 ‘
1884 550 2031 602 peltas-

1197 605 1269 644 tas'
1298 605 1402 650 xxxi,
1419 608 1486 645 36.
1531 603 1597 642 De
1615 603 1662 642 iis
1682 610 1772 655 post
1790 603 1886 642 alios
1905 604 2028 643 videri

1198 659 1315 697 etiam
1331 657 1385 696 Ri
1415 657 1531 696 altius
1546 663 1676 710 potest
1691 656 1862 696 Glossar.
1877 657 2027 698 Tactic.

1227 724 1251 750 a
1278 739 1290 750 .
1310 715 1387 751 143

1144 724 1313 804 Pessaies
1338 763 1432 818 (Dii
1457 762 1683 816 domestici)
1712 763 1755 812 ii,
1774 767 1800 804 7
1828 763 1890 816 (ν.
1908 763 2001 817 Dii)

1145 819 1324 858 Pendere
1343 817 1461 858 alicui
1480 818 1688 870 pecuniam
1701 830 1750 856 ex
1766 818 1913 857 foedere
1931 817 2026 870 (uu-

1198 871 1366 924 merare)
1393 870 1503 918 xxiii,
1534 875 1560 911 ‘7
1604 872 1852 925 (pendebant
1881 877 2031 911 veteres

1198 931 1389 973 monetas,
1407 938 1504 977 quas
1522 937 1628 964 nunc
1642 938 1887 964 numeramus
1903 939 1915 974 3
1934 924 2028 964 inde

1199 985 1260 1018 tot
1275 979 1469 1019 vocabula
1495 980 1712 1031 ponderum
1730 978 1772 1017 in
1791 991 1831 1018 re
1850 985 2026 1019 moneta-

1199 1033 1256 1072 ria
1274 1045 1448 1073 mansere
1462 1033 1538 1072 διο.
1560 1032 1722 1084 Boecl.)

1147 1087 1276 1126 Penes
1294 1088 1366 1126 hos
1383 1093 1444 1127 est
1455 1099 1558 1139 resp.
1584 1099 1673 1134 ην,
1692 1090 1718 1127 8
1747 1098 1937 1125 summum
1956 1087 2028 1125 im-

1200 1141 1350 1191 perium
1378 1141 1421 1187 ii,
1441 1144 1467 1181 7
1513 1140 1739 1203 (potestatis
1757 1146 1825 1179 aut
1842 1141 2027 1191 possessi-

1203 1194 1288 1234 onis
1306 1201 1375 1233 aut
1392 1193 1737 1234 administrationis
1756 1194 1889 1246 signif.
1908 1194 2029 1234 habet

1201 1261 1248 1286 ea
1265 1248 1471 1300 particula.
1491 1246 1694 1300 Boecler.)

1148 1302 1359 1341 Penetrare
1378 1301 1454 1354 (sc.
1473 1302 1514 1341 in
1533 1300 1710 1353 portum)
1739 1301 1807 1348 xii,
1825 1303 1852 1340 4
1885 1300 2028 1354 (intra-

1201 1368 1259 1402 re,
1275 1356 1474 1407 defenire,
1493 1368 1574 1395 non
1600 1355 1685 1395 sine
1699 1354 1928 1394 difficultate
1947 1354 2031 1394 scil.

1201 1415 1244 1447 et
1271 1407 1472 1460 periculo:
1514 1410 1556 1448 id
1585 1408 1691 1448 euim
1721 1407 2029 1461 subintellig.win

1154 1478 1157 1483 ¹
1202 1463 1276 1501 hac
1289 1475 1400 1502 voce.
1417 1461 1620 1514 Boecler.)

1149 1515 1312 1555 Penitus
1329 1529 1371 1555 se
1389 1516 1532 1556 abdere
1550 1515 1594 1555 in
1617 1514 1819 1555 Thraciam
1839 1513 1904 1568 (in
1931 1515 2031 1556 inte-

1204 1569 1304 1608 riora
1319 1569 1495 1608 Thraciae
1514 1583 1556 1609 se
1577 1568 1775 1621 consenc)
1801 1568 1870 1616 vii,
1889 1573 1916 1610 9
1943 1568 2031 1623 (Sic

1200 1621 1391 1663 Tacitus:
1439 1628 1451 1646 ⁸
1467 1622 1623 1675 penitus
1656 1623 1798 1662 abdere
1827 1622 1974 1662 sensus'
2003 1624 2033 1670 i,

1203 1680 1271 1723 11,
1291 1681 1331 1716 5.
1359 1675 1498 1716 Cicero
1525 1676 1567 1715 in
1597 1675 1718 1717 Catil.
1766 1677 1949 1728 ‘penitus
1966 1677 2026 1716 in-

1205 1736 1304 1768 trare
1322 1730 1364 1768 in
1383 1729 1684 1769 familiaritatem
1702 1728 1906 1782 alicujus')

1152 1783 1230 1822 Per
1243 1783 1372 1823 literas
1401 1796 1517 1836 agere
1544 1783 1598 1830 ix,
1617 1786 1642 1823 3
1690 1784 1721 1822 si
1755 1795 1825 1835 per
1848 1796 1889 1822 se
1907 1780 2028 1822 virtus

1203 1837 1459 1888 ponderanda
1490 1837 1542 1876 sit
1570 1836 1675 1890 (sine
1704 1835 1871 1877 ascititio
1904 1849 2030 1876 rerum

1205 1897 1448 1930 externarum
1478 1890 1620 1943 pretio,
1649 1889 1753 1943 sola)
1780 1890 1863 1938 viii,
1883 1895 1906 1931 1
1962 1903 2034 1942 per

1207 1957 1296 1984 suos
1310 1943 1446 1998 (venia
1463 1950 1504 1984 et
1521 1957 1708 1984 concessu
1728 1943 1908 1996 suorum)
1925 1944 2033 1990 xviii,

1207 2003 1258 2039 10
1303 2011 1375 2051 per
1392 2011 1482 2039 eum
1503 1999 1670 2038 honores
1688 1998 1795 2050 cepit
1822 1998 1890 2037 ille
1907 1997 2035 2051 (illius

1206 2065 1282 2105 ope
1315 2051 1607 2106 beneficioque)
1645 2066 1733 2099 xxv,
1766 2055 1791 2092 7
1846 2051 1936 2091 Sic:
1965 2064 2036 2103 per

1205 2119 1268 2145 me
1297 2105 1422 2145 nihilo
1449 2105 1575 2146 secius
1607 2105 1806 2152 conficies,
1822 2105 1932 2157 quod
1952 2111 2032 2144 stu-

1206 2161 1275 2198 des
1301 2159 1355 2207 ix,
1370 2163 1396 2199 3
1425 2172 1554 2212 neque
1572 2173 1642 2212 per
1659 2164 1835 2199 senatum
1854 2160 1930 2198 hoc
1949 2159 2031 2198 effi-

1204 2225 1291 2252 cere
1309 2211 1441 2264 potuit
1466 2213 1569 2260 xxiV,
1589 2218 1616 2254 2
1664 2212 1712 2266 (i.
1730 2226 1768 2252 e.
1786 2218 1945 2264 propter
1971 2226 2033 2253 se·

1205 2272 1338 2306 natum
1358 2266 1612 2320 obstantem).
1630 2279 1701 2318 per
1714 2279 1802 2306 eum
1817 2265 2034 2318 legationes

1204 2319 1570 2359 administrabantur
1587 2320 1607 2370 (
1610 2321 1658 2359 ab
1677 2318 1748 2372 eo)
1776 2333 1814 2365 x,
1833 2324 1855 2360 1

1151 2373 1541 2413 Peradolescentulus
1571 2373 1645 2429 (de
1672 2372 1850 2412 Eumene
1883 2372 2036 2413 circiter

1206 2440 1266 2466 xx
1287 2439 1410 2466 annos
1427 2427 1544 2480 nato)
1572 2426 1680 2473 xviii,
1694 2430 1716 2467 1

1151 2481 1340 2532 Peraeque
1367 2493 1455 2526 xm,
1473 2483 1524 2520 13
1566 2479 1705 2533 (vulgo
1723 2479 1786 2518 vix
1803 2485 1900 2518 nota
1916 2480 2036 2531 parti·

1205 2533 1309 2581 cula,
1328 2545 1407 2585 qua
1432 2532 1570 2572 Cicero
1589 2545 1694 2584 saepe
1711 2533 1846 2579 utitur,
1875 2545 1962 2585 pro,
1981 2546 2034 2571 ae-

1207 2585 1374 2639 qualiter
1405 2586 1467 2626 vel
1499 2587 1641 2626 eodem
1673 2586 1808 2633 modo,
1837 2592 1882 2625 ut
1913 2585 2032 2638 vulgo

1205 2641 1431 2692 loquuntur.
1463 2637 1597 2680 Gifan.
1626 2639 1818 2679 observat.
1850 2640 2026 2692 append.

1207 2693 1343 2733 Boecl.

1152 2692 1617 2800 Peragere)propositum
1647 2745 1918 2801 (pertendere)
1943 2760 2035 2794 xxv,

1206 2805 1260 2842 22
1367 2806 1472 2840 racto
1508 2805 1647 2840 senatu
1679 2798 1834 2854 (finito)
1869 2799 1973 2848 xxiV,
2008 2805 2036 2842 2

1207 2854 1303 2908 (nisi
1336 2854 1477 2906 egend.
1506 2854 1750 2894 ‘consulatu’
1778 2853 1840 2894 vel
1859 2859 1872 2877 ⁴
1891 2855 2032 2907 magis·

1206 2906 1359 2963 tratu').
1377 2906 1545 2961 peractis
1562 2921 1611 2948 ex
1628 2908 1823 2949 sententia
1839 2908 1921 2947 reb.
1940 2907 2033 2956 xxii,

1154 3015 1362 3068 Peragrare
1379 3013 1454 3070 (de
1471 3013 1652 3108 exercit.)
1678 3013 1785 3062 xviii,
1805 3018 1832 3056 8

1153 3069 1396 3110 Percellere:
1437 3068 1507 3109 tali
1525 3069 1634 3108 consi
1650 3069 1690 3109 io
1708 3067 1926 3122 proditores
1945 3080 2030 3121 per-

1206 3123 1305 3164 culit
1322 3121 1551 3186 §pervenio
1577 3122 1655 3171 xiv,
1674 3127 1702 3164 6
1728 3122 1927 3174 perculsus
1946 3122 2029 3174 pla-

1208 3189 1258 3228 ga
1285 3176 1392 3224 mii,
1410 3182 1436 3219 6
1465 3176 1634 3229 perculsi
1652 3175 1735 3229 pari
1758 3175 1914 3216 fortuna
1940 3187 2030 3222 xxv,

1156 3283 1362 3335 Percipere
1377 3297 1386 3321 ε
1406 3281 1725 3335 pbilosophorum
1739 3287 1936 3335 praeeepta
1946 3293 2033 3335 per-

1206 3341 1324 3388 cepta
1339 3335 1477 3375 habuit
1502 3348 1592 3384 xxv,
1610 3338 1663 3377 17
1690 3334 1752 3389 (v.
1765 3334 1942 3389 Habere)

1156 3389 1315 3429 Percuti
1343 3400 1457 3441 sparo
1496 3403 1560 3438 xv,
1592 3391 1620 3430 9
1674 3388 1890 3443 percutitur
1922 3387 2031 3428 navis

1211 3447 1331 3482 rostro
1358 3441 1426 3489 xii,
1455 3446 1482 3485 4
1544 3455 1729 3496 percussa
1761 3449 1822 3484 est
1854 3442 2031 3496 potentia

1208 3495 1438 3549 (convulsa)
1457 3496 1533 3543 xvi,
1548 3501 1574 3539 2
1602 3510 1805 3552 percussus
1822 3497 1929 3551 (pro,
1944 3505 2032 3548 Pes·

1209 3548 1424 3605 suasione),
1444 3549 1475 3590 F
1476 3563 1505 3590 r.
1524 3554 1550 3591 7

1932 307 2025 359 cix
2086 358 2089 359 a
