2306 3900
740 230 1042 271 connum
1084 227 1368 273 NEPOTts.
1859 213 1967 269 '729

148 354 277 416 1647
301 352 528 423 Lugduni
552 356 664 406 nat.
690 362 739 405 8.

149 436 276 490 1648
302 437 598 503 Hamburgi,
622 443 700 487 12.
724 433 894 484 Editio
915 435 996 485 Jo.
1021 434 1160 484 Ravii
1182 434 1391 500 repetita
1413 450 1475 484 ex
1496 431 1694 485 Jenensi
1722 431 1868 483 1635.

143 544 213 557 -
233 516 604 576 Amste'lodami,
631 523 677 567 8.
701 515 783 564 ina
806 513 1033 565 Loccenii
1055 514 1262 580 repetita
1284 530 1343 563 ex
1369 513 1662 564 Holmiensi.

370 691 563 742 AETAS
589 692 678 741 IV.
705 689 1375 741 BOECLERo-BOSIANA
1407 688 1751 746 1648—1'733.

145 840 227 890 Jo.
255 839 407 889 Henr.
443 839 710 903 Boeclerus,
743 838 829 903 qui
853 837 903 886 in
926 836 1168 901 prioribus
1192 836 1292 885 suis
1315 835 1431 886 edd.
1456 834 1650 884 nonnisi
1683 832 1973 883 Lambinum

214 927 416 970 secutus
453 936 545 968 suo
579 917 870 969 dissertandi
913 916 1062 967 modo
1086 917 1134 966 in
1156 917 1400 981 Nepotem
1428 916 1683 981 scripserat
1721 914 1979 963 Commen-

217 1000 394 1050 tarium
430 1000 590 1066 (quasi
631 999 1018 1065 Symposiacum)
1049 1006 1100 1048 et
1135 1005 1277 1047 notas
1313 1005 1431 1062 post
1465 996 1684 1061 Magium
1707 1002 1756 1044 et
1781 991 1979 1043 Lambi-

216 1097 350 1139 num,
372 1087 547 1130 nactus
566 1096 595 1128 a
615 1082 694 1130 J0.
721 1078 967 1129 Seheffero
990 1077 1155 1142 (cujus
1175 1094 1353 1128 nomen
1374 1077 1556 1142 ubique
1578 1076 1686 1125 silet
1705 1075 1982 1136 inhoneste)

217 1160 456 1210 Codicem
480 1160 677 1225 optimae
700 1167 847 1218 notae,
871 1159 955 1208 sed
981 1159 1082 1208 sine
1106 1159 1207 1208 vita
1229 1158 1403 1217 Attici,
1429 1158 1624 1208 tertiam
1656 1155 1799 1207 1648.
1824 1154 1984 1204 edidit

216 1239 348 1289 haud
378 1240 526 1305 paulo
562 1239 939 1289 emendatiorem
963 1256 1079 1289 eum
1102 1239 1229 1289 notis
1254 1238 1364 1288 aliis
1388 1239 1451 1288 ad
1475 1238 1734 1288 lectionem
1759 1244 1808 1286 et
1832 1234 1984 1300 scrip·

218 1328 378 1370 turam
415 1319 773 1386 pertinentibus
811 1337 872 1368 ex
911 1319 996 1368 illo
1033 1318 1223 1370 Codice
1262 1318 1530 1383 praesertim
1555 1318 1618 1367 ad
1645 1333 1766 1383 quas
1803 1315 1982 1380 passim

216 1399 333 1450 edd.
357 1399 673 1459 Brixiensem,
716 1400 869 1464 Regii,
907 1399 1147 1458 Lambini,
1187 1399 1397 1457 Schotti,
1424 1398 1698 1456 Gebhardi,
1725 1393 1983 1459 Rutgersii,

217 1486 337 1530 cett.
372 1480 448 1529 vel
483 1479 920 1529 animadversiones
937 1481 1238 1538 contulerat3
1276 1496 1433 1545 neque
1464 1486 1627 1529 tamen
1652 1477 1843 1527 curiose
1867 1475 1984 1524 satis

220 1567 458 1611 tractasse
494 1561 630 1610 visus
652 1568 727 1610 est
751 1560 1003 1611 Scheffero
1028 1560 1075 1608 in
1111 1560 1382 1625 Specimine
1418 1559 1778 1609 AnimadverSS.
1802 1558 1850 1606 in
1873 1556 1988 1605 Mil·

221 1641 401 1692 tiadem
443 1641 626 1691 Hamb.
672 1640 816 1699 1675.
858 1649 908 1690 et
944 1642 993 1688 in
1030 1641 1257 1690 Adverss.
1283 1640 1550 1706 posthumis
1573 1640 1640 1688 T.
1666 1651 1798 1688 vnl.
1823 1644 1874 1687 et
1899 1650 1983 1686 lx.

223 1721 599 1788 Miscell.Beig.
641 1721 854 1770 Tertiam
897 1722 1024 1771 hanc
1064 1722 1156 1781 bis,
1201 1723 1423 1772 Boeclero
1462 1722 1511 1770 in
1553 1719 1731 1771 Suecia
1766 1734 1854 1783 per
1889 1724 1987 1766 tres

222 1803 376 1851 annos
396 1801 615 1860 absente,
657 1818 685 1850 a
708 1802 1017 1867 typographo
1045 1803 1453 1867 Argentoratensi‚
1489 1801 1791 1851 dissimulata
1813 1797 1990 1864 repeti-

223 1882 368 1930 tionis
411 1886 544 1940 nota‚
580 1873 800 1930 recusam
843 1897 939 1931 uon
980 1882 1080 1931 sine
1117 1882 1303 1943 erratis,
1328 1899 1484 1948 eaque
1507 1882 1651 1933 etiam
1678 1882 1726 1930 in
1747 1877 1988 1946 Lipsiensi

223 1978 306 2012 an.
351 1961 498 2012 1653.
537 1978 648 2025 quae
692 1961 1001 2010 Boeclerianis
1039 1963 1172 2011 curis
1216 1962 1474 2011 Gebhardi
1515 1962 1620 2010 illas
1653 1968 1703 2008 et
1734 1958 1912 2008 Ernstii
1935 1958 1984 2007 in

225 2042 374 2090 vitam
415 2041 570 2090 Attici
606 2041 865 2105 adjunctas
909 2042 1075 2102 habet,
1114 2049 1301 2092 retenta
1345 2050 1397 2092 et
1434 2050 1580 2092 aucta
1622 2057 1725 2090 esse
1769 2038 1991 2104 queritur

225 2122 470 2171 Boeclerus
494 2122 543 2170 in
568 2120 705 2186 praef.
733 2121 811 2170 ed.
834 2128 986 2171 seoetae
1034 2119 1178 2172 1656.
1224 2138 1335 2187 quae
1374 2121 1572 2187 proprie
1615 2119 1827 2170 dicenda
1865 2118 1990 2167 foret

224 2207 403 2269 quarta
465 2217 623 2266 eaque
686 2201 852 2250 ultima
911 2202 1113 2251 Boecleri
1170 2205 1546 2267 Argentoratum
1590 2201 1788 2251 reversi.
1854 2199 1991 2249 Vidit

224 2290 385 2331 tamen
413 2297 524 2329 mox
551 2281 698 2329 homo
722 2280 982 2345 impatiens
1004 2290 1054 2330 et
1081 2283 1436 2346 superciliosus,
1463 2300 1512 2332 se
1532 2281 1812 2331 habiturum
1829 2280 1989 2330 laudis

227 2362 276 2410 in
324 2360 542 2410 curando
588 2361 783 2425 Nepote
823 2360 1097 2426 participes.
1164 2364 1276 2412 Jam
1316 2363 1445 2412 enim
1490 2362 1635 2420 1657.
1688 2363 1770 2411 J0.
1828 2359 1987 2410 Andr.

229 2441 401 2491 Bosius
442 2441 569 2490 notis
604 2441 824 2500 Boecleri,
860 2441 1002 2505 cujus
1040 2442 1313 2508 exemplum
1352 2443 1576 2501 servavit,
1615 2439 1990 2491 Gebhardi-anas

224 2530 275 2572 et
296 2521 345 2570 in
361 2522 583 2570 Atticum
600 2521 881 2570 Ernestinas
903 2529 954 2570 et
973 2522 1173 2570 aliorum
1195 2525 1272 2585 (ut
1295 2520 1994 2585 Buchnerisuasque)sapie11-

231 2610 305 2650 ter
341 2601 540 2665 junxit;
586 2601 843 2651 Gebhardi
891 2608 1053 2650 autem
1100 2601 1302 2666 vestigia
1346 2601 1446 2652 fere
1493 2607 1689 2651 secutus
1738 2607 1814 2649 est
1860 2599 1991 2648 Rob.

231 2680 548 2730 Keuchenius
584 2680 631 2729 in
670 2680 787 2730 edit.
823 2681 1049 2745 Lugdun.
1090 2679 1236 2732 1658.
1258 2697 1361 2747 rep.
1390 2680 1536 2738 1667.
1562 2697 1675 2730 cum
1700 2680 1828 2729 notis
1852 2680 1992 2729 Varr.

230 2761 513 2826 epitomatis
549 2761 779 2827 suisquez
816 2763 898 2812 Jo.
923 2762 1145 2812 Vorstius
1184 2778 1329 2812 curas
1367 2778 1479 2811 suas
1520 2760 1714 2810 addidit
1752 2760 1992 2817 Boeclero,

230 2858 289 2891 ac
329 2841 594 2906 praesertim
636 2842 847 2891 indicem
887 2841 1004 2892 fecit
1043 2841 1425 2892 emendatiorem
1465 2851 1516 2892 et
1548 2841 1814 2890 auctiorem
1838 2841 1887 2889 in
1912 2840 1994 2889 ed.

230 2922 361 2987 Lips.
391 2919 537 2981 1659.
571 2921 903 2972 subirascente
927 2922 1142 2972 Boeclero
1166 2923 1215 2971 in
1239 2922 1527 2987 praefatione
1550 2921 1720 2971 velleii
1742 2921 1818 2970 sui
1849 2919 1994 2971 1663.

230 3001 327 3050 Sed
368 3002 500 3051 Bosii
534 3003 749 3052 recensio
772 3002 987 3053 obtinuit
1010 3003 1056 3052 in
1082 3003 1371 3064 Vorstianis,
1414 3002 1619 3070 Rutgeri
1644 3000 1992 3051 Hermannidae

238 3079 383 3131 1665.
420 3097 523 3146 rep.
568 3082 712 3133 1685.
755 3082 902 3142 1692.
957 3082 1287 3148 Kirchmajeri
1333 3083 1479 3137 1665.
1518 3093 1569 3134 et
1610 3082 1997 3133 Hildebraudina

239 3156 381 3208 1666.
409 3176 515 3224 rep.
542 3159 687 3211 1680.
714 3161 1083 3223 Keucheniana‚
1106 3180 1232 3213 nunc
1258 3164 1514 3214 Hackiana
1534 3181 1581 3213 c.
1607 3181 1654 3213 n.
1679 3165 1815 3212 Varr.
1835 3178 1998 3211 emen-

231 3238 391 3288 datior
420 3240 562 3297 1675.
580 3255 791 3306 cumque
814 3242 1037 3293 iconibus
1066 3244 1211 3301 1687.
1235 3252 1283 3293 et
1314 3243 1457 3302 1697.
1481 3244 1629 3307 (adde
1653 3243 1727 3292 his
1752 3243 1996 3308 egregiam

232 3321 283 3370 J.
305 3320 373 3369 G.
397 3318 579 3368 Graevii
617 3319 954 3371 recensionem
994 3323 1105 3372 vitae
1141 3323 1297 3372 Attici
1337 3340 1381 3373 c.
1425 3341 1473 3373 n.
1498 3325 1638 3373 Varr.
1662 3323 1708 3372 in
1735 3323 1997 3373 Graeviana

234 3399 318 3450 ed.
358 3401 489 3466 Epp.
529 3400 779 3451 Ciceronis
814 3401 876 3450 ad
920 3402 1138 3453 Atticum
1180 3403 1291 3453 Vol.
1329 3405 1419 3463 ιι.)
1454 3404 1751 3455 Boecleriana
1781 3402 1922 3463 1669.
1949 3412 1998 3454 et

279 3479 421 3533 netpu.
442 3485 481 3520 et
513 3480 609 3521 var.
635 3481 738 3521 caan.
1111 3484 1213 3533 Nep.
1803 3489 1828 3526 s
1850 3486 1889 3527 A
