2306 3900
701 281 832 321 Χνι.
896 278 1279 330 renonum,
1319 278 1457 319 cAr.
1494 266 1546 319 5.

209 401 336 444 toriis
370 407 416 444 et
435 400 739 443 tricliniaribns
772 401 917 451 lectis,
947 399 1091 441 cibum

211 469 381 507 sumere
398 465 617 507 solebant:
647 477 888 518 quanquam
906 463 1090 517 antiqui-

210 541 309 571 ores
342 529 556 580 sedentes,
574 540 660 569 non
693 527 1018 577 decumbenteS,
1046 525 1090 567 id

208 592 353 635 facere
391 587 721 643 consueverunt,
749 597 797 632 ut
830 591 892 634 ait
926 590 1088 632 Athen.

206 656 283 697 lib.
297 666 400 696 vm.
418 658 485 696 is.
499 655 596 697 Qua
610 655 664 695 de
678 654 875 696 re‘latius
890 654 934 695 in
944 653 1090 695 libello

207 723 368 770 nostro,
395 720 467 759 De
497 716 780 772 Antiquarum
816 717 1005 772 prandiis
1044 721 1091 758 et

209 783 357 824 coenis.
436 781 618 823 Dictum
662 781 838 823 Archiae
867 780 1009 834 ‚hujus
1045 781 1089 821 in

208 841 483 898 proverbium
503 845 673 897 abiisse,
685 846 799 899 qnod
815 845 869 886 ad
889 855 1006 886 suam
1023 855 1091 885 us-

210 921 294 962 que
327 915 501 950 aetatem
534 909 577 949 in
612 922 690 949 usu
718 907 872 959 fuerit,
901 911 1091 949 testatur

208 973 468 1013 Plutarchus
498 972 542 1012 in
577 972 728 1014 eodem
747 971 970 1024 Pelopida.
997 970 1092 1010 Ma·

204 1049 312 1088 gaus.

262 1102 315 1141 In
339 1101 568 1151 erastinum,
596 1098 740 1152 inquit,
765 1098 909 1151 differo
937 1109 1001 1138 res
1030 1110 1090 1138 se-

206 1166 338 1218 veras]
370 1163 573 1205 Meminit
597 1164 798 1203 Erasmus
825 1161 869 1201 in
890 1160 1089 1202 chiliadi-

206 1226 300 1268 bus.
326 1226 553 1278 Longolius.
624 1225 796 1266 Mavult
810 1225 1012 1265 Schottus
1029 1236 1090 1264 se·

204 1289 304 1330 rias.
369 1289 497 1332 Quod
515 1301 618 1330 vero
649 1287 881 1329 Lambinus
907 1286 1088 1327 verbum

205 1353 349 1407 differe
362 1353 615 1406 ejiciendum
625 1356 789 1402 censet,
805 1350 906 1403 quia
920 1350 1090 1389 Plutar-

205 1419 329 1468 chus,
358 1416 412 1458 εἲς
443 1417 566 1469 αὔριον
593 1415 645 1456 τὰ
668 1415 872 1465 σπουδαῖα,
910 1413 1088 1453 solemni

204 1492 280 1522 suo
299 1480 418 1521 facit.
467 1478 667 1520 Gebhard.

257 1543 440 1596 Sena-as]
474 1543 577 1584 Non
595 1542 771 1595 placet:
800 1539 950 1580 melius
981 1538 1089 1580 editi

201 1604 338 1648 serias.
391 1607 612 1648 Schottus.

204 1680 211 1686 ⁴
259 1670 362 1712 Cum
386 1668 474 1718 jam
510 1680 591 1708 nox
612 1665 879 1720 processisset]
923 1667 1000 1714 Τῆς
1026 1679 1086 1706 νυ-

202 1730 295 1774 κτὸς
336 1730 557 1785 προϊούσης.
631 1731 804 1771 Sallust.
847 1729 1084 1781 Jugurtha:

199 1797 213 1818 ⁸
229 1794 317 1836 Sed
329 1795 400 1836 ubi
416 1795 667 1848 plerumque
683 1792 824 1834 noctis
840 1790 1085 1844 processit.'

206 1858 335 1900 Gebh.

264 1921 463 1963 Vimlenti
485 1920 534 1960 ab
553 1917 752 1971 exulibus]
787 1919 985 1971 Excepto
1005 1917 1086 1958 Le·

203 1984 367 2036 ontida,
379 1984 451 2038 qui
470 1984 583 2024 solus
595 1983 778 2023 omnium
799 1986 895 2022 erat
906 1981 1086 2022 sobrius.

201 2048 316 2088 Vide
345 2048 402 2087 sis
444 2046 678 2087 Historiam
712 2043 805 2086 fuse
838 2043 955 2097 apud
984 2044 1086 2084 Plu-

202 2110 414 2151 tarchum.
759 2160 762 2161 ⁷

255 2173 368 2214 Duce
402 2172 613 2225 Pelopida]
665 2171 791 2223 Supr.
817 2170 858 2211 in
885 2164 1085 2223 Epamin.

200 2237 213 2259 ‘
230 2249 314 2291 quo
339 2242 539 2289 tempore
557 2236 667 2276 duce
695 2234 908 2288 Pelopida
938 2235 1085 2275 exules

197 2301 366 2343 Thebas
412 2305 699 2354 occuparunt,
745 2304 791 2340 et
838 2297 1085 2352 praesidium

199 2364 622 2406 Lacedaemoniorum
661 2374 760 2404 arce
798 2360 1087 2415 expulerunt?

201 2427 366 2469 Sanora.
1078 2436 1080 2438 ·

260 2491 390 2543 Vulgo
404 2493 457 2532 ad
481 2504 592 2532 arma
621 2490 914 2542 libertatemque
930 2489 1085 2542 vocato]

201 2555 331 2597 Quod
360 2553 582 2596 faciebant
611 2555 678 2594 vel
708 2565 830 2604 voce,
857 2553 926 2594 vel
955 2553 1084 2594 etiam

199 2617 434 2670 propositis
452 2617 622 2668 libellis,
633 2616 706 2669 qui
725 2621 984 2668 praesentem
999 2621 1085 2656 sta-

201 2684 293 2719 tum
312 2679 434 2720 ibant
447 2679 730 2720 imminutum.
772 2678 900 2720 Diod.
917 2679 990 2719 lib.
1005 2689 1083 2719 xv.

194 2742 356 2783 Ἔπειτα
382 2730 472 2784 τοὺς
488 2741 651 2783 πολίτας
682 2742 746 2782 ἐπὶ
772 2741 844 2791 τὴν
876 2742 1086 2796 ἐλευθερίαν

200 2805 554 2860 παρακαλέσαντες,
564 2805 768 2860 συνεργοὺς
783 2805 904 2859 ἔσχον
915 2805 1086 2849 ἅπαντας

199 2869 298 2910 τοὺς*
307 2868 511 2918 Θηβαίους.
564 2870 704 2912 Tacit.
721 2869 836 2911 Anu.
852 2870 924 2911 lib.
937 2882 1001 2912 lv.
1016 2874 1084 2911 2⁷.

203 2936 217 2958 ‘
229 2933 278 2974 Τ.
290 2934 518 2986 Cui-tisias,
530 2934 680 2987 positis
694 2934 912 2986 propalam
924 2933 1083 2975 libellis

197 2996 252 3038 ad
284 2996 534 3038 libertatem
570 2996 755 3038 vocabat
784 2997 974 3050 agrestia
1004 3009 1084 3050 per

200 3060 453 3112 longinquos
474 3060 607 3100 saltus
627 3065 673 3101 et
695 3058 857 3101 ferocia
876 3059 1085 3100 servitia!

200 3121 413 3163 Pacuvius
469 3122 728 3163 Dusoreste:
797 3124 810 3147 ‘
848 3123 1083 3176 Extemplo

199 3185 382 3238 AEgisthi
414 3183 542 3225 fidem
576 3187 888 3240 Nuncupantes
914 3187 1082 3227 concie·

198 3249 305 3290 bant
322 3247 559 3301 populum!
596 3248 750 3291 Cicero
773 3261 851 3302 pro
878 3249 1078 3291 Rabirio:

202 3314 215 3336 ‘
237 3312 344 3353 Cum
383 3312 437 3352 ad
471 3324 590 3353 arma
626 3313 824 3354 consules
870 3323 924 3353 ex
964 3314 1080 3355 scto

198 3375 500 3416 vocavissent!
542 3374 744 3415 Gebhard.

252 3438 445 3478 ductores
481 3439 660 3479 Cadmeoe
696 3437 947 3493 occupanda]
1013 3439 1079 3480 De

201 3499 352 3553 quibus
374 3514 518 3554 supra.
564 3501 743 3543 Lambin.

1926 264 2036 316 595

1207 399 1317 440 Car.
1346 401 1387 439 4.
1446 398 1586 450 Itaque
1626 395 1709 437 hoec
1746 393 2036 436 liberandarum

1152 462 1372 504 Thebarum
1403 461 1566 515 propria
1601 461 1685 500 laus
1714 462 1774 500 est
1816 457 2035 510 Pelopidoe]

1153 526 1294 568 Quam
1322 525 1361 566 ei
1385 536 1554 578 quoque
1585 522 1794 565 adscribit
1819 521 2036 563 Diodorus

1151 587 1227 629 lib.
1248 599 1327 629 xv.
1370 589 1439 629 Ἐν
1467 586 1545 641 γὰρ
1574 589 1628 642 τῇ·
1655 590 1732 628 τῶν
1757 585 1938 639 φυγάδων
1967 600 2035 626 κα-

1149 649 1329 703 ταλήψει,
1353 651 1437 692 καθ
1468 649 1517 698 ἣν
1541 649 1801 698 ἀνεκτήσαντο
1831 648 1905 698 τὴν
1934 650 2036 690 Καδ-

1149 713 1271 766 μείαν,
1302 712 1592 765 ὕμολογημένωε
1629 711 1791 756 ἅπαντες
1825 712 1950 765 τούτῳ
1989 712 2038 753 τὸ

1151 779 1334 831 πρωτεῖον
1361 778 1432 818 τοῦ
1460 776 1748 830 κατορθώματος
1774 775 1939 827 νέμουσι.
1966 776 2039 826 τὴν

1151 843 1184 882 δ’
1213 842 1407 895 ευημερῖαν
1436 841 1581 890 ταύτην
1608 840 1752 888 συνέβη
1784 838 1935 882 πάντων
1962 843 2039 881 τῶν

1152 903 1310 958 ὕστερον
1323 904 1538 955 γενομένων
1547 903 1700 955 ἀγαθῶν
1717 902 1837 945 αἲτίαν
1848 903 2038 955 γενέσθαι.

1155 968 1359 1009 Gebhard.

1204 1032 1383 1072 Delectoe
1417 1030 1574 1083 manus]
1626 1029 1827 1072 Cohortis
1868 1035 2038 1071 trecen-v

1153 1099 1294 1135 torum
1316 1094 1514 1146 militum,
1532 1106 1629 1147 quse
1650 1093 1707 1134 ob
1728 1105 1916 1134 amorem
1936 1094 2040 1134 ami-

1151 1158 1286 1210 citize,
1315 1171 1399 1212 quo
1424 1158 1653 1212 plurimum
1668 1158 1858 1211 valebat,
1876 1171 2038 1212 pugna-

1151 1221 1314 1274 batque
1327 1221 1370 1261 in
1383 1221 1548 1263 hostem
1563 1221 1721 1272 acrius,
1735 1221 1869 1262 Sacra
1884 1222 2038 1262 cohors

1153 1283 1272 1325 dicta
1290 1289 1373 1325 est.
1430 1284 1528 1326 Qua
1542 1283 1598 1324 de
1612 1295 1658 1324 re
1672 1283 1845 1325 disserit
1864 1284 2039 1325 Plutar-

1152 1349 1272 1389 chus.
1324 1349 1523 1388 Sehottus.
1597 1347 1767 1388 Auctor
1796 1348 1919 1388 istius
1953 1347 2040 1388 fuit

1153 1411 1355 1464 Gorgias,
1392 1412 1541 1464 πρῶτος
1567 1410 1611 1451 ἐν
1636 1412 1797 1461 Θῆβαις,
1825 1415 1876 1451 ut
1904 1410 2039 1451 tradit

1152 1474 1382 1527 Polyaenus
1400 1474 1477 1516 lib.
1490 1485 1542 1515 11.
1583 1475 1664 1515 Cui
1684 1474 1798 1514 haud
1813 1473 2038 1514 dissimiles

1151 1535 1327 1578 fuerunt
1347 1537 1551 1588 Soldurii,
1569 1536 1625 1577 de
1644 1536 1799 1590 quibus
1815 1536 1964 1577 Caesar
1983 1535 2038 1577 de

1151 1599 1263 1641 Bell.
1284 1598 1401 1641 Gall.
1419 1599 1493 1642 lib.
1512 1611 1586 1640 111.
1604 1603 1674 1641 22.
1713 1599 1912 1641 Gebhard.

1208 1664 1368 1716 Quoque
1382 1665 1567 1705 Messena
1575 1663 1740 1704 celerius
1749 1662 2038 1717 restitueretur]

1151 1727 1309 1768 Diruta
1346 1733 1478 1781 atque
1524 1739 1677 1768 eversa
1710 1726 2041 1779 instauraretur,

1151 1785 1282 1843 atque
1318 1789 1474 1830 incolis
1506 1787 1873 1843 frequentaretur.
1905 1790 2039 1830 Resti-

1149 1856 1260 1894 tuere
1274 1853 1342 1895 hic
1361 1858 1431 1894 est
1449 1852 1647 1894 ἀνοικίσαι.
1692 1853 1899 1906 Superius
1925 1854 2037 1906 Epa-

1149 1916 1380 1957 minonda:
1429 1917 1620 1969 ‘Neque
1654 1915 1775 1968 prius
1816 1916 2037 1957 debellare

1151 1979 1336 2031 destitit,
1362 1992 1491 2033 quam
1509 1980 1711 2020 Messena
1736 1979 1939 2020 restituta
1967 1992 2037 2020 ur·

1149 2043 1250 2083 bem
1296 2054 1444 2083 eorum
1491 2042 1709 2083 obsidione
1747 2041 1945 2092 clausit3’
1987 2049 2037 2084 ut

1150 2107 1310 2148 ibidem
1329 2107 1448 2148 docti
1467 2119 1491 2147 e
1520 2107 1628 2148 Mss.
1647 2106 1770 2148 libris
1797 2101 2035 2160 corrigunt.

1148 2169 1335 2211 Diodor.
1364 2170 1438 2211 lib.
1459 2180 1535 2210 xv.
1590 2167 1691 2222 Πρὸς
1717 2168 1760 2210 δὲ
1785 2168 1854 2210 τὸν
1880 2174 2038 2223 Περσῶν

1148 2231 1319 2280 βασιλέα
1366 2231 1624 2286 πρεσβεύσας,
1670 2232 1712 2272 ἐν
1753 2234 1840 2274 ταῖς
1893 2237 2038 2277 κοιναῖς

1147 2295 1368 2347 ὁμολογίαις
1379 2295 1452 2344 τὴν
1470 2295 1677 2345 Μεσσήνην
1693 2294 1783 2336 κατ’
1802 2295 1896 2337 ἲδίαν
1922 2298 2037 2351 παρέ-

1146 2362 1282 2410 λαβεν,
1296 2358 1344 2407 ἣν
1360 2358 1575 2400 ἀνάστατον
1599 2358 1718 2400 οὖσαν
1743 2358 1812 2409 ἔτη
1835 2359 2037 2414 τριάκοντα

1147 2424 1313 2472 Θηβαῖοι
1357 2421 1477 2464 πάλιν
1516 2421 1852 2473 ἀποκατέστησαν.
1911 2425 2037 2467 Idem.

1148 2488 1441 2541 Corrigendus
1468 2489 1525 2531 P.
1556 2488 1755 2531 Danielis
1791 2488 1957 2541 Codex,
1992 2491 2036 2530 in

1149 2564 1234 2605 quo
1281 2558 1488 2606 corrupte
1529 2554 1682 2593 Essena
1725 2565 1806 2606 pro
1851 2553 2036 2595 Messena

1147 2615 1321 2668 legitur.
1919 2638 1922 2641 »

1201 2678 1378 2729 Legatus
1392 2678 1434 2719 in
1450 2679 1597 2720 Persas
1609 2682 1667 2719 est
1682 2677 1897 2730 profectus]
1924 2677 2035 2720 Post

1147 2741 1296 2783 missos
1318 2740 1372 2781 ad
1396 2742 1628 2782 Persarum
1648 2742 1812 2794 Regem
1830 2740 2032 2781 Lacedae-

1147 2805 1384 2845 moniorum
1421 2811 1468 2844 et
1502 2804 1828 2845 Atheniensium
1863 2804 2031 2856 legatos

1147 2867 1201 2907 de
1219 2867 1428 2909 societate
1459 2867 1659 2909 ineunda.
1722 2868 1794 2909 De
1812 2867 1892 2908 hac
1918 2868 2033 2920 lega-

1146 2930 1266 2971 tione
1284 2931 1383 2972 vide
1401 2931 1698 2973 Plutarchum.

1201 2993 1302 3034 Hoec
1323 2993 1415 3044 fuit
1440 2996 1565 3035 altera
1587 3006 1751 3047 persona
1782 2993 1942 3046 Thebis]
1988 2993 2028 3034 A

1146 3068 1274 3098 scena
1309 3063 1483 3111 sumpta
1517 3058 1773 3099 translatio:
1817 3057 1951 3098 habet
1984 3062 2031 3097 et

1144 3118 1224 3160 hoc
1244 3120 1511 3172 proverbiale
1531 3120 1709 3173 aliquid.
1756 3119 1920 3169 Lougoi.

1199 3181 1312 3224 CAP.
1344 3187 1384 3224 5.
1431 3183 1491 3222 Et
1516 3195 1631 3235 quum
1660 3180 1916 3233 Thessaliam]
1956 3179 2027 3223 Ad

1144 3256 1270 3297 quam
1302 3257 1399 3285 cum
1428 3245 1615 3285 Ismenia
1651 3244 1789 3284 amico
1819 3257 1895 3284 suo
1929 3256 2027 3297 pro-

1143 3306 1285 3349 fectus
1303 3314 1383 3349 est.
1420 3307 1641 3348 Diodorus
1662 3318 1739 3349 xv.
1784 3309 2027 3361 Παραλαβῶν

1141 3370 1326 3422 ’Ῑσμενίαν
1351 3371 1464 3424 ἄνδρα
1482 3371 1596 3423 φίλον
1611 3370 1683 3423 μὲν
1708 3370 1860 3424 ἑαυτοῦ,
1884 3371 2024 3423 θαυμα-

1142 3434 1300 3487 ζόμενον
1326 3434 1368 3476 δὲ
1398 3435 1457 3475 ἐπ’
1484 3436 1615 3490 ἀρετ-ᾖ,
1633 3437 1824 3489 παρῆλθεν
1850 3435 1901 3478 εἷς
1929 3440 2023 3476 Θετ-

1141 3498 1292 3540 ταλίαν.
1354 3499 1575 3542 Plutarch.
1613 3506 1839 3542 enumerat
1875 3500 2023 3542 felices
