2306 3900
744 262 902 302 xxv.
967 260 1272 310 ATTICUM,
1313 259 1448 298 cAP.
1488 241 1577 296 18.

240 403 266 432 a
292 387 485 441 Trojanis
513 390 560 427 et
589 383 724 425 AEnea
740 383 973 423 hauserunt
991 381 1119 433 origi-

239 467 353 495 nem.
411 452 524 503 Lege
545 447 799 500 Dionysium
818 444 892 485 lib.
910 456 975 486 xv.
1008 444 1118 484 Haec

239 529 368 571 quum
387 516 430 556 ia
453 513 602 554 urbem
620 523 706 551 una
725 522 819 550 cum
842 508 1027 549 Romulo
1045 506 1121 548 mi-

239 584 422 631 grasset,
453 574 582 616 laude
613 578 660 614 et
692 572 827 624 gloria
857 570 1011 610 bellica
1043 569 1121 609 sub

239 640 410 693 regibus
430 637 587 687 floruit,
605 648 738 688 usque
768 634 823 674 ad
855 633 1124 675 L.‘Brutum‚

241 703 315 757 qui
347 702 467 754 regio
496 700 717 741 dominatu
749 699 802 739 P.
823 699 877 738 R.
908 696 1125 747 liberavit,

240 770 478 819 postremus
519 763 662 805 Juniae
699 762 853 815 gentis.
911 761 1041 811 Nam,
1076 763 1124 798 ut

238 829 353 870 idem
382 828 458 869 lib.
479 839 524 867 v.
546 826 698 876 tradit,
718 826 880 864 Brutus
902 823 1040 863 nullos
1060 834 1124 861 re-

238 892 366 946 liquit
394 891 552 931 liberos
581 889 858 941 superstites,
891 892 937 926 et
967 886 1039 940 qui
1058 897 1124 926 se-

239 960 429 1008 quuntur
447 953 589 1003 Bruti,
606 951 764 1004 plebeii
791 955 906 1001 sunt,
937 961 1021 990 non
1051 961 1125 1001 pa-

241 1017 371 1058 tricii.
427 1016 570 1057 Aliter
590 1022 734 1056 tamen
754 1014 936 1055 sensisse
954 1013 1126 1054 videtur

241 1082 414 1131 Cicero,
439 1080 513 1133 qui
544 1079 608 1119 M.
632 1079 812 1118 Brutum
847 1076 1031 1118 Caesaris
1063 1076 1126 1116 in-

242 1143 517 1186 terfectorem
538 1143 588 1182 L.
611 1142 737 1182 Bruti
758 1141 962 1194 gentilem
982 1141 1127 1193 appel·

238 1209 317 1249 lat.
370 1207 542 1247 Tuscui.
562 1217 628 1246 ιν.
657 1206 669 1228 ‘
693 1205 776 1248 Qui
806 1203 891 1246 fuit
919 1204 963 1244 in
999 1203 1129 1245 Italia

241 1270 394 1311 iisdem
412 1269 692 1321 temporibus,
711 1268 865 1320 quibus
895 1268 944 1309 1..
967 1268 1128 1308 Brutus

240 1334 426 1387 patriam
459 1332 670 1384 liberavit,
707 1332 941 1383 praeclarus
975 1336 1128 1372 auctor

240 1397 474 1438 nobilitatis
495 1395 608 1436 tute!
664 1394 887 1451 Quomodo
906 1395 949 1433 in
973 1395 1127 1444 Bruto,

240 1466 287 1502 et
304 1459 549 1511 Philippica
568 1471 599 1499 1.
655 1458 782 1500 Quod
813 1457 926 1497 idem
947 1469 1001 1497 ex
1034 1469 1127 1497 sen-

245 1524 381 1564 tentia
416 1521 640 1563 Posidonii
676 1521 919 1573 philosophi
957 1520 1128 1561 Plutar-

242 1586 348 1626 chus
369 1585 533 1636 scribit,
562 1584 633 1637 qui
668 1583 843 1624 tertium
862 1583 981 1624 Junii
1001 1584 1126 1624 Bruti

241 1648 374 1689 fllium
392 1653 615 1701 expertem
648 1646 956 1699 conjurationis
981 1645 1128 1698 fuisse,

244 1713 300 1753 ab
337 1724 478 1765 eoque
514 1716 686 1764 gentem
711 1709 883 1752 Juniam
918 1722 1127 1762 propaga·

245 1782 331 1817 tam
362 1774 558 1816 tradidit.
614 1773 875 1813 Gravissima
908 1771 1127 1813 Ciceronis

244 1839 326 1879 hac
342 1837 385 1878 in
403 1849 449 1877 re
468 1836 601 1877 debet
618 1846 711 1876 esse
737 1835 986 1887 authoritas,
1013 1822 1128 1889 mag·

244 1912 300 1941 na
345 1900 475 1941 etiam
531 1898 753 1940 Posidonii
798 1904 845 1940 et
891 1899 1128 1940 Plutarchi.

244 1967 442 2020 Dionysii
479 1972 639 2017 tamen,
674 1966 745 2019 qui
778 1965 926 2007 multis
958 1970 1128 2006 senten-

244 2031 349 2072 tiam
381 2042 496 2071 suam
528 2029 790 2082 argumentis
824 2029 1128 2083 exquisitisque

245 2094 483 2136 rationibus
500 2093 740 2145 coufirmat,
758 2104 852 2133 meo
866 2092 1034 2145 quidem
1058 2092 1129 2144 ju-

245 2158 361 2198 dicio
393 2158 463 2198 vel
496 2157 757 2210 gravissima.
777 2190 786 2200 .
824 2156 981 2208 Neque
1014 2157 1128 2195 enim

247 2221 464 2274 quisquam
485 2233 540 2260 ex
558 2221 638 2260 hac
658 2224 788 2272 gente
808 2230 887 2271 per
906 2230 1038 2258 annos
1061 2229 1129 2260 cc.

246 2291 345 2338 post
364 2291 540 2326 exactos
571 2296 714 2338 reges,
745 2283 1036 2334 magistratum
1058 2295 1129 2323 cu·

244 2349 378 2389 rulem
408 2348 561 2400 gessit:
590 2347 704 2400 quod
732 2345 904 2399 quidem
936 2351 1056 2386 certe
1083 2347 1127 2386 in

245 2417 333 2452 tam
354 2412 472 2452 clara
503 2417 551 2452 et
584 2410 716 2451 nobili
747 2409 907 2450 familia
925 2409 1127 2450 accidere

246 2476 453 2528 potuisse,
485 2475 602 2516 nulla
639 2474 822 2526 ratione,
857 2479 907 2515 ut
937 2473 1126 2525 credam,

247 2538 404 2579 adduci
433 2550 621 2589 possum.
677 2538 736 2577 Et
766 2537 922 2578 tribuit
945 2537 1038 2577 haec
1059 2538 1128 2578 Ci-

246 2611 349 2642 cero
366 2602 519 2653 Bruto,
548 2600 709 2641 homini
739 2600 1012 2652 amicissimo,
1043 2613 1127 2641 non

247 2671 335 2705 tam
355 2676 471 2717 vere,
501 2677 627 2718 quam
647 2670 697 2705 ut
715 2664 1046 2716 pulcherrimum
1079 2665 1128 2704 il·

247 2728 320 2768 lud
340 2727 516 2779 factum,
551 2728 664 2781 quod
694 2739 773 2780 pro
805 2727 1004 2768 libertate
1027 2728 1128 2769 Rei-

245 2794 363 2846 publ.
385 2793 536 2846 gessit,
555 2792 770 2833 laudando
788 2792 1048 2832 extolleret:
1077 2803 1128 2832 ac

245 2857 383 2909 primo
402 2857 453 2896 L.
470 2856 667 2904 Brutum,
696 2854 852 2895 deinde
877 2855 1128 2907 progeniem

245 2919 354 2971 ejus,
381 2918 433 2959 P.
453 2919 506 2958 R.
527 2931 553 2958 a
572 2917 744 2970 regibus
773 2917 977 2958 liberasse
997 2917 1128 2969 signi·

245 2981 414 3023 ficaret.
448 2982 557 3022 Haec
576 2980 886 3021 illustrissimus
906 2979 1129 3031 Streinius‚

245 3045 287 3084 in
314 3044 518 3085 Gentium
553 3050 599 3085 et
629 3042 884 3083 familiarum
919 3043 1129 3083 Romano-

249 3119 341 3147 rum
359 3106 625 3147 Stemmatis.

303 3169 487 3211 Marcelli
503 3168 659 3208 Claudii
671 3170 720 3209 de
735 3167 1029 3220 Marcellorum]
1055 3167 1128 3208 ΑΙ-

245 3241 342 3277 tera
380 3235 472 3274 haec
507 3232 781 3274 Claudiorum
820 3246 926 3286 gens
964 3241 1046 3286 est,
1081 3240 1128 3276 et

245 3297 416 3351 quidem
456 3295 637 3349 plebeia.
710 3296 981 3349 Regillenses
1013 3298 1126 3338 enim

249 3360 429 3411 Claudii,
446 3359 560 3399 idem
580 3358 755 3398 Pulchri
770 3365 815 3398 et
835 3359 1033 3400 Nerones
1052 3371 1127 3411 pa-

248 3424 363 3464 tricii
393 3429 507 3469 sunt,
543 3421 700 3474 plebeii
737 3421 951 3464 Marcelli.
1008 3422 1128 3464 Licet

250 3492 391 3527 autem
409 3485 597 3528 conditio
615 3486 763 3526 barum
779 3485 968 3537 gentium
987 3485 1126 3526 diver-

1959 237 2068 290 695

1182 392 1230 420 sa
1249 379 1320 430 sit,
1337 378 1546 430 originem
1579 380 1699 417 certe
1727 373 1948 426 utriusque
1968 381 2069 424 gen·

1186 444 1241 483 tis
1260 443 1440 484 eandem
1460 453 1554 482 esse
1582 440 1748 492 opinor.
1802 436 2068 478 Plutarchus

1186 505 1464 546 Posidonium
1511 508 1699 552 secutus,
1744 500 1996 541 Marcellum
2044 511 2070 538 a

1174 569 1332 612 ‚Marte
1351 567 1545 617 deducit,
1572 565 1685 619 quod
1713 564 1843 605 facile
1862 561 2070 613 concedo,

1187 632 1255 672 vel
1295 629 1562 683 antiquitatis
1601 640 1743 669 causa.
1816 626 1930 667 Illud
1968 637 2071 666 sane

1188 693 1423 747 permirum
1460 691 1564 732 mihi
1595 691 1783 742 videtur,
1811 689 1923 743 quod
1955 688 2070 729 idem

1188 758 1253 798 M.
1271 754 1512 806 Claudium,
1542 753 1615 806 qui
1647 752 1842 805 quintum
1861 752 1957 792 Cos.
1975 750 2071 801 fuit,

1187 821 1460 869 Marcellum,
1482 822 1662 871 propter
1679 816 1892 869 egregiam
1911 815 1974 855 rei
1993 815 2072 855 mi·

1187 885 1325 925 litaris
1343 882 1582 934 scientiam,
1608 880 1789 933 primum
1807 878 2071 919 nominatum

1188 947 1351 989 scribit.
1421 945 1631 986 Veterum
1681 943 1795 983 enim
1840 941 2072 983 Annalium

1188 1015 1476 1061 monumenta,
1496 1021 1591 1063 quae
1622 1012 1669 1049 et
1687 1007 1833 1047 Livius
1851 1011 1897 1047 et
1916 1005 2073 1059 reliqui

1186 1075 1320 1116 secuti
1339 1078 1642 1126 sunt‚patrem
1660 1077 1707 1111 et
1733 1082 1856 1110 avum
1884 1069 2074 1109 Marcel·

1188 1141 1276 1180 lum
1297 1139 1531 1191 appellant.
1587 1134 1733 1188 Atque
1758 1133 1928 1174 unicum
1949 1131 2073 1184 hujus

1191 1204 1331 1256 gentis
1364 1211 1615 1253 cognomen,
1644 1200 1724 1239 hoc
1757 1203 1839 1247 est,
1875 1195 1991 1248 quod
2028 1195 2071 1235 in

1189 1267 1283 1308 aliis
1300 1264 1484 1306 fortasse
1503 1262 1704 1316 gentibus
1719 1273 1802 1301 non
1818 1261 1922 1300 item
1941 1274 1951 1299 :
1981 1265 2074 1300 ree,-

1191 1329 1278 1370 tius
1297 1334 1417 1370 certe
1435 1325 1658 1376 familiam,
1671 1336 1796 1378 quam
1811 1329 1981 1375 gentem
1999 1325 2072 1374 ap-

1191 1391 1436 1449 pellaveris,
1453 1401 1583 1443 quum
1603 1400 1705 1440 gens
1720 1399 1774 1428 ex
1791 1386 1935 1426 multis
1952 1384 2073 1425 fami·

1190 1454 1256 1494 liis
1275 1458 1458 1493 constet.
1486 1452 1610 1492 Idem.

1245 1518 1310 1559 De
1328 1513 1625 1567 Marcellorum]
1666 1512 1781 1557 Quid
1801 1512 2074 1566 subjiciemus

1190 1582 1288 1623 huic
1309 1579 1639 1637 praepositionis,
1666 1579 1791 1631 stirpe
1819 1590 1873 1618 an
1883 1574 2076 1629 familia?

1191 1651 1297 1698 puto
1333 1657 1428 1686 eam
1456 1643 1682 1684 delendam
1714 1653 1809 1682 esse
1854 1646 1900 1682 et
1931 1641 1998 1680 hic
2028 1645 2076 1680 et

1190 1726 1306 1764 mox,
1338 1713 1403 1753 uti
1432 1711 1575 1763 paullo
1610 1714 1711 1750 ante
1742 1707 1791 1748 τὸ
1821 1707 2077 1757 enumeravit,

1188 1778 1390 1818 Schottus
1410 1774 1756 1828 praepositionem
1777 1785 1803 1813 a
1822 1771 2074 1826 quibusdam

1188 1840 1362 1892 scriptis
1381 1839 1531 1879 abesse
1549 1843 1750 1878 testatur.

1244 1903 1440 1955 Scipionis
1478 1901 1652 1942 Cornelii
1681 1905 1719 1941 et
1754 1899 1872 1940 Fabii
1898 1898 2076 1939 Maximi

1190 1969 1239 2008 de
1262 1964 1547 2016 Corneliorum]
1578 1963 1853 2016 Amplissima
1871 1961 2076 2002 omnium-

1193 2043 1276 2083 que
1295 2030 1486 2082 gentium
1505 2026 1768 2068 nobilissima
1801 2025 2002 2066 Cornelia
2019 2023 2075 2064 ab

1193 2094 1379 2146 antiquis
1399 2098 1465 2132 est
1482 2091 1642 2142 habita,
1658 2095 1704 2130 et
1719 2080 2003 2142 quidem‘jure
2024 2100 2076 2128 ac

1190 2157 1359 2198 merito.
1411 2156 1512 2196 Sive
1537 2154 1650 2195 enim
1679 2144 1932 2204 dignitatem
1953 2163 2077 2204 spec-

1191 2227 1258 2263 tes
1277 2219 1546 2269 familiarum,
1576 2217 1668 2258 sive
1700 2216 1831 2256 etiam
1864 2214 2076 2267 praeclara

1190 2283 1235 2325 in
1275 2281 1604 2335 Rempublicam
1640 2279 1808 2330 merita,
1847 2289 2076 2330 rerumque

1191 2355 1407 2401 gestarum
1442 2343 1779 2398 magnitudinem
1815 2340 2075 2391 consideres,

1189 2421 1334 2451 omnes
1348 2413 1468 2449 certe
1485 2407 1671 2448 omnium
1686 2405 1876 2459 gentium
1892 2404 2075 2443 virtutes

1187 2473 1316 2526 hujus
1335 2471 1564 2525 splendore
1582 2470 1877 2511 obscurantur.
1931 2466 1998 2507 Ac
2018 2466 2073 2506 de

1190 2537 1354 2588 origine
1373 2535 1478 2575 nihil
1497 2534 1598 2575 mihi
1615 2531 1818 2573 occurrit.
1873 2529 2074 2570 Familias

1191 2599 1435 2652 praecipuas
1451 2602 1634 2650 quatuor
1662 2594 1860 2647 reperio:
1892 2604 2073 2646 quarum

1191 2675 1277 2702 una
1307 2660 1667 2712 Maluginensium
1700 2663 1781 2710 est,
1811 2657 1950 2696 altera
1984 2655 2076 2695 Sci-

1191 2725 1383 2778 pionum,
1412 2722 1660 2764 Rufinornm
1693 2720 1839 2771 tertia,
1858 2723 2074 2772 postrema

1191 2790 1487 2830 Lentulorum.
1542 2785 1796 2827 Dolabellas
1827 2784 1955 2833 enim,
1974 2780 2074 2823 Cin·

1191 2867 1285 2904 nas,
1303 2854 1512 2903 Merulas,
1536 2858 1582 2893 et
1609 2851 1645 2891 si
1673 2850 1746 2904 qui
1764 2855 1862 2890 snut
1878 2848 1966 2899 alii,
1983 2848 2074 2901 pie-

1190 2918 1310 2959 beios
1329 2917 1490 2970 potius,
1509 2927 1635 2969 quam
1655 2912 1860 2967 patricios
1878 2910 2072 2952 credide·

1192 2982 1288 3023 rim.
1314 2981 1425 3022 Vide
1438 2980 1620 3021 eundem
1632 2977 1866 3019 Streinium
1879 2975 1933 3016 de
1944 2980 2072 3027 gente

1191 3044 1408 3086 Cornelia.
1437 3043 1491 3084 P.
1513 3043 1552 3084 N
1558 3041 1729 3082 annium
1750 3039 1804 3079 de
1823 3038 1953 3079 claris
1971 3038 2075 3077 Cor-

1191 3109 1330 3150 neliis.
1359 3113 1405 3149 et
1424 3108 1473 3149 C.
1490 3105 1652 3158 Sigonii
1670 3103 1915 3155 Scipionem
1941 3099 2071 3142 AEmi·

1190 3173 1364 3213 lianum.

1247 3233 1476 3284 Fabiorum]
1507 3230 1591 3274 Qui
1610 3229 1816 3282 originem
1843 3228 1896 3269 ad
1918 3227 2073 3270 Abori-

1191 3297 1327 3348 gines,
1362 3296 1540 3347 stirpem
1573 3293 1626 3334 ad
1661 3292 1838 3334 Fabium
1871 3292 2074 3334 Herculis

1189 3358 1323 3399 tilium
1355 3357 1562 3399 referunt.
1619 3356 1767 3398 Primo
1801 3356 1923 3399 Fodii
1959 3356 2073 3396 dice-

1190 3421 1349 3462 bantur
1385 3420 1439 3460 ab
1477 3431 1676 3471 agrorum
1706 3418 1928 3469 fossionc;
1971 3417 2070 3457 inde

1192 3484 1327 3526 Fabii.
1382 3484 1464 3524 Vel
1501 3494 1526 3523 a
1551 3481 1689 3533 sabin
1730 3489 1780 3524 ut
1814 3483 2009 3531 Pisones,
2045 3492 2071 3517 a
