2306 3900
302 221 432 286 xciv

1101 229 1302 275 INDEX

357 371 384 408 2
425 363 674 415 scopulosum
701 373 790 409 xxv,
806 364 862 404 10
907 372 1012 401 mare
1049 365 1176 401 tutum
1239 358 1481 400 Mediocri„
1510 370 1590 399 non
1618 357 1822 399 mediocris
1839 356 2110 398 estindustria

356 419 516 458 reddere
540 415 586 462 ii,
603 419 629 457 2
670 415 784 456 maris
814 414 1053 467 principatus
1081 428 1176 455 con-

1292 413 1481 468 (eximiae‚
1500 411 1726 465 singularis)
1753 425 1843 456 ΧΠ,
1864 414 1915 451 13

358 479 547 511 troversus
573 468 656 515 xiii,
673 472 700 509 2
727 467 823 509 mari
858 470 978 509 duces
1012 467 1177 515 Athen„
1239 467 1427 506 Meditari
1443 465 1572 505 animo
1590 465 1736 526 aliquid
1765 463 2021 518 (constituere
2048 476 2112 514 ap.

312 563 315 566 ,
355 524 453 566 ibid.
497 522 591 563 mari
625 534 686 563 res
721 534 880 574 magnas
917 534 1048 573 gerere
1077 521 1132 569 ix,
1153 526 1175 562 1

355 577 451 620 mari
467 582 509 618 et
526 581 624 616 terra
647 574 793 617 bellum
821 573 942 615 alicui
969 574 1109 615 inferre
1135 575 1179 622 ii,

355 635 382 673 2
403 628 532 672 alibi:
561 634 660 670 terra
677 628 850 681 marique
877 627 955 674 xxi,
976 631 997 668 1
1028 627 1122 668 mari
1139 635 1180 668 et

358 690 459 726 terra
474 683 596 724 duces
614 688 725 723 erant
740 681 1032 724 Lacedaemonii
1056 681 1114 730 iii,
1134 686 1160 723 2

301 736 490 780 maritimi
520 736 671 788 imperii
697 749 845 776 summa
861 736 912 774 ab
929 735 1179 775 Lacedaemo-

352 790 430 830 niis
461 789 682 830 transfertur
710 790 762 830 ad
790 789 1052 830 Athenienses
1076 789 1134 836 iii,
1152 793 1178 829 2

354 843 615 896 principatum
626 841 913 883 Lacedaemonii
929 841 1180 882 Atheniensi·

353 898 427 936 bus
456 898 679 940 concedunt.
703 896 785 942 xiii,
803 899 830 936 2
869 895 1049 935 maritimi
1080 908 1179 948 prae-

355 952 478 991 dones
496 949 677 1004 (piratas)
704 949 746 997 ii,
765 953 791 990 2
818 949 961 990 fluctus
987 962 1077 997 xxv,
1094 953 1122 989 6

301 1003 452 1048 Marius
469 1003 590 1047 hostis
612 1002 816 1055 judicatus
829 1001 989 1054 juvatur
1006 1003 1057 1042 ab
1074 1001 1178 1041 Atti-

357 1071 404 1097 co
432 1071 522 1104 xxv,
541 1061 568 1097 2
1036 1088 1039 1091 .

301 1111 507 1154 Mar-moris
524 1115 653 1152 crusta
665 1108 830 1162 primurn
846 1107 1010 1160 parietes
1018 1107 1180 1162 operuit

356 1165 574 1211 Mamurra,
594 1163 656 1203 Fr.
677 1166 730 1203 10

301 1218 536 1270 Massagetae
551 1216 690 1270 populi
703 1215 875 1270 Scythiae
887 1214 1072 1259 Asiaticae
1100 1215 1178 1262 xxi,

301 1324 433 1367 Mater
450 1325 552 1376 patri
573 1323 733 1376 praelata
761 1335 785 1362 a
815 1322 1052 1363 Menestheo
1080 1321 1133 1369 xi,
1153 1326 1177 1362 3

354 1378 426 1420 filii
458 1390 612 1429 poenam
636 1382 839 1428 promovet
864 1375 919 1423 iv,
939 1381 962 1416 5
991 1380 1114 1415 mater
1131 1376 1180 1413 ti-

354 1431 452 1473 midi
468 1432 560 1472 flere
577 1444 657 1469 non
671 1430 771 1469 solet
783 1428 1071 1482 (proverbium)
1099 1429 1180 1476 viii,

354 1489 381 1527 2
408 1484 708 1529 materfamilias,
727 1482 844 1522 Praef.

301 1538 515 1580 Matrieida
546 1534 848 1590 (μητροκτόνος)
889 1549 953 1582 xv,
973 1540 1000 1576 6
1031 1534 1098 1589 (v.
1129 1536 1180 1574 de

353 1593 427 1631 hac
445 1604 540 1631 voce
557 1592 689 1630 Savar.
707 1591 757 1629 ad
776 1589 911 1627 Sidon.
929 1601 1046 1627 carm.
1065 1588 1114 1640 6)

301 1644 613 1685 ianatrimonio
632 1644 774 1682 habere
792 1642 976 1693 aliquam,
996 1641 1113 1681 Praef.
1142 1655 1180 1689 ν,

356 1703 395 1740 1.
422 1712 463 1745 x,
483 1703 506 1739 1

301 1751 498 1792 Maturare
517 1751 634 1790 alicui
651 1755 812 1789 mortem
828 1747 1086 1801 (accelerare)
1114 1749 1180 1795 xii,

354 1809 381 1851 4
408 1805 495 1858 (Sic
524 1805 662 1845 Cicero
691 1816 759 1854 pro
789 1802 840 1841 A.
871 1803 1029 1842 Cluent.
1059 1808 1071 1826 ‘
1089 1803 1180 1842 huic

353 1864 517 1898 mortem
535 1858 753 1898 maturabat
772 1856 1001 1908 inimicus').
1048 1857 1180 1896 conci-

356 1919 459 1954 tatus
473 1918 533 1952 est
546 1913 597 1951 ad
614 1911 884 1958 maturandum
917 1910 1025 1963 (scil.
1045 1911 1181 1963 incep-

355 1967 460 2020 tum)
487 1981 527 2012 x,
547 1969 573 2006 8

300 2020 460 2059 Mature
496 2020 687 2060 decedere
723 2017 840 2071 (cito,
877 2023 970 2056 ante
1005 2016 1180 2070 tempus)

354 2088 429 2113 xxv
462 2077 489 2114 2

300 2103 477 2168 Maxime
505 2123 774 2179 (praecipue):
806 2137 895 2164 cum
927 2137 1027 2164 unus
1058 2124 1182 2163 omni-

355 2194 422 2221 um
458 2181 623 2219 maxime
658 2179 814 2218 floreret
841 2179 868 2225 i,
904 2182 922 2218 1
971 2178 1063 2218 Sic:
1093 2191 1183 2217 cum

355 2249 457 2274 unus
475 2234 518 2272 in
535 2234 692 2273 civitate
724 2232 889 2271 maxime
919 2231 1073 2270 floreret
1098 2245 1137 2277 v,
1157 2235 1181 2270 3

356 2288 425 2328 uni
443 2287 535 2326 huic
553 2286 718 2325 maxime
744 2285 976 2337 indulgebat
1004 2299 1042 2331 x,
1061 2288 1087 2323 2
1117 2284 1183 2323 Ci-

354 2341 520 2386 ceronis,
548 2345 594 2377 ut
623 2339 691 2389 qui
718 2339 884 2375 maxime
918 2337 1065 2376 amicus
1095 2337 1182 2383 fuit,

355 2393 417 2433 Fr.
434 2397 462 2434 4
483 2392 671 2445 (formula
690 2389 895 2442 αὐξητυιή)

303 2446 444 2486 Media
470 2444 578 2491 xviii,
596 2450 622 2485 8
649 2444 779 2497 (Asiae
806 2444 915 2495 regio
948 2443 998 2481 ab
1029 2442 1183 2482 Occasu

356 2507 571 2540 transversa
600 2497 759 2550 oblique
778 2496 948 2536 Parthiae
960 2509 1184 2543 occurrens.

355 2566 394 2593 v.
413 2553 519 2592 Plin.
536 2551 593 2591 N.
611 2551 666 2591 H.
695 2550 748 2599 vi,
766 2549 843 2603 26)

301 2606 419 2648 Medi
437 2622 446 2645 ι
477 2619 525 2644 ex
544 2605 678 2646 Medis
695 2604 789 2659 (pro
806 2617 830 2643 e
847 2601 1007 2655 Media)
1036 2602 1142 2650 xviii,
1160 2607 1185 2643 8

383 2675 422 2701 ν.
442 2659 552 2702 Gens

306 2662 470 2754 Mgdica
495 2657 611 2752 ves)tis
637 2709 781 2763 (fluida
812 2717 853 2750 et
882 2708 1106 2762 perlucida)
1133 2708 1187 2756 iv,

357 2772 382 2808 3
412 2767 538 2820 (adde
553 2764 790 2804 Freinshem.
808 2765 860 2803 ad
875 2765 987 2804 Curt.
1016 2763 1067 2811 vi,
1086 2767 1128 2811 6,
1145 2766 1186 2803 4.

360 2828 402 2861 et
418 2820 592 2861 Brisson.
612 2819 663 2858 de
682 2831 790 2870 regn.
808 2819 918 2861 Pers.
935 2816 985 2870 2)

304 2873 462 2914 Mederi
499 2871 670 2912 satietati
705 2872 858 2911 lectoris
895 2871 967 2924 (ne
1009 2869 1187 2910 satietate

359 2928 612 2973 obtundatur,
632 2924 792 2978 cavere)
819 2924 898 2972 xvi,
918 2928 939 2965 l

306 2979 516 3021 Medicina
547 2992 670 3018 annos
698 2991 805 3019 xxx.
826 2991 907 3018 non
924 2976 1094 3030 indiguit
1111 2975 1187 3016 At-

361 3035 462 3074 ticus
489 3046 582 3079 xxV,
600 3036 652 3073 21

306 3089 492 3129 Medicus
516 3101 526 3126 t
569 3098 650 3138 quo
694 3085 762 3124 ille
806 3089 1041 3130 commotus,
1087 3083 1188 3136 patri

359 3138 606 3193 (Dionysio)
650 3151 829 3191 soporem
875 3137 1049 3178 medicos
1094 3137 1186 3176 dare

306 3196 630 3299 Μὲεῗῗωὲῗυῖἂῐ
657 3244 933 3287 Medimnum:
961 3243 1187 3285 Graecorum

360 3313 553 3347 mensura,
593 3298 795 3339 Romanos
832 3312 900 3338 sex
934 3298 1087 3338 modios
1122 3309 1186 3337 ea-

361 3366 473 3446 &32¹5
475 3352 965 3447 {dffivgfifflffiff
966 3352 1064 3447 hild
1064 3351 1190 3446 {51:312ss

362 3457 433 3501 nb·
453 3462 490 3502 ιο
508 3471 598 3511 Μ·
616 3458 664 3510 ⁶)

1294 520 1358 574 se)
1385 519 1478 568 xvii,
1496 523 1523 561 4
1563 521 1732 560 medxtor
1763 519 1838 558 hoc
1867 517 1995 557 facere
2020 518 2114 563 xxii,

1241 626 1368 667 Melle
1396 625 1530 680 (cera)
1559 626 1724 666 cadaver
1755 623 1921 677 alicujus
1948 623 2114 664 circum·

1293 681 1458 721 fundere
1484 680 1579 727 xvii,
1595 683 1622 721 8

1241 734 1423 787 Melpum
1443 734 1559 787 (opp.
1577 731 1704 772 Italioe
1720 728 1974 784 Transpad.),
1991 728 2059 770 Fr..
2071 733 2098 769 7

1242 788 1398 828 Memor
1433 793 1640 839 gratusque
1685 786 1876 838 (quodam
1914 783 2116 825 sententiae

1296 853 1438 893 genere
1463 838 1625 892 juncta)
1652 851 1742 884 xxv,
1761 843 1788 879 9
1826 850 1973 878 memor
1998 837 2117 877 virtu-

1295 900 1378 933 tum
1408 893 1652 945 pristinarum
1678 891 1787 938 xxiii,
1814 895 1866 931 12
1929 903 2009 930 non
2037 896 2117 931 tum

1253 983 1256 989 ,
1294 947 1492 994 memoria,
1521 958 1636 998 quam
1664 945 1858 984 memoria
1951 943 2064 984 cacia
2078 950 2120 983 et

1294 1000 1494 1041 instinctio
1512 1001 1563 1039 ad
1581 999 1729 1050 aliquid
1746 1003 1916 1038 notatur.
1942 996 2103 1050 Boecl.)

1244 1054 1438 1095 Memoria
1466 1053 1592 1092 laudis
1618 1052 1700 1099 xiii,
1718 1056 1745 1093 2
1786 1049 1929 1092 laboris
1944 1050 2119 1090 milit-sis

1295 1107 1442 1160 (fama)
1468 1107 1545 1154 xix,
1566 1110 1588 1146 l
1616 1105 1766 1157 imperii
1781 1105 1923 1159 (gloria
1940 1118 1986 1144 ex
2009 1110 2119 1156 gesto

1295 1160 1413 1214 imp.)
1439 1160 1496 1206 iii,
1515 1164 1542 1201 2
1581 1160 1765 1199 memoria
1781 1157 2027 1199 contumeliae
2054 1170 2119 1204 xv,

1297 1219 1322 1256 7
1358 1214 1543 1254 memoria
1574 1213 1719 1265 duplex
1754 1214 1806 1252 de
1841 1212 2000 1252 interitu
2034 1210 2120 1264 ejus

1297 1267 1443 1321 (fama)
1470 1266 1578 1314 xxiii,
1597 1271 1623 1307 8
1650 1266 1834 1306 memoria
1853 1267 2027 1306 testatior
2053 1265 2121 1312 rii,

1294 1325 1323 1362 4
1366 1321 1560 1361 memoriae
1589 1321 1755 1372 prodere
1773 1319 1938 1373 aliquid,
1964 1319 2043 1367 vel,
2067 1320 2122 1358 de

1298 1374 1430 1428 aliqua
1446 1388 1488 1415 re
1514 1375 1558 1421 ii,
1575 1378 1641 1415 10.
1682 1374 1748 1421 vii,
1769 1377 1809 1414 1.
1851 1373 1905 1421 xi,
1924 1377 1950 1414 8
1979 1386 2120 1422 memo-

1254 1462 1256 1464 .
1296 1429 1390 1468 riam
1423 1434 1591 1468 veterem
1624 1427 1742 1479 patris
1776 1427 1977 1466 renovavit
2005 1426 2121 1479 juxta

1297 1483 1425 1534 posita
1459 1494 1593 1521 recens
1629 1481 1700 1519 filii
1735 1485 1863 1519 statua
1888 1479 1971 1527 xiii,
2000 1485 2027 1522 2
2067 1481 2120 1519 ad

1297 1541 1467 1574 nostram
1493 1534 1712 1573 memoriam
1742 1539 1966 1574 manserunt
1983 1546 2122 1573 monu-

1298 1594 1429 1628 menta
1446 1587 1532 1638 ejus
1546 1586 1692 1639 (usque
1709 1587 1758 1625 ad
1777 1593 1909 1626 nostra
1925 1586 2123 1640 tempora)

1297 1641 1340 1688 ii,
1356 1645 1406 1681 10
1435 1641 1521 1693 (Sic
1536 1641 1680 1692 passim
1693 1639 1846 1688 Cicero,
1861 1641 2008 1689 Livius,
2021 1641 2123 1693 alii).

1297 1694 1466 1733 maxima
1510 1700 1600 1746 post
1643 1693 1845 1733 hominum
1898 1697 2122 1738 memoriam

1296 1748 1428 1788 classis
1457 1748 1500 1796 ii,
1518 1754 1542 1788 5
1574 1747 1660 1787 Sic:
1688 1747 1846 1786 maximi
1875 1754 1968 1800 post
1997 1749 2122 1794 homi-

1297 1815 1392 1840 num
1410 1802 1634 1841 memoriam
1649 1801 1842 1840 exercitus
1869 1801 1949 1849 xxi,
1969 1805 2004 1843 1>
2021 1814 2123 1842 unus

1298 1861 1389 1908 post
1412 1855 1612 1903 hominum
1642 1854 1864 1895 memoriam
1891 1856 2124 1906 cognomine

1297 1909 1434 1949 Justus
1465 1909 1685 1961 appellatus
1715 1913 1775 1946 est
1801 1908 1857 1956 iii,
1879 1912 1902 1948 1
1932 1908 2020 1961 (Sic
2051 1922 2124 1950 εω-

1297 1963 1456 2015 pissime
1489 1969 1531 2002 et
1560 1961 1627 2001 alii
1657 1961 1792 2001 locuti.
1846 1961 1957 2008 Quin
1985 1963 2124 2005 cioero

1296 2017 1492 2056 interdum
1517 2015 1759 2068 conjunctim
1788 2021 1799 2038 ¹
1818 2016 2003 2056 memoria
2026 2023 2123 2056 tem-

1297 2069 1497 2123 poraque.'
1549 2083 1587 2108 v.
1624 2083 1662 2122 g.
1695 2068 1804 2108 Orat.
1835 2069 1878 2108 in
1909 2069 1956 2110 P.
1987 2069 2124 2109 Servil-

1295 2123 1488 2162 Rullum:
1538 2129 1549 2146 ‘
1577 2136 1640 2162 me
1688 2122 1876 2175 perlongo
1920 2122 2123 2162 intervallo

1297 2190 1421 2230 prope
1450 2177 1646 2216 memoriae
1665 2182 1962 2228 temporumque
1975 2184 2125 2216 nostro-

1297 2243 1396 2277 rum,
1424 2231 1590 2282 primum
1607 2229 1804 2269 hominem
1822 2242 1968 2270 novum
1983 2243 2125 2271 consu-

1298 2283 1372 2322 lem
1390 2283 1565 2323 fecistis?
1592 2282 1746 2334 Vorst.)
1774 2283 1959 2322 memoria
1983 2284 2125 2336 dignus

1298 2337 1376 2374 dux
1395 2335 1696 2389 (memorabilis)
1724 2336 1806 2382 xiii,
1823 2339 1864 2376 4.
1891 2337 1971 2384 xxi,
1992 2341 2014 2378 1
2044 2351 2125 2376 me-

1298 2388 1420 2429 moria
1449 2389 1571 2442 digna
1599 2388 1680 2439 (res
1699 2390 1988 2443 memorabiles)
2015 2404 2079 2437 xv,
2100 2395 2120 2430 l

1298 2442 1484 2481 memoria
1511 2441 1718 2481 immortali
1743 2442 1908 2482 retinere
1935 2444 2127 2484 beneficia

1299 2501 1488 2556 percepta
1515 2509 1605 2541 xxv,
1626 2498 1675 2534 11
1739 2541 1742 2544 ,

1247 2548 1504 2588 Mendacium
1535 2549 1667 2600 neque
1695 2547 1867 2596 dicebat,
1885 2562 2014 2602 neque
2043 2550 2127 2602 pati

1302 2608 1458 2654 poterat
1476 2602 1549 2656 (de
1563 2600 1716 2649 Attico,
1729 2601 1798 2654 qui
1815 2615 1944 2655 neque
1962 2603 2127 2643 mentie-

1304 2657 1416 2695 batur
1440 2656 1541 2708 ipse,
1569 2667 1700 2707 neque
1729 2657 1983 2696 mentientem
2007 2656 2125 2696 alium

1302 2709 1493 2749 sustinere
1518 2716 1562 2749 et
1591 2709 1811 2750 auscultare
1833 2709 2009 2763 poterat)
2034 2724 2126 2757 xxv,

1304 2767 1354 2804 15
1381 2762 1460 2815 (Ex
1478 2776 1558 2815 quo
1572 2763 1660 2803 loco
1686 2763 1820 2810 claret,
1835 2776 1917 2803 non
1933 2776 2020 2803 esse
2037 2776 2127 2815 per-

1302 2822 1463 2868 petuum
1472 2816 1679 2857 discrimen
1687 2817 1789 2857 inter
1794 2816 1845 2857 τὸ
1857 2822 1869 2841 ‘
1879 2817 2127 2857 mendacium

1301 2869 1444 2909 dicere’
1472 2876 1514 2910 et
1549 2875 1561 2894 ‘
1574 2870 1757 2917 mentiri‚'
1785 2871 1837 2911 de
1865 2884 1944 2924 quo
1973 2870 2128 2910 Gellius

1301 2922 1356 2962 N·
1392 2924 1445 2963 A·
1481 2923 1550 2963 lib·
1589 2928 1654 2965 11·
1691 2937 1780 2976 cap·
1819 2928 1885 2966 11·
1943 2922 2128 2964 ffimffioe‘

1301 2982 1312 2999 ‘
1331 2977 1579 3017 mendacium
1625 2977 1770 3017 dicere'
1816 2990 1886 3030 pro
1931 2983 1945 3002 ⁴
1957 2976 2124 3017 mentiri’

1301 3037 1463 3123 lissurpat
1493 3031 1659 3070 Plautus
1690 3031 1883 3071 Bacchid.
1909 3029 1968 3079 iii,
1996 3034 2039 3079 4,
2057 3033 2124 3071 8⁰.

1345 3090 1437 3123 orst.

1247 3083 1497 3181 Meneclides
1528 3137 1788 3191 (obtrectator
1820 3133 2125 3191 Epaminondas)

1302 3203 1366 3238 xv,
1387 3196 1412 3232 5

1248 3242 1425 3285 Menelai
1441 3250 1575 3297 portus
1602 3244 1694 3291 xvii,
1711 3248 1738 3286 8
1783 3243 1886 3298 (vid.
1913 3243 2038 3284 strab.
2055 3239 2124 3282 lib.

1304 3302 1343 3338 1.
1362 3304 1404 3338 et
1423 3297 1494 3337 ult.
1510 3297 1674 3349 Lamb.)

1248 3351 1506 3392 Menestheus
1522 3352 1646 3405 (filius
1664 3349 1871 3404 Iphicrat.)
1895 3349 1949 3395 xi,
1968 3352 1994 3389 ⁸
2041 3360 2122 3387 ma-

1303 3411 1399 3445 trem
1427 3405 1546 3458 pluris
1576 3405 1684 3451 facit,
1706 3417 1828 3495 Iquarn
1845 3408 2008 3455 patrem,
2024 3400 2123 3440 ibid.

1303 3459 1348 3497 m
1361 3465 1502 3512 prem
1527 3458 1609 3506 xiii,
1629 3461 1654 3498 s
1682 3457 1702 3510 (
1740 3457 1779 3497 d.
1799 3454 2123 3507 Ultraj.1.ongol.
