2306 3900
338 235 446 288 654

336 364 580 416 λεμήσῑιντι,
607 365 653 405 ἐκ
680 364 723 406 δὲ
752 364 990 415 δημοκοπίας
1019 364 1222 419 ‘repet-rm

337 429 559 482 Οὐάρῥωνα,
576 427 710 469 arom&
728 428 861 471 αὐτοῖς
879 430 924 471 ἐκ
948 431 1021 479 τῆς
1037 429 1224 480 συνήθους

336 491 562 544 δοξοκοπίας
580 491 901 543 ὑιησχνούμενον.
929 495 1123 536 Marmor
1137 495 1222 536 Ro·

334 569 503 598 manum
523 556 580 597 de
597 556 826 609 triumphis
840 557 967 610 hujus
984 557 1164 598 AEmilii:

461 631 500 662 1..
531 630 727 661 AEmxnvs
757 630 796 661 1..
825 630 865 662 r.
891 630 1088 661 Pavuvs

515 694 608 726 coS.
635 695 690 724 11.
709 694 843 725 cuns.
870 693 1045 725 avem.

546 757 878 789 'rmvnn’xuvrr
901 757 1005 789 Tun.

332 814 414 855 Vir
426 813 510 855 fnit
520 813 565 854 in
581 818 749 855 tantum
763 813 1016 866 laudandus,
1032 813 1076 854 in
1090 825 1220 867 quan·

333 883 427 918 tum
444 877 630 930 intelligi
648 877 783 918 virtus
803 881 962 929 potest.
993 876 1104 917 Vide
1117 877 1220 918 Vel·

332 941 478 993 leium,
512 946 559 982 et
593 940 828 981 Auctorem
859 939 934 992 qui
962 939 1074 980 vitas
1117 943 1219 980 con-

333 1005 508 1057 scripsit
531 1006 603 1045 De
629 1003 744 1043 Viris
763 1002 1023 1044 Illustribus.
1064 1003 1218 1044 Keuca.

334 1068 422 1109 Hic
450 1068 494 1108 in
524 1078 671 1120 pugna
703 1066 907 1108 occubuit
933 1066 1092 1107 iterum
1121 1067 1218 1108 Cos.

332 1131 388 1173 A.
408 1132 462 1173 U.
481 1131 537 1172 C.
552 1134 649 1172 53⁷.
731 1168 740 1176 .

391 1195 605 1248 Utriusque
622 1193 818 1235 exercitus
833 1205 910 1234 uno
933 1193 1072 1246 prelio
1091 1192 1218 1245 fuga-

330 1257 410 1310 vit]
451 1256 588 1312 Atqui
605 1258 687 1299 hoc
705 1262 904 1312 quartum
930 1262 978 1297 et
1008 1268 1136 1309 poene
1153 1256 1217 1296 ul·

332 1322 485 1363 timum
504 1323 659 1363 vulnus
678 1321 864 1375 imperii.
895 1322 1063 1362 Florus.
1100 1321 1217 1372 Pug-

330 1388 429 1427 nam
447 1387 714 1428 Cannensem
728 1391 774 1426 et
788 1385 879 1438 ejus
895 1390 1097 1425 eventum
1111 1384 1215 1424 mul·

333 1448 389 1488 tis
417 1449 562 1490 verbis
590 1453 813 1501 exponunt
844 1448 1052 1500 Polybius
1081 1453 1128 1488 et
1146 1447 1215 1487 Li·

330 1511 441 1563 vius,
459 1523 554 1566 quoe
584 1513 758 1564 longum
783 1511 840 1552 sit
870 1509 1047 1552 referre.
1103 1511 1215 1551 Haec

329 1587 494 1617 summa
510 1580 604 1618 estz
634 1577 758 1617 Caesa
775 1579 877 1615 sunt
895 1585 946 1615 eo
965 1573 1116 1626 praelio
1130 1574 1215 1614 Ro·

328 1641 550 1681 manorum
565 1639 848 1693 quadraginta
863 1638 1055 1691 quinque
1067 1637 1216 1689 millia,

330 1715 428 1744 cum
457 1703 611 1744 Paullo
642 1702 854 1754 Consule,.
873 1705 920 1740 et
938 1699 1215 1740 senatoribus

331 1778 473 1810 xxxx.
499 1766 807 1809 Consularibus
838 1770 969 1818 atque
1002 1763 1217 1816 praetoriis

331 1837 408 1873 aut
427 1831 616 1872 aedilitiis
646 1829 838 1883 triginta.
891 1827 1071 1869 Lambin.
1127 1826 1215 1868 Alii

329 1894 616 1948 quadraginta
645 1892 779 1933 millia
808 1891 1004 1944 peditum
1029 1895 1214 1941 tantum,

330 1970 566 2011 eorumque
585 1955 767 1998 Romani
793 1954 991 2004 nominis,
1017 1953 1072 1994 ad
1105 1954 1215 1995 Can·

329 2034 406 2062 nas
425 2033 538 2063 caesa
556 2020 720 2061 volunt.
767 2019 880 2059 Nam
899 2017 1090 2070 equitum
1106 2029 1216 2071 prae-

330 2092 452 2126 terea
469 2085 556 2126 duo
573 2084 709 2125 millia
724 2089 771 2124 et
802 2083 1084 2137 septingenti.
1137 2084 1215 2124 So·

331 2149 494 2189 ciorum
512 2160 616 2189 vero
635 2152 808 2201 aequata
827 2148 986 2189 caedes.
1041 2147 1213 2189 Livius:

329 2212 342 2232 ‘
361 2210 664 2263 Quadraginta
708 2210 841 2250 millia
879 2210 1090 2263 peditum,
1130 2210 1215 2251 duo

330 2272 464 2312 millia
495 2271 758 2324 septingenti
790 2272 975 2323 equites,
1007 2276 1054 2312 et
1093 2276 1216 2312 tanta

331 2346 471 2387 prope
500 2334 659 2375 civium
677 2334 974 2387 sociorumque
993 2346 1092 2386 pars
1109 2334 1216 2374 caesi

330 2395 560 2439 dicuntur!
616 2395 842 2449 Significat
859 2409 915 2437 ex
931 2396 1057 2437 sociis
1076 2402 1123 2437 et
1153 2397 1214 2437 ci-

328 2459 452 2500 vibus
471 2471 636 2513 aequam
663 2464 832 2512 partem
851 2459 1076 2501 cecidisse.
1130 2460 1214 2500 Ro·

329 2522 445 2563 mani
466 2530 556 2563 tum
575 2522 791 2563 exercitus
811 2534 863 2562 ex
883 2522 1050 2563 civibus
1073 2526 1119 2563 et
1147 2534 1215 2563 so-

328 2585 405 2626 ciis
437 2586 710 2627 constabant.
790 2584 963 2626 Auxilia
997 2597 1052 2625 ex
1089 2584 1215 2626 sociis

328 2650 503 2702 proprie
519 2649 778 2690 dicebantur
795 2649 985 2702 legiones
1005 2650 1214 2690 Romano-

328 2725 422 2753 rum
442 2712 612 2754 civium.
647 2713 878 2754 Exercitus
896 2711 1109 2753 sociorum
1121 2712 1213 2764 ple-

329 2788 507 2829 rumque
549 2787 729 2817 numero
775 2775 974 2829 aequabat
1021 2775 1212 2828 legiones

329 2841 557 2881 Romanas.
625 2839 797 2880 Livius:
825 2838 838 2860 ⁴
856 2839 976 2879 Data
994 2849 1071 2889 pro
1089 2836 1212 2890 quin-

330 2915 414 2956 que
433 2909 535 2944 octo
553 2903 686 2943 millia
704 2901 902 2953 militum,
920 2912 1022 2953 pars
1037 2899 1213 2940 dimidia

330 2967 462 3018 cives,
480 2978 581 3018 pars
602 2965 738 3006 socii.’
791 2966 946 3005 Utrum
967 2963 1099 3016 igitur
1118 2974 1212 3003 ver-

328 3029 395 3070 bis
429 3029 532 3080 illis,
557 3040 654 3081 quae
686 3039 818 3080 supra
850 3025 1084 3079 posuimus,
1110 3037 1211 3078 qua-

329 3093 532 3145 draginta
549 3091 682 3132 millia
697 3090 854 3132 civium
886 3101 1002 3130 caesa
1034 3094 1079 3129 et
1111 3088 1210 3128 toti·

329 3156 427 3196 dem
444 3155 654 3196 sociorum
673 3153 890 3207 significat
908 3151 1068 3204 Livius,
1081 3163 1137 3192 an
1155 3162 1211 3192 ex

330 3218 617 3270 quadraginta
649 3217 832 3258 millibus
869 3227 966 3269 quae
1010 3213 1211 3255 feruntur

329 3280 488 3330 occisa,
509 3292 673 3333 aequam
693 3285 859 3333 partem
878 3278 1036 3319 civium
1067 3283 1114 3318 et
1142 3289 1211 3318 so·

331 3340 490 3380 ciorum
510 3341 812 3395 interemptam
830 3340 1000 3381 innuit?
1027 3340 1127 3382 Hoc
1144 3352 1212 3381 ve·

330 3403 433 3444 rius.
464 3403 629 3443 Salmas.

385 3466 436 3507 L.
472 3467 654 3507 Paullum
671 3468 859 3508 consulem
886 3467 1045 3520 occidit]
1082 3466 1212 3509 Anno

722 248 901 287 NOTAE
942 248 1276 289 vARmRUM
1319 250 1382 289 IN
1425 251 1478 290 Ο.
1521 251 1782 290 NEPOTIS

1286 367 1341 408 ab
1362 368 1415 409 U.
1433 368 1485 410 C.
1499 377 1718 409 nxxxvn.
1740 367 1890 409 Schott.
1946 368 2044 411 Quo
2056 373 2164 411 tem·

1285 443 1390 484 pore
1427 433 1587 486 agebat
1616 433 1851 474 secundum
1872 433 2164 475 Consulatum.

1283 495 1430 536 Verba
1466 497 1688 537 morientis
1725 496 1781 536 ad
1822 496 1902 537 Cn.
1936 497 2164 537 Lentulum

1284 560 1536 612 perstringit
1554 560 1699 601 Livius
1715 560 1828 601 Ann.
1847 559 1923 601 lib.
1936 570 2057 603 xxu.

1339 623 1414 663 Gn.
1433 622 1643 665 Servilium
1665 624 1893 678 Geminum]
1929 623 2004 665 Sic
2021 625 2165 677 legen-

1282 686 1383 728 dum
1402 699 1458 728 ex
1489 687 1686 742 Polybio,
1711 689 1758 730 Τ.
1777 688 1916 737 Livio,
1946 686 2165 741 Appiano,

1282 748 1451 801 Fastis;
1482 761 1583 802 nou,
1613 758 1662 792 ut
1692 752 1838 804 vulgo,
1865 751 1917 792 P.
1952 750 2165 791 &milium

1282 813 1508 856 Geminum.
1564 813 1698 868 Atqui
1716 826 1800 854 una
1817 825 1914 855 cum
1928 825 1981 855 eo
1999 813 2165 855 occisus

1282 883 1349 919 est
1367 879 1533 931 collega
1564 878 1658 931 ejus
1686 878 1752 918 M.
1779 876 1940 919 Atilius
1958 878 2163 932 Regulus.

1280 942 1402 982 Unus
1437 941 1670 983 Terentius
1704 941 1845 981 Varro
1870 941 2011 981 salvus
2027 941 2165 982 evasit

1281 1015 1358 1044 sua
1376 1003 1493 1056 fuga.
1550 1004 1784 1058 Polybius:
1813 1002 1970 1055 Ὀλίγοι
1998 1001 2166 1045 δέπνες

1281 1067 1338 1110 εἷς
1367 1066 1605 1110 Οὐενουσίαν
1634 1066 1830 1120 διέφυγον·
1865 1067 1908 1108 ἐν
1929 1065 1987 1109 οἷς
2015 1066 2067 1117 ἦν
2101 1067 2167 1109 καὶ

1282 1131 1400 1175 Kettos
1413 1132 1626 1187 Τερέντιος,
1648 1133 1670 1173 ὁ
1685 1135 1763 1174 τῶν
1787 1131 1979 1183 Ῥωμαίων
1995 1143 2166 1184 προη-

1279 1196 1364 1248 τόε·
1381 1196 1492 1251 ἀνὴρ,
1507 1196 1675 1250 αῑσκοὰν
1691 1195 1765 1247 μιν
1781 1195 1857 1245 τὴν
1866 1194 2013 1248 ψυχὴν,
2031 1195 2167 1235 ωσι-

1277 1262 1379 1310 τελῆ
1396 1259 1440 1302 δὲ
1470 1260 1546 1310 τὴν
1561 1259 1690 1314 ἀρχὴν
1704 1259 1780 1309 τὴν
1798 1259 1919 1300 aino?
1937 1259 1993 1312 τῇ
2012 1257 2167 1311 πατρίδι

1278 1322 1547 1374 πεποιημένος.
1589 1322 1812 1377 Appianas
1827 1335 1842 1363 ι
1866 1322 1916 1363 ‘0
1944 1319 1990 1363 δὲ
2019 1321 2166 1374 ‹puem-

1278 1386 1399 1428 τατός
1409 1402 1470 1440 τε,
1500 1386 1565 1429 καὶ
1581 1388 1786 1439 συμφορῶν
1802 1385 1938 1438 αἴτιος,
1962 1385 2038 1439 [de
2055 1386 2164 1426 Var-

1280 1463 1384 1492 rone
1420 1451 1630 1505 loquitur]
1664 1448 1882 1503 ἀρχομένης
1910 1450 1987 1498 τῆς
2018 1451 2165 1502 τροπῆς

1279 1513 1498 1567 ἐπεφεύγει.
1553 1515 1677 1556 Idem
1698 1515 1826 1568 paulo
1843 1520 1961 1567 post,
1978 1513 2123 1567 fugam
2138 1525 2164 1555 a

1277 1580 1473 1620 Varrone
1492 1580 1631 1620 ortam
1649 1590 1743 1619 esse
1755 1578 1907 1630 tradit,
1918 1577 1984 1618 his
1998 1577 2163 1618 verbis:

1280 1640 1356 1682 Καὶ
1371 1642 1393 1681 ὖ
1418 1641 1615 1695 Τερέντιος
1634 1641 1766 1683 αὐτοῖς
1783 1642 1922 1694 ἐξῆρχε
1932 1642 2006 1690 τῆς
2021 1642 2163 1692 φυγῆς.

1279 1704 1462 1746 Lambin.
1519 1704 1638 1746 Hine
1657 1704 1770 1757 apud
1800 1705 2001 1745 Florum:

1279 1781 1377 1810 cum
1397 1765 1550 1821 effugit
1576 1769 1701 1820 alter,
1731 1767 1844 1808 alter
1875 1766 2040 1808 occisus
2068 1771 2162 1808 est:

1279 1833 1457 1874 dubium
1477 1839 1575 1873 uter
1593 1832 1757 1885 majore
1778 1831 1928 1872 animo.
1961 1830 2161 1872 Paullum

1279 1896 1449 1950 puduit,
1464 1897 1606 1937 Varro
1625 1907 1708 1936 uon
1728 1892 2002 1948 desperavit!

1336 1960 1410 1999 Cn.
1431 1957 1643 1999 Servilium
1662 1955 1893 2008 Geminum]
1909 1956 1983 1996 Ita
1997 1954 2162 1996 diserte

1277 2022 1321 2062 in
1374 2021 1533 2062 nostris
1588 2020 1867 2061 membranis:
1924 2018 2162 2071 depravate

1278 2084 1390 2125 enim
1436 2089 1564 2124 antea
1609 2083 1760 2125 datum
1801 2081 1951 2123 Publii
1991 2092 2161 2135 proeno-

1277 2159 1390 2199 men,
1401 2147 1541 2188 Fastis
1549 2145 1804 2199 Capitolinis
1816 2144 2162 2186 reclamantibus.

1277 2210 1474 2251 Schottus.
1540 2209 1628 2250 Ms.
1665 2208 1880 2261 Boecleri,
1914 2208 1970 2248 Ρ.
2013 2206 2159 2248 Servil.

1280 2273 1524 2314 Geminium.

1334 2335 1416 2380 Qui
1441 2347 1545 2375 anno
1580 2333 1777 2386 superiore
1810 2333 1952 2383 fuerat
2000 2333 2162 2386 Consul]

1278 2398 1386 2439 Cum
1431 2398 1497 2438 Μ.
1542 2396 1700 2438 Attilio
1739 2397 1919 2449 Regulo.
1994 2396 2160 2438 Incidit

1278 2461 1536 2502 Consulatus
1554 2460 1638 2501 iste
1658 2460 1703 2500 in
1721 2471 1878 2500 annum
1899 2459 2029 2500 Urbis
2050 2460 2160 2502 Con-

1277 2523 1381 2564 ditoe
1431 2533 1647 2563 nxxxvn.
1713 2522 1810 2563 Nec
1856 2521 2032 2562 dubium
2079 2527 2163 2575 est,

1275 2585 1377 2639 quin
1411 2597 1523 2626 anno
1557 2585 1754 2638 sequenti
1791 2584 2076 2637 interemptus
2102 2584 2160 2626 sit

1277 2649 1357 2690 Cn.
1406 2649 1610 2691 Servilius
1651 2646 1876 2689 Geminus.
1943 2646 2030 2689 Qui
2073 2645 2160 2688 fuit

1275 2712 1403 2753 Urbis
1437 2723 1673 2753 nxxxvm.
1690 2722 1774 2764 quo
1797 2709 1982 2762 contigit
1998 2708 2159 2751 fainosa

1274 2775 1347 2816 illa
1365 2776 1509 2816 clades
1524 2775 1576 2816 ad
1599 2775 1783 2816 Cannas.
1811 2774 2013 2815 Kena-lien.

1330 2839 1441 2880 CAP.
1470 2842 1511 2879 5.
1554 2838 1719 2895 Remum
1733 2837 1930 2890 profectus
1954 2836 2034 2889 est]
2059 2837 2157 2878 Fal·

1274 2914 1381 2942 sum.
1428 2900 1646 2942 Hannibal
1681 2901 1795 2941 enim
1831 2905 1932 2952 post
1968 2911 2156 2952 pugnam

1274 2965 1541 3006 Cannensem
1567 2968 1711 3004 castra
1728 2974 1783 3003 ex
1802 2962 1962 3014 Apulia
1979 2962 2023 3002 in
2039 2961 2157 3002 Sam-

1273 3032 1389 3071 nium
1419 3029 1567 3071 movit.
1588 3029 1677 3069 Liv.
1732 3029 1791 3068 Et
1810 3039 1965 3079 magua
1983 3027 2157 3068 Graecia

1274 3094 1435 3146 potitus
1475 3097 1554 3132 est.
1595 3091 1816 3143 Polybius.
1871 3089 2029 3130 Tradit
2069 3089 2157 3141 Ap-

1273 3157 1435 3209 pianas,
1457 3161 1546 3196 tum
1566 3154 1736 3195 demum
1762 3153 2048 3194 Hannibalem
2070 3152 2155 3192 lto-

1273 3231 1385 3259 mam
1431 3218 1718 3269 contendisse,
1752 3228 1847 3257 cum
1882 3227 1929 3257 se
1964 3215 2155 3267 Capuam

1273 3282 1533 3323 frumentum
1580 3286 1626 3320 et
1670 3279 1902 3320 subsidium
1944 3277 2154 3317 intromit-

1274 3351 1369 3386 tere
1419 3343 1771 3396 obsidionemque
1815 3341 1981 3381 solvere
2027 3351 2154 3391 posse

1275 3408 1566 3460 desperasset.
1594 3405 1775 3447 Lambini.
1831 3402 1944 3442 Vide
1978 3400 2035 3442 sis
2067 3414 2152 3443 non

1274 3482 1358 3511 uno
1390 3471 1485 3511 loco
1523 3467 1704 3518 Livium,
1730 3465 1837 3506 libro
1865 3475 1981 3507 xxn.
2012 3475 2152 3507 xxm.
