2326 3944
354 271 463 327 476

351 402 536 456 Agrolas
555 407 600 445 et
631 403 883 457 Hyperbius
902 405 1095 457 Pelasgi.
1122 406 1238 447 Pau-

352 467 492 507 sanias
509 467 555 507 in
574 466 750 508 Atticis.
805 469 903 510 Qua
930 468 985 509 de
1009 481 1137 509 causa
1155 470 1238 511 Pe-

350 528 479 581 lasgis
498 529 576 569 sub
595 528 808 580 Hymetto
837 529 1037 572 habitare
1059 543 1237 572 conces-

351 603 443 632 sum
480 590 576 632 fuit.
632 592 847 633 Herodot.
885 605 949 634 vx.
990 592 1058 634 Ac
1092 607 1236 635 murus

352 654 526 707 quidem
558 667 584 694 a
600 655 778 696 Cimone
804 660 1050 697 exstructus
1071 663 1237 698 austra-

347 718 402 757 lis
422 716 534 767 fuit;
563 718 693 771 idque
713 730 768 759 ex
780 720 994 760 manubiis
1015 720 1118 761 belli
1134 733 1236 761 con-

349 784 421 820 tra
453 780 612 821 Persas
647 780 702 821 ab
735 793 788 822 eo
832 781 1040 823 confecti.
1095 784 1235 825 Quem

347 854 452 888 ‚vero
465 855 491 883 a
505 843 701 895 Pelasgis
711 856 877 884 murum
893 849 1107 885 structum
1120 846 1235 885 Pau-

347 907 488 947 sanias
507 907 627 959 dicit,
656 919 753 947 eum
781 907 1010 960 Tyrrhenis
1027 908 1236 949 adscribit

348 969 620 1022 Hesychius:
660 970 913 1020 Πελασγικὸν
939 970 1108 1022 τειχίον,
1135 969 1235 1011 οὕτω

348 1033 391 1073 ἐν
409 1032 587 1082 Ἀθήναις
600 1032 854 1086 καλούμενον,
864 1034 1064 1086 Τυῤῥηνῶν
1075 1033 1235 1075 κτισάν-

346 1110 440 1136 των.
496 1098 554 1137 Et
585 1097 667 1137 huc
698 1097 964 1150 Thucydidis
987 1099 1070 1139 ista
1100 1100 1235 1150 perti-

345 1159 557 1201 nent-lib.
577 1170 642 1200 IV.
669 1158 723 1199 Τὸ
747 1159 791 1200 δὲ
822 1162 1014 1201 πλεῖστον
1035 1166 1235 1213 Πελασγι-

344 1222 430 1274 κὸν,
460 1225 540 1264 τῶν
571 1222 638 1263 καὶ
665 1222 819 1274 Λῆμνόν
846 1240 946 1264 ποτε
973 1225 1039 1265 καὶ
1067 1225 1080 1244 ’
1082 1225 1234 1274 Αθήνας

350 1287 551 1339 Τυῤῥηνῶν
580 1286 838 1336 οἰκησάντων.
893 1288 980 1328 Sed
1010 1289 1128 1330 solvo
1158 1302 1235 1330 no-

347 1351 484 1402 dum;
529 1353 738 1405 Tyrrheni
771 1353 884 1393 enim
911 1353 1030 1404 prius
1061 1353 1233 1405 Pelasgi

345 1417 600 1468 nuncupati,
618 1421 675 1458 ut,
698 1417 811 1468 apud
834 1415 1092 1469 Dionysium
1111 1416 1233 1456 Hali-

344 1490 630 1521 carnassaeum
651 1481 712 1520 ait
741 1478 995 1521 Hellanicus
1023 1479 1228 1522 Lesbius:

323 1590 324 1593 Ἴ
344 1542 460 1583 unde
479 1544 636 1595 passim
666 1541 918 1594 Πελασγικὸν
934 1544 1071 1594 τεῖχος
1090 1544 1233 1584 Hero-

344 1606 464 1658 doto,
494 1606 775 1658 Philostrato,
809 1607 1015 1658 Luciam,
1035 1606 1232 1659 Libanio,

344 1676 391 1711 et
406 1670 499 1711 aliis
517 1676 810 1712 memoratum.
866 1670 1074 1711 Habebat
1087 1675 1231 1711 autem

343 1738 491 1786 portas
521 1746 703 1785 novem:
733 1733 846 1774 unde
879 1731 1141 1774 Ἐννεάπυλον
1170 1734 1233 1774 di·

342 1797 458 1837 citur
491 1809 516 1837 a
555 1797 778 1838 Climeno:
832 1796 909 1837 Καὶ
939 1796 1124 1849 ἠπέδιζον
1157 1797 1232 1846 τὴν

341 1858 567 1912 ἀκρόπολιν,
585 1859 850 1914 περιέβαλλον
863 1858 906 1900 δὲ
923 1859 1160 1901 ἐννεάπυλον
1181 1860 1231 1901 τὸ

341 1923 604 1975 nemu-ymen.
659 1923 882 1977 Aristoph.
902 1924 1137 1965 insAvibus
1157 1931 1231 1965 Πε·

339 1986 532 2040 λαργικὸν
564 1988 774 2040 appellat,
816 1987 937 2041 quasi
981 1987 1231 2029 ciconiariam

342 2050 475 2093 dicas.
503 2052 722 2092 Meursius.

394 2116 508 2157 CAP.
527 2119 567 2155 3.
602 2115 754 2161 Quibus
771 2114 887 2154 rebus
913 2127 1030 2167 quum
1060 2127 1161 2155 unus
1185 2115 1229 2157 in

339 2178 503 2218 civitate
520 2178 692 2218 maxime
707 2177 894 2230 floreret,
909 2178 1052 2218 incidit
1069 2178 1113 2218 in
1137 2191 1227 2219 ean-

337 2242 426 2293 dem
444 2241 650 2291 invidiam,
681 2252 796 2292 quam
818 2244 936 2292 pater
953 2253 1059 2292 suus,
1076 2242 1226 2282 coeteri-

338 2316 411 2356 que
437 2302 736 2344 Atheniensium
763 2303 980 2356 principes]
1009 2304 1224 2358 Relativo,

338 2372 389 2407 ut
413 2372 586 2416 vocant,
627 2366 787 2406 nomini
818 2378 934 2418 saepe
972 2367 1222 2419 adJungitur

337 2442 462 2471 casus
499 2430 628 2483 idem,
659 2430 732 2483 qui
763 2429 897 2471 verbo
928 2432 1223 2473 antecedenti.

336 2491 398 2533 Et
429 2492 489 2533 sic
520 2491 616 2532 fere
653 2493 822 2532 locutus
855 2496 922 2533 est
958 2492 1106 2545 Nepos
1141 2494 1222 2535 hoc

334 2555 449 2597 loco.
502 2554 615 2595 Vide
650 2553 872 2596 Gifanium
907 2555 1107 2597 Conlect.
1139 2557 1223 2597 Lu·

336 2624 448 2660 eret.
467 2630 566 2671 pag.
584 2621 681 2660 414.
711 2618 916 2659 Keuchen.

361 2717 363 2720 .
392 2683 524 2728 Quum
553 2694 652 2722 unus
683 2681 727 2722 in
756 2682 918 2722 civitate
950 2681 1124 2723 maxime
1139 2682 1222 2735 flo-

334 2744 461 2797 reret]
505 2745 623 2787 Quia
657 2756 766 2785 unus
804 2744 991 2784 maxime
1024 2742 1224 2797 florebat,

333 2807 433 2850 ideo
463 2806 636 2848 fortuna
664 2807 755 2860 ejus
780 2807 965 2848 maxime
988 2808 1221 2861 conspicua

333 2871 595 2924 invidiaeque
641 2870 842 2923 exposita
887 2869 1044 2911 fuerat.
1115 2870 1220 2923 Ipso

333 2934 469 2974 verbo
502 2934 641 2974 utitur
672 2939 718 2974 et
750 2933 953 2973 Miltiade
983 2937 1029 2973 et
1047 2934 1220 2986 Epami-

331 2998 489 3039 nonda.
535 2997 657 3037 Curt.
674 2996 749 3036 lib.
766 3006 810 3036 x.
837 2997 851 3019 ‘
867 2997 1015 3048 Ipsum
1039 2997 1219 3037 Darium

331 3057 525 3101 floruisse
544 3057 808 3111 paullisper!
862 3058 1016 3099 Cicero
1038 3058 1082 3098 in
1110 3060 1218 3099 Ver-

331 3135 449 3165 rem:
479 3124 493 3146 ‘
511 3123 666 3164 Hicin
683 3133 760 3162 sua
787 3121 930 3174 patria
957 3121 1103 3162 multis
1133 3122 1217 3162 vir-

330 3187 496 3229 tutibus
533 3198 583 3227 ac
618 3183 842 3227 beneficiis
875 3183 1050 3227 floruit.’
1125 3185 1216 3226 Pro

332 3250 489 3291 Coelio:
518 3250 602 3292 (Ο.
635 3249 842 3290 Metellus
873 3260 1002 3302 quum
1033 3247 1078 3287 in
1106 3248 1216 3302 Rep.

330 3310 508 3359 floreret
525 3312 804 3364 integerrima
823 3310 985 3354 aetate!
1017 3310 1154 3359 Gema.

387 3378 610 3429 Caeterique
653 3377 954 3419 Atheniensium
993 3377 1215 3431 principes]

332 3441 405 3484 De
442 3439 596 3494 quibus
632 3440 732 3481 vide
771 3441 957 3481 Dionem
992 3441 1211 3495 Chrysost.

331 3496 457 3549 Orat.
470 3506 540 3549 ⁷³.
559 3502 634 3547 ubi
651 3502 783 3546 etiam
801 3504 991 3547 Cimonis
1005 3505 1214 3549 meminit.

741 286 920 326 No'rAE
961 285 1405 327 vammum-m
1447 268 1500 327 c.
1540 288 1806 330 NEPO'HS

1299 405 1428 448 Adde
1446 407 1594 449 valer.
1613 408 1735 450 Max.
1755 419 1800 449 v.
1822 411 1866 450 3.

1355 470 1562 512 Testor-um
1598 472 1827 525 suffragiis]
1873 472 1942 513 De
1974 471 2189 519 Ostracin-

1298 544 1367 575 mo
1383 535 1571 576 Cimonis
1587 537 1686 589 lege
1702 537 1932 577 Platonem
1947 537 1992 577 in
2006 537 2188 592 Gorgia.

1354 597 1656 652 Ostracismum]
1695 600 1764 640 De
1783 599 1908 652 hujus
1928 601 2186 656 nominibus,
2224 641 2244 653 ς

1298 659 1475 713 origine,
1501 662 1696 712 historia,
1722 667 1769 703 et
1796 662 1901 715 ritu,
1921 675 1945 703 e
1966 664 2184 706 veteribus

1297 723 1430 766 Diod.
1460 725 1546 767 Sic.
1574 737 1638 768 xl.
1666 727 1787 768 Plut.
1826 727 1882 768 in.
1907 727 2040 769 Arist.
2072 729 2188 770 'rhe-

1296 787 1412 828 mIst.
1434 793 1482 829 et
1499 789 1618 841 alibi,
1643 788 1822 831 Aristid.
1856 789 2066 832 Oratione
2092 793 2194 833 Pla·

1296 853 1386 891 ton.
1396 853 1437 891 2.
1451 850 1612 891 Pollux
1625 851 1852 894 Onomast.
1869 864 1973 895 v111.
1992 859 2030 895 5.
2057 855 2190 897 Scho-

1295 911 1409 953 liast.
1450 911 1591 953 Arist.
1619 913 1663 952 in
1686 914 1833 966 Equit.
1868 921 1916 956 et
1947 917 1992 956 in
2013 918 2190 972 Vespis,

1293 974 1475 1014 Tzetzes
1512 975 1621 1016 Chil.
1651 986 1758 1016 1111.
1784 979 1880 1018 489.
1906 977 2103 1031 Hesych.
2132 986 2180 1022 et

1298 1036 1453 1077 Suidas
1483 1036 1526 1077 in
1548 1038 1829 1080 Ostracismus.
1885 1041 1923 1080 E
1934 1040 2185 1092 junioribus

1295 1099 1422 1141 Ubbo
1439 1101 1630 1142 Emmius
1652 1102 1752 1142 Vet.
1775 1102 1925 1144 Graec.
1950 1103 2090 1147 Hadr.
2106 1105 2187 1148 Ju-

1293 1161 1389 1202 nius
1435 1162 1666 1219 animadv,
1684 1175 1734 1204 v.
1769 1167 1836 1206 18.
1878 1165 2078 1219 Scaliger
2122 1167 2179 1208 ad

1294 1225 1543 1278 Eusebium,
1576 1227 1828 1268 Maussacus
1867 1228 1924 1269 ad
1964 1228 2188 1282 Harpocr.

1295 1293 1341 1328 et
1356 1289 1523 1329 Meurs.
1542 1290 1664 1332 Lect.
1682 1289 1824 1332 Attic.
1840 1303 1886 1332 v.
1907 1295 1974 1332 18.
2083 1337 2086 1339 Α

1348 1350 1472 1400 Cujus
1488 1351 1599 1399 facti
1626 1353 1805 1404 celerius]
1845 1354 1918 1395 Sic
1947 1355 2176 1407 Plutarch.

1283 1411 1407 1456 ’Ὅθεν
1428 1414 1518 1455 οὐδὲ
1541 1418 1599 1466 τῷ
1624 1417 1721 1469 πρὸς
1748 1417 1907 1469 Κίμωνα
1926 1421 2035 1471 θυμῷ
2059 1419 2187 1464 πολὺν

1291 1480 1435 1534 χρόνον
1470 1480 1680 1532 ἐνέμειναν.
1753 1484 1820 1523 Ex
1855 1496 1941 1536 quo
1974 1485 2185 1538 suspicari
2258 1524 2270 1531 χ

1292 1545 1415 1598 licet,
1475 1547 1697 1588 Cimonem
1746 1546 1876 1586 etiam
1919 1546 2061 1587 minus
2107 1547 2185 1589 diu

1292 1620 1423 1661 quam
1449 1608 1787 1663 quinquennium
1818 1608 2019 1651 abfuisse.
2059 1610 2180 1651 Mm-

1296 1670 1423 1712 binus.

1348 1735 1563 1786 Confestim
1594 1740 1698 1778 notoe
1727 1737 1809 1787 ejus
1839 1737 1998 1778 virtutis
2029 1737 2182 1779 deside-

1289 1797 1393 1838 rium
1409 1804 1682 1852 consequentum
1706 1800 1783 1851 est]
1811 1799 1934 1842 Adeo
1958 1813 2108 1842 verum
2126 1802 2177 1842 il·

1290 1861 1366 1901 lud
1391 1862 1534 1902 Persii
1553 1868 1715 1916 votum,
1739 1866 1752 1887 ‘
1765 1863 1985 1905 Virtutem
2003 1865 2184 1906 videant

1288 1923 1649 1979 intabescantque
1687 1926 1865 1968 relicta!
1936 1929 1996 1969 Et
2033 1928 2182 1970 Flacci

1290 1987 1376 2029 Od.
1390 1988 1468 2029 lib.
1483 2001 1554 2029 111.
1569 1993 1637 2030 24.
1658 1990 1671 2012 ‘
1687 1990 1907 2030 Virtutem
1922 1990 2181 2032 incolumem

1289 2050 1472 2103 odimus,
1486 2052 1712 2092 Sublatam
1732 2063 1785 2091 ex
1801 2052 1937 2093 oculis
1951 2053 2180 2106 quaerimus

1288 2113 1455 2155 invidi.’
1484 2113 1639 2155 Schote.
1711 2115 1870 2155 Similis
1905 2116 2027 2156 locus
2064 2115 2181 2157 infra

1287 2177 1598 2229 Epaminondae
1617 2177 1720 2219 vita.
1747 2178 1860 2218 Vide
1874 2179 2079 2219 Flaccum
2095 2177 2194 2220 Ar·-

1289 2245 1466 2291 gonaut.
1481 2240 1555 2281 lib.
1571 2252 1645 2281 111.
1661 2253 1725 2282 vs.
1744 2244 1840 2282 247.
1872 2241 2121 2284 Gebhardus.

1341 2303 1563 2344 Revocatus
1604 2304 1681 2355 est]
1737 2305 1932 2345 Decreto
1971 2304 2172 2356 Periclis,

1286 2370 1337 2405 ut
1367 2365 1513 2405 tradit.
1532 2366 1790 2407 Plutarchus
1827 2366 2019 2408 ibidem:
2065 2358 2186 2408 ’sxa'

1285 2434 1381 2468 λουν
1394 2428 1439 2468 ἐκ
1449 2429 1522 2476 τῆς
1530 2430 1659 2480 φυγῆς
1671 2428 1742 2470 τὸν
1756 2428 1925 2482 Κίμωνα,
1937 2429 2002 2470 καὶ
2016 2432 2167 2479 κατῆλ-

1286 2496 1345 2544 θε,
1371 2492 1421 2532 τὸ
1441 2492 1621 2545 ψήφισμα
1647 2492 1869 2547 γράψαντος
1893 2495 1966 2534 τοῦ
1987 2493 2172 2547 Περικλέ-

1286 2571 1366 2599 ους.
1392 2557 1573 2597 Lambin.

1341 2620 1456 2667 Quod
1473 2620 1643 2673 hospitio
1660 2620 2055 2672 Laedaemoniorum]
2073 2619 2172 2662 Hoc

1285 2683 1444 2726 Graece
1489 2684 1711 2725 diceretur
1753 2684 1835 2724 hoc
1881 2682 2034 2724 modo:
2071 2680 2171 2736 Ὀτι

1282 2746 1462 2800 πρόξενος
1486 2745 1536 2795 ἧν
1561 2748 1643 2787 τῶν
1667 2743 1987 2796 Λακεδαιμονίων.
2028 2745 2170 2799 Prop-

1284 2814 1354 2851 ter
1395 2810 1477 2851 hoc
1514 2810 1751 2863 hospitium
1779 2815 1924 2851 autem
1965 2809 2174 2852 Lacedae·

1281 2874 1518 2914 moniorum
1551 2872 1681 2913 rebus
1718 2873 1895 2913 studere
1931 2883 1983 2911 ac
2019 2871 2145 2912 farer

1283 2936 1546 2988 putabatur:
1579 2936 1659 2975 hoc
1682 2941 1750 2975 est
1783 2934 1898 2987 quod
1926 2933 2076 2975 Graeei
2098 2934 2170 2985 di-

1281 3005 1387 3040 cunt
1414 2997 1659 3050 λακωνίζειν.
1714 2998 1824 3038 Haec
1852 2997 1964 3037 enim
1985 2995 2067 3036 fuit
2086 2997 2169 3038 Os·

1282 3062 1475 3102 tracismi
1494 3073 1640 3113 causa,
1670 3065 1722 3100 ut
1745 3060 1882 3100 tradit
1909 3059 2168 3114 Plutarchus

1281 3124 1326 3164 in
1346 3123 1538 3171 Cimone,
1556 3134 1682 3176 quam
1703 3122 1895 3174 appellat
1912 3122 2060 3175 μικρὰν
2074 3121 2168 3175 πρό-

1279 3193 1412 3238 φασιν.
1442 3186 1566 3227 Idem.

1335 3250 1576 3290 contendere
1590 3249 1919 3301 Lacedaemonem]
1946 3247 2092 3289 Caesar
2107 3247 2176 3291 ds

1278 3313 1392 3354 Bell.
1442 3312 1557 3354 Gall.
1603 3311 1680 3353 lib.
1725 3322 1758 3351 1.
1805 3314 1874 3351 21.
1938 3311 2068 3363 ‘Ipse
2104 3312 2161 3353 de

1277 3381 1430 3430 quarta
1446 3374 1591 3429 vigilia
1610 3374 1759 3416 eodem
1779 3372 1951 3426 itinere,
1967 3385 2051 3426 quo
2070 3374 2166 3415 hos-

1277 3446 1345 3483 tes
1379 3442 1536 3493 ierant,
1567 3438 1622 3480 ad
1651 3450 1723 3479 eos
1758 3437 2014 3479 contendit.'
2065 3438 2171 3491 Lib.

1276 3516 1342 3548 vr.
1356 3508 1397 3547 8.
1418 3516 1462 3559 p.
1489 3504 1501 3528 ‘
1515 3502 1570 3546 de
1597 3500 1832 3556 improviso
1858 3500 1903 3543 in
1921 3500 2028 3551 fines
2047 3503 2160 3545 Ner-
