2306 3900
718 281 879 321 XXV.

210 402 291 441 est.
347 399 664 445 Nomentanum
685 409 775 449 rus,
791 397 958 438 decimo
992 398 1098 450 lapi-

211 463 278 504 dis
297 463 553 504 diverticulo
572 461 629 502 ab
646 460 768 501 urbe.
812 459 978 501 Plinius
998 471 1096 502 xiv.

210 530 251 567 4.
284 531 332 568 et
361 525 561 566 AEmilius
587 522 756 564 Probus
786 523 828 564 in
859 523 1097 576 Pomponio

213 589 383 630 Attico.
411 589 536 630 Idem.

267 652 319 692 In
340 650 578 704 Epiroticis]
596 650 752 691 Cicero
765 647 908 702 Epist.
925 648 996 690 lib.
1011 661 1042 690 1.
1056 654 1099 691 5.

211 714 223 737 ‘
240 714 507 767 Epiroticam
526 713 784 768 emptionem
814 712 985 764 gaudeo
1018 712 1099 752 tibi

212 777 415 830 placere?
484 777 650 818 Habuit
684 782 730 817 et
767 778 811 816 in
845 776 1101 828 Thesprotia

215 842 529 895 possessiones,
576 847 624 883 ut
670 841 824 892 colligo
867 853 923 881 ex
959 841 1098 895 Epist.

213 905 288 946 lib.
308 916 373 949 vt.
394 907 434 946 3.
453 904 507 944 ad
528 903 665 946 Attic.
701 903 858 944 Schott.

270 969 377 1009 Eum
395 979 507 1008 usum
522 968 696 1020 pecunie
714 980 790 1008 non
808 967 1101 1020 magnitudine]

211 1031 378 1083 Supra:
413 1031 626 1071 ‘Tantum
658 1029 771 1070 afuit
805 1041 831 1069 a
859 1029 1102 1081 cupiditate

214 1093 424 1146 pecuniae,
453 1099 503 1134 ut
532 1093 651 1133 nulla
677 1094 720 1132 in
754 1104 798 1132 re
833 1105 934 1134 usus
958 1093 1017 1133 sit
1035 1105 1103 1144 ea,

212 1157 293 1198 nisi
311 1157 355 1198 iu
374 1156 660 1209 deprecandis
680 1156 914 1197 amicorum
934 1160 1009 1196 ant
1029 1167 1105 1208 pe·

213 1218 361 1260 riculis
379 1225 458 1260 aut
475 1218 790 1259 incommodis!

268 1282 380 1324 CAP-
396 1286 463 1324 15.
491 1281 595 1332 Eius
618 1282 780 1322 comitas
796 1294 874 1322 non
893 1282 978 1322 sine
996 1294 1104 1323 seve-

212 1345 336 1387 ritate
346 1350 450 1396 erat,
465 1357 587 1397 neque
596 1346 779 1395 gravitas
787 1346 872 1386 sine
875 1344 1102 1397 facilitate]

217 1408 302 1455 Sic-
325 1407 482 1449 Cicero
519 1406 615 1448 haec
651 1407 766 1447 inter
802 1419 848 1448 se
881 1414 1104 1459 comparat

214 1469 363 1512 multis
393 1470 437 1511 in
455 1470 575 1511 loeis.
631 1469 684 1510 In
703 1469 990 1521 Muraeuiana,
1010 1470 1103 1510 11ae-

214 1537 293 1588 lio,
310 1537 355 1577 in
369 1535 578 1587 Oratore,
590 1535 749 1586 Bruto,
762 1535 818 1575 ad
834 1535 890 1577 Q.
905 1534 1104 1575 Fratrem

214 1605 264 1641 et
295 1599 351 1642 ad
383 1597 658 1642 Cornificium
680 1598 822 1651 Epist.
837 1597 916 1639 lib.
936 1609 1023 1641 xit.
1048 1598 1103 1640 de

215 1665 350 1706 Sexto
377 1662 566 1706 Aufidio.

270 1728 384 1768 Idem
400 1728 444 1767 in
461 1727 636 1777 nitendo,
652 1723 772 1778 quod]
810 1724 1009 1766 Manutio
1029 1724 1105 1766 du-

221 1803 317 1833 rum
345 1790 519 1831 videtur
534 1789 616 1829 uiti
632 1788 804 1840 aliquam
820 1799 922 1839 rem,
939 1786 1020 1828 nisi
1037 1787 1107 1829 hic

220 1854 276 1896 ad
325 1853 524 1906 Ellipsim
570 1850 882 1903 confugiamus,
919 1862 1016 1904 quae
1062 1850 1107 1891 in

219 1916 472 1970 compositis
486 1915 542 1956 ab
558 1914 640 1955 boc
656 1913 791 1955 verbo
802 1925 886 1954 non
905 1913 1108 1955 insolens.

219 1980 476 2034 Rutgersius
493 1979 648 2020 tuendo.
674 1977 930 2018 Boeclerus.

282 2044 629 2084 &intimationem
646 2041 689 2081 in
707 2053 754 2082 ea
771 2053 816 2081 re
830 2040 901 2092 ogi
922 2040 1109 2094 putabat]

220 2106 295 2149 Ita
308 2105 472 2149 Cicero
491 2105 606 2146 dixit
624 2116 706 2157 pro
721 2103 949 2146 Caecinuaz
979 2104 993 2127 ‘
1010 2102 1111 2157 Agi-

221 2175 295 2212 tur
316 2170 389 2223 jus
419 2167 628 2219 civitatis,
655 2167 785 2218 bona,
814 2165 1004 2208 fortuuae
1022 2178 1111 2208 om·

221 2233 340 2274 nium
358 2231 548 2274 civium!
589 2232 647 2271 Et
664 2230 889 2272 Terentius
906 2230 952 2273 in
964 2230 1110 2271 Heau-

222 2300 334 2337 tont.
377 2295 391 2319 ‘
413 2295 515 2337 Non
559 2305 673 2335 nunc
719 2293 905 2346 pecunia
941 2293 1113 2346 agitur!

223 2359 428 2401 Schotm.
850 2362 852 2364 ’

278 2423 374 2464 Non
390 2421 553 2470 inertia,
565 2420 808 2474 sedjudicio]
830 2418 972 2474 Epist.
990 2420 1064 2462 lib.
1078 2432 1111 2463 1.

224 2488 292 2527 1⁶1.
320 2486 334 2509 ‘
355 2486 508 2537 Neque
528 2496 609 2535 ego
640 2484 755 2524 iuter
786 2495 875 2535 me,
901 2488 1033 2537 atque
1053 2490 1112 2534 te,

223 2548 451 2602 quiequam
501 2547 712 2587 interesse
774 2557 961 2598 unquam
1006 2546 1112 2587 duxi

222 2618 387 2664 praeter
423 2610 688 2651 voluntatem
729 2608 943 2650 institutas
977 2610 1105 2652 vitae:

225 2674 342 2727 quod
361 2685 431 2714 me
463 2671 645 2714 ambitio
673 2670 871 2724 quaedam
902 2670 955 2711 ad
982 2671 1113 2713 hono·

225 2749 320 2778 rum
340 2735 530 2778 studium
549 2748 562 2785 ;
591 2740 637 2775 te
666 2739 813 2775 autem
836 2734 921 2775 alia
939 2734 1111 2776 minime

225 2798 586 2853 reprehendenda
628 2797 739 2838 ratio
785 2797 839 2838 ad
886 2798 1112 2839 honestum

226 2863 363 2904 otium
395 2862 536 2903 duxit.
606 2861 725 2901 Vera
771 2859 944 2913 quidem
986 2860 1113 2901 laude

225 2927 472 2980 probitatis,
499 2924 749 2977 diligentiae,
782 2924 1020 2976 religionis,
1038 2936 1114 2966 ne·

226 3001 312 3042 que
331 3002 400 3030 me
419 2989 516 3040 tibi,
547 2998 687 3039 neque
718 2998 973 3040 quemquam
998 2993 1115 3028 ante-

228 3052 370 3105 pono.’
423 3051 573 3092 Habet
600 3050 687 3091 Ms.
705 3049 1026 3100 judiciosugisu
1054 3051 1115 3092 di-

227 3116 332 3156 vino.
351 3113 434 3155 Sed
446 3112 660 3166 quomodo
671 3112 716 3152 in
729 3112 886 3153 talibus
900 3113 1118 3167 diviuitas,

230 3188 315 3219 non
340 3180 571 3217 eventuum
591 3175 739 3225 potius
771 3176 988 3216 variorum
1015 3177 1117 3218 assi«

228 3239 315 3281 dna
341 3243 388 3279 et
407 3236 635 3288 multiplex
651 3235 879 3279 ruminatio
901 3238 1116 3290 judicium

229 3301 422 3342 stabiliat
433 3300 448 3339 ?
468 3298 623 3350 ltaque
634 3296 796 3350 fecero,
808 3299 1119 3351 judit-iosugisse

231 3365 397 3406 diutino.
431 3363 654 3404 Fontanus
668 3359 867 3403 Analect.
881 3362 954 3404 lib.
968 3374 1038 3404 111.
1053 3368 1118 3406 18.

287 3428 399 3469 Car.
420 3430 485 3468 16.
515 3425 624 3466 Idem
642 3423 726 3465 seni
745 3424 890 3477 Sulla]
924 3425 1032 3468 Vide
1052 3439 1118 3469 ιιι.

235 3501 329 3542 pra.

948 281 1172 321 A'r'riou
1185 283 1247 332 M,
1287 282 1422 321 cAP.
1462 270 1549 322 17.

1938 265 2045 318 693

1212 398 1417 439 Sexdecim
1429 398 1624 438 volumino
1636 396 1906 449 epistolarum]
1933 396 2047 438 Quo·

1160 473 1255 501 rum
1287 461 1421 502 series
1467 461 1626 501 nullam
1663 465 1833 512 partem
1875 459 2047 510 amissa,

1160 523 1386 575 pristinum
1407 523 1547 564 adhuc
1579 523 1698 564 uobis
1718 522 1912 564 ordinem
1933 522 2048 562 exbi-

1160 587 1253 627 bet.
1306 587 1537 628 Volumina
1557 593 1698 638 vocat,
1715 587 1829 640 quod
1850 588 1952 629 olim
1965 587 2049 628 cir-

1160 651 1375 691 cumvolvi
1395 652 1552 703 solent5
1588 664 1685 704 quae
1719 651 1762 691 in
1795 652 1942 693 charta
1974 656 2050 691 ant

1161 714 1324 766 scripto
1341 714 1493 755 codice
1513 715 1790 756 haberentur.
1821 715 2051 755 Volumina

1163 777 1294 819 etiam
1326 778 1494 818 Plinius
1523 779 1757 818 avunculus
1789 777 1919 818 libros
1953 789 2050 817 suos

1163 841 1218 881 de
1238 841 1440 882 Naturali
1459 841 1655 882 Historia
1674 842 1880 893 appellat.
1910 840 2050 881 Schot-

1164 908 1241 949 tus.
1303 904 1491 944 Undecim
1525 904 1652 944 etiam
1687 904 1729 944 in
1759 905 1870 945 Mse.
1899 909 1945 944 et
1961 904 2052 957 qui·

1166 966 1345 1008 busdam
1382 967 1523 1008 Editis
1560 966 1672 1008 fuit:
1720 968 1833 1020 qnod
1872 967 2052 1009 miratur

1165 1031 1384 1079 schottus,
1401 1043 1498 1071 cum
1519 1031 1708 1071 sedecim
1726 1030 1854 1070 hodie
1874 1031 2052 1072 eircum-

1165 1091 1375 1134 ferantur.
1431 1093 1575 1149 Faeile
1597 1106 1700 1134 vero
1717 1092 1810 1134 fieri
1831 1093 1987 1146 potuit,
2005 1099 2054 1134 ut

1172 1157 1356 1198 VIdecim
1371 1163 1614 1199 mutaretur
1633 1159 1675 1198 in
1700 1158 1902 1200 Undecim.
1952 1160 2053 1200 Bos.

1219 1220 1376 1261 Futura
1390 1219 1602 1272 proedixit]
1642 1221 1792 1261 Pauca
1821 1219 1877 1261 de
1906 1222 2056 1262 multis

1166 1284 1363 1336 exempla
1381 1284 1541 1336 'collegi
1567 1283 1752 1336 Augurii
1773 1289 1818 1323 et
1845 1284 2054 1324 Vaticinii

1167 1346 1419 1389 Ciceronis!
1456 1347 1599 1399 Epist.
1616 1347 1689 1387 lib.
1709 1357 1813 1388 vm.
1833 1350 1897 1387 ll.
1928 1348 1941 1370 ‘
1959 1352 2056 1399 Προ-

1166 1408 1351 1461 θεστίζω,
1377 1415 1525 1450 noster
1550 1409 1716 1461 Attice,
1743 1421 1830 1449 nou
1857 1409 2058 1459 ariolaus,

1166 1479 1217 1514 ut
1235 1473 1327 1524 illa,
1345 1473 1416 1513 cui
1434 1485 1561 1514 nemo
1583 1472 1774 1514 credidit
1792 1473 2056 1525 [Cassandra

1167 1535 1374 1588 scilicet],
1393 1536 1469 1576 sed
1489 1537 1742 1589 conjectura
1760 1535 2025 1588 prospiciens
2041 1548 2056 1585 3

1164 1599 1353 1652 Jamque
1371 1599 1478 1640 mari
1506 1610 1676 1652 magno,
1694 1601 1778 1639 ὅτε.
1796 1609 1882 1638 ιιοιι
1902 1598 2058 1656 multo,

1166 1664 1353 1717 inquam,
1402 1675 1523 1704 secus
1577 1674 1749 1715 possum
1803 1661 2056 1702 vaticinari:

1168 1732 1291 1767 tanta
1309 1726 1516 1767 malorum
1535 1725 1761 1778 impendet
1790 1722 1942 1765 Ἰλιάς.’
1999 1725 2067 1780 Et

1168 1789 1284 1831 libro
1299 1800 1407 1831 vm.
1425 1793 1466 1831 8.
1494 1790 1508 1813 ⁴
1529 1790 1588 1830 Et
1607 1801 1632 1829 a
1650 1801 1721 1829 me
1735 1793 1802 1828 est
1813 1789 1934 1841 (tute
1954 1786 2060 1842 scis)

1171 1859 1352 1908 propter
1367 1853 1652 1907 suspicionem
1669 1853 1790 1906 hujus
1811 1853 2061 1906 impenden-

1172 1917 1230 1958 tis
1249 1917 1519 1970 tempestatis
1538 1917 1674 1957 multo
1695 1922 1795 1956 aute
1811 1916 2059 1969 provisum?

1171 1982 1312 2034 Epist.
1346 1984 1413 2022 12.
1457 1980 1752 2033 ‘Scripseram
1789 1992 1862 2019 eas
1897 1979 2062 2031 literas,

1171 2056 1350 2098 quarum
1385 2042 1739 2084 vaticinationem
1777 2040 1930 2082 falsam
1964 2054 2059 2082 esse

1172 2107 1325 2160 cupio!
1379 2107 1511 2148 Libro
1538 2117 1584 2147 x.
1615 2110 1655 2146 8.
1684 2107 1697 2130 ‘
1720 2107 1778 2147 Et
1810 2110 1969 2158 tamen,
1999 2106 2059 2146 mi

1172 2170 1338 2222 Attice,
1357 2170 1539 2223 auguria
1569 2181 1742 2223 quoque
1773 2179 1842 2210 me
1861 2168 2061 2218 incitant,

1173 2234 1359 2289 quadam
1388 2245 1466 2286 spe
1485 2245 1571 2274 non
1591 2232 1742 2284 dubia,r
1755 2243 1840 2273 non
1859 2232 1953 2272 haec
1973 2233 2060 2272 col-

1171 2298 1277 2351 legii
1292 2297 1431 2339 nostri
1449 2297 1504 2339 ab
1523 2295 1664 2347 Attio,
1674 2295 1752 2337 sed
1771 2295 1847 2335 illa
1864 2295 2061 2336 Platonis

1172 2362 1228 2403 de
1257 2359 1502 2414 Tyn-anniae
1552 2361 1612 2401 Et
1647 2359 1811 2411 statim,
1836 2359 1850 2382 ‘
1868 2358 1962 2399 Nos
1997 2363 2061 2398 ta·

1171 2435 1271 2465 meu
1309 2425 1391 2464 hoc
1423 2420 1725 2464 confirmamus
1757 2421 1831 2461 illo
1866 2420 2062 2472 augurio,

1173 2499 1260 2540 quo
1278 2486 1490 2535 diximns3
1519 2496 1601 2524 nec
1620 2496 1699 2524 nos
1732 2482 1862 2534 fallit,
1890 2495 1971 2523 nec
1991 2483 2064 2523 ali-

1173 2555 1242 2590 ter
1289 2548 1477 2590 accidet.
1547 2547 1733 2587 Coi-ruat
1770 2546 1854 2586 iste
1887 2557 2063 2586 necesse

1173 2611 1275 2653 est?
1317 2611 1442 2652 Idem
1461 2610 1645 2662 epistola
1661 2609 1714 2649 ad
1736 2608 1947 2649 Licinium
1964 2608 2062 2650 Cal·

1173 2685 1274 2715 vum
1294 2672 1411 2726 apud
1441 2672 1656 2714 Noniumz
1682 2673 1695 2695 ‘
1711 2671 1947 2712 Praesentit
1977 2672 2065 2711 ani·

1173 2748 1283 2789 mus,
1328 2741 1460 2789 atque
1502 2738 1686 2786 augurat
1733 2733 2062 2787 quodammodo,

1174 2812 1270 2855 qnae
1289 2798 1438 2840 futura
1458 2798 1516 2838 sit
1534 2796 1752 2838 suavitas?
1779 2796 1981 2838 Schema.

1228 2862 1341 2903 CAP.
1357 2864 1425 2903 Π.
1455 2859 1508 2901 Se
1524 2871 1721 2911 nunquam
1747 2871 1835 2899 cum
1866 2863 1994 2900 matre
2018 2861 2062 2901 in

1171 2925 1369 2978 gratiam]
1411 2923 1540 2968 Quod
1574 2923 1753 2975 antiqua
1780 2922 2063 2975 inscriptione

1176 2990 1242 3031 ita
1259 2988 1541 3042 exprimitur:
1571 2995 1645 3027 ms
1666 2996 1886 3027 ιιΑιιιιινι.
1924 2996 1975 3028 ιιι.
1995 2998 2063 3028 ιν·

1178 3064 1271 3096 uo.
1292 3064 1344 3094 u.
1364 3063 1406 3093 r.
1424 3060 1638 3095 ανιιιιιιΑ.
1667 3059 1888 3091 Ρνυιιιιτι.
1916 3060 2062 3090 vnn-1⁸.

1178 3128 1332 3159 aunis.
1370 3125 1544 3156 Lxxxx.
1582 3123 1821 3153 conminu-
1852 3121 2063 3153 camur-

1180 3190 1288 3221 ειη.
1308 3187 1513 3220 centvm.
1528 3187 1626 3216 svo.
1638 3185 1904 3216 mansino.
1919 3185 2063 3217 mir.

1180 3250 1530 3284 numentum-rr.
1549 3249 1663 3278 cvm.
1683 3247 1790 3282 Qvo.
1816 3247 1964 3279 vrxrr.
1981 3248 2065 3279 Λιι-

1181 3317 1270 3347 ms.
1300 3315 1372 3346 nv.
1404 3313 1525 3344 sinu.
1550 3311 1916 3344 corz'ruovunua.
1932 3313 2067 3344 vua.

1181 3369 1381 3410 Era-ttius.
1449 3367 1604 3407 Exstat
1653 3364 1769 3418 apud
1823 3365 2061 3408 Gruterum

1182 3443 1280 3485 pag.
1298 3434 1394 3471 ⁷95.
1414 3432 1456 3471 6.
1881 3472 1885 3479 ,

1238 3493 1366 3540 Quam
1393 3503 1514 3546 prope
1539 3492 1725 3545 aqualem
1749 3492 1931 3543 habebut]
1975 3490 2060 3530 Alii
