2306 3900
323 294 429 348 548

323 428 506 469 Diodor.
544 427 708 477 tradit3
747 427 840 476 ejus
879 425 1043 466 mentio
1065 430 1132 466 est
1160 425 1203 465 in

325 491 509 532 Chabria
529 502 624 542 cap.
644 494 705 531 4.

377 556 459 594 Ex
469 554 650 594 Thressa
661 553 816 606 natum]
847 551 901 593 Τὸ
918 556 1055 593 natum
1084 524 1206 593 abest

322 617 376 657 ab
423 617 741 670 Ultrajectino,
771 623 818 658 et
866 618 1073 670 glossam
1098 618 1202 658 olet.

320 679 475 737 Schott.
495 679 695 722 Gebhard.
732 682 800 720 Ex
814 680 992 724 muliere
1008 680 1203 732 Thressa,

318 743 363 783 id
378 748 458 796 est,
478 744 521 784 in
539 744 864 797 Thracian-ata:
887 743 930 783 ἑκ
943 741 1204 797 φρῄσσηεγυ-

320 805 461 848 ναικός.
518 807 588 848 Sic
607 814 750 855 autem
763 808 994 859 legendum
1009 821 1022 858 ;
1040 819 1140 858 non,
1153 811 1203 846 ut

318 871 462 922 vulgo,
486 871 626 922 Tarsa,
645 877 693 922 ut
712 870 873 911 habent
892 870 1104 922 Exempla
1115 870 1201 910 Ve-

316 940 420 974 neta
438 939 485 975 et
498 934 761 975 Florentino.
786 934 967 974 Lambin.
1003 933 1112 983 -Affi,
1135 945 1204 973 co-

319 997 437 1038 dices
473 997 653 1044 Tam-sa,-
690 997 883 1037 nonnulli
921 1008 1023 1036 vero
1054 996 1204 1036 Thr-asa

316 1059 494 1100 habent.
523 1061 638 1110 Mag.
695 1061 860 1100 Seneca
883 1060 912 1100 l.
934 1059 1052 1100 11.de
1070 1059 1201 1099 Trau-

318 1123 548 1175 quillitate,
578 1123 841 1174 Iphicratem
860 1123 997 1175 ipsum
1016 1121 1202 1167 Thracia

315 1191 458 1226 matre
494 1191 644 1226 natum
682 1186 860 1226 adserit.
934 1184 1062 1228 Quod
1105 1197 1200 1225 cum

315 1248 379 1289 illi
417 1249 699 1301 objiceretur,
727 1250 740 1272 ‘
764 1250 822 1289 Et
850 1247 1016 1301 mater,'
1045 1247 1200 1300 inquit,

314 1317 327 1336 ‘
349 1314 492 1354 Deum
526 1312 772 1354 Idaea-fuit!
801 1313 927 1363 Long.
985 1310 1051 1351 Ad
1072 1323 1198 1364 quem

315 1377 458 1422 locum
480 1376 580 1415 vide
594 1375 623 1417 J
628 1380 768 1416 ustum
783 1374 991 1426 Lipsium.

373 1439 478 1478 Coti‘
503 1439 647 1489 Regis]
693 1436 822 1478 Κότυν
847 1442 1006 1478 vocant
1037 1435 1197 1476 Graeci.

316 1500 486 1540 Probus
504 1505 648 1540 autem
680 1499 836 1540 Latina
864 1497 1094 1547 inflexione
1114 1503 1202 1538 ter-

314 1562 394 1613 tia,
417 1563 558 1602 Cotum
576 1562 698 1602 dixit.
754 1560 843 1601 Alii
860 1560 930 1600 hic
955 1560 1092 1612 Cotyis
1109 1559 1196 1611 legi

314 1628 480 1676 volunt,
516 1639 612 1667 cum
667 1625 819 1678 quibus
851 1637 936 1665 non
981 1623 1198 1676 pugnabo,

314 1690 390 1732 sed
422 1690 515 1730 Coti
551 1702 634 1729 non
664 1687 1090 1741 impr0b02Lambin.
1144 1686 1198 1726 In

313 1755 566 1803 Timotheot
610 1752 858 1793 ‘Adversus
891 1751 1046 1792 Cotum
1081 1750 1198 1791 bella

317 1817 475 1868 gessit!
508 1816 711 1861 Gebhard,

773 2235 937 2313 xm

329 2418 333 2423 ’
367 2410 520 2463 Resque
551 2411 693 2451 multas
718 2414 906 2453 memoria
933 2414 1075 2464 dignas
1107 2425 1195 2465 ges-

312 2473 385 2525 sit]
409 2475 726 2516 Demosthenes
748 2475 873 2518 Orat.
890 2476 932 2516 in
953 2476 1197 2529 Leptinem,

312 2546 411 2576 cum
443 2538 607 2590 magnis
633 2537 789 2579 efferat
814 2539 1042 2580 Chabriam
1061 2539 1197 2580 laudi-

311 2600 407 2653 bus,
442 2608 531 2642 tum
551 2603 641 2655 ejus
669 2615 736 2643 res
757 2609 896 2656 gestas
916 2604 1046 2645 semel
1065 2608 1197 2657 atque

309 2663 465 2705 iterum
487 2674 724 2708 enumerat.
781 2665 878 2708 Ibi:
910 2666 1004 2721 πρὸς
1022 2665 1196 2709 ἅπαντας

310 2729 648 2778 Πελοποννησίους
678 2729 920 2784 παρετάξατο
957 2732 1000 2772 ἐν
1031 2730 1195 2782 Θήβαις,

310 2792 510 2844 Γορνγόπαν
541 2792 767 2835 ἀπέκτεινεν
804 2794 846 2836 ἐν
875 2793 1024 2849 Αἰγίνῃ,
1063 2794 1196 2835 πολλὰ

309 2857 475 2909 τρόπαια
495 2856 677 2905 ἔστησεν.
734 2858 963 2910 Legendus
980 2863 1026 2899 et
1045 2858 1194 2899 Xeno-

310 2920 425 2970 phon
444 2920 518 2961 lib.
539 2932 600 2960 1v.
617 2925 661 2960 et
681 2932 724 2960 v.
744 2921 797 2960 de
814 2919 906 2962 reb.
921 2921 1067 2962 Graec.
1086 2922 1193 2962 Dio-

310 2981 440 3023 dorus
463 2992 541 3022 xv.
572 2994 669 3022 xvi.
713 2983 871 3023 Athen.
892 2983 967 3025 lib.
994 2983 1192 3025 x11.infr.

309 3046 355 3086 iu
375 3045 530 3098 Epam.
572 3046 832 3086 Plutarchus
853 3047 897 3086 in
913 3046 1131 3087 Phocione
1147 3051 1193 3087 et

310 3107 506 3148 Camillo.
554 3108 784 3148 Frontinus
817 3108 894 3150 lib.
925 3119 959 3150 1.
996 3110 1129 3150 strat.
1149 3114 1190 3150 5.

309 3177 356 3210 et
391 3174 456 3211 11.
499 3170 679 3211 Lambin.
706 3171 870 3222 Lougoi.
924 3172 1024 3213 Non
1057 3172 1190 3212 solum

311 3239 453 3272 autem
474 3246 542 3273 res
557 3233 762 3273 memoria
777 3233 926 3286 dignas
945 3234 1094 3286 gessit,
1113 3234 1191 3275 sed

309 3301 355 3334 et
377 3295 501 3336 dixit.
542 3296 661 3348 Lege
680 3297 906 3338 Plutanchi
929 3297 1190 3351 apophtheg.

311 3358 429 3407 IlIag.

328 3418 599 3470 -Olmiaeoque
615 3433 718 3470 genu
738 3423 864 3473 scuto]
913 3423 965 3467 Id
1006 3429 1086 3475 est,
1117 3423 1189 3464 ob-

310 3481 479 3525 firmato
517 3495 627 3536 genu
661 3485 713 3524 ad
743 3491 939 3528 scutumz
970 3487 1141 3529 videtur
1165 3500 1189 3528 a

711 307 886 346 NOTAE
926 305 1260 345 VARIORUM

1302 306 1367 344 IN
1410 306 1460 344 C.
1500 304 1763 344 NEPOTlS

1303 461 1306 463 ,
1326 425 1454 477 Filia]
1483 423 1805 466 Anaxandride.
1821 421 2056 465 Athenaeus
2075 422 2156 464 ini-

1272 479 1339 528 tio>
1363 488 1438 528 lib.
1465 500 1531 528 ιν.
1560 493 1606 528 et
1626 488 1791 531 Seneca
1809 500 1820 526 z
1849 485 1861 506 ‘
1883 485 2008 528 Quod
2029 485 2074 543 in
2092 498 2156 540 sa-

1270 550 1462 606 pientem
1489 563 1574 591 non
1607 550 1728 591 cadit
1755 549 1938 602 injuria,'
1965 561 2063 602 cap.
2084 552 2152 590 18.

1272 612 1439 653 Sauara.

1286 675 1434 715 Nam
1457 679 1573 726 pater
1595 679 1779 727 quantum
1798 675 1841 714 in
1858 687 1898 714 se
1906 674 2009 725 fuit,
2031 675 2154 716 Thra-

1270 749 1352 783 cem
1380 750 1441 777 me
1466 739 1632 789 genuit.-
1659 743 1795 778 contra
1814 751 1860 778 ea
1886 742 2012 781 mater
2030 739 2154 779 Athe-

1269 800 1460 851 niensem]
1482 802 1638 848 Sensus
1654 801 1761 842 iste:
1781 801 1932 852 Pater,
1947 806 2153 853 quantum

1269 861 1313 900 in
1332 874 1378 901 se
1396 861 1497 913 fuit,
1508 863 1715 904 Thracem
1725 865 1866 915 potius
1879 877 2005 918 quam
2019 865 2154 906 Athe-

1269 925 1461 965 niensem
1493 926 1589 966 ideo
1607 927 1773 978 genuit,
1799 928 1898 980 quia
1915 940 1939 968 e
1959 929 2154 970 barbaris

1269 1000 1446 1036 uxorem
1466 988 1619 1030 duxit:
1650 995 1788 1034 mater
1815 997 1958 1043 autem
1986 1003 2078 1045 non*
2097 1005 2153 1033 ex

1270 1063 1346 1091 suo
1365 1052 1569 1103 sanguine
1594 1052 1818 1104 Thracem,
1849 1053 1926 1094 sed
1943 1066 1998 1094 ex
2015 1053 2152 1106 Athe-

1269 1111 1426 1154 niensis
1465 1114 1546 1153 viri
1577 1115 1806 1167 complexu
1842 1114 2151 1172 Atheniensem

1268 1176 1444 1229 gignere
1481 1177 1660 1228 studuit.
1714 1177 1982 1231 Pel-stringit
2014 1180 2151 1231 patris

1267 1251 1364 1278 cum
1379 1239 1562 1280 barbara
1575 1232 1918 1282 matrimonium:
1948 1241 2071 1294 cujus
2085 1253 2152 1286 so-

1266 1303 1348 1343 lius
1367 1304 1423 1344 sit
1441 1317 1493 1344 ea
1512 1306 1654 1357 culpa,
1682 1316 1766 1344 non
1792 1297 1959 1357 matris,
1977 1301 2021 1355 ¹si
2049 1306 2151 1360 quid

1265 1366 1335 1406 hic
1354 1367 1577 1419 indignum
1597 1367 1783 1408 moribus
1805 1368 2058 1416 Graecorum
2074 1376 2151 1421 aut

1268 1432 1499 1483 opprobrio
1525 1433 1765 1473 obnoxium.
1806 1434 2028 1480 Boeclerus.
2084 1433 2152 1474 Si·

1265 1494 1365 1534 mile
1384 1506 1633 1546 responsum
1651 1496 1861 1536 Timothei
1879 1495 1996 1548 apud
2016 1495 2152 1544 Athe-

1263 1568 1402 1596 naeum
1437 1556 1547 1598 libro
1577 1569 1665 1599 xu.
1729 1557 1776 1598 ε0
1811 1557 1854 1598 δὲ
1879 1553 2152 1610 'rametis-exal

1267 1619 1538 1669 σκωπτόμενός
1568 1636 1666 1662 ποτε
1700 1620 1761 1661 ὅτι
1790 1621 1971 1671 τοιαύτης
2003 1624 2063 1672 εἴη
2079 1640 2150 1676 μη·

1264 1683 1367 1736 τρός·
1387 1684 1452 1725 καὶ
1470 1685 1587 1738 χάριν
1605 1701 1655 1738 ’γε
1683 1687 1815 1739 αὐτοῦ,
1831 1688 1966 1741 φησὶν,
1984 1687 2070 1729 οἶδα
2087 1689 2150 1730 ὅτι

1265 1749 1312 1789 δι’
1333 1748 1456 1798 αὐτὴν
1475 1743 1651 1792 Κύνὼνός
1670 1750 1744 1802 εἶμι
1762 1750 1852 1794 vids.
1882 1743 2076 1793 Gebhard.

1025 2231 1717 2314 CHABRIAS·

1262 2411 1408 2452 Probo
1425 2410 1587 2451 dictum
1607 2421 1701 2450 esse
1717 2408 1950 2459 obscurius,
1968 2411 2147 2461 propter

1262 2488 1434 2517 casuum
1454 2473 1776 2515 similitudinem
1793 2487 1804 2514 :
1833 2473 1961 2516 Quod
1975 2486 2148 2525 expres-

1262 2540 1320 2579 sit
1339 2537 1557 2579 Diodorus
1588 2536 1753 2588 planius
1776 2536 1850 2577 lib.
1880 2546 1958 2576 xv.
1986 2534 2050 2576 καὶ
2071 2536 2145 2578 τὰς

1262 2601 1427 2642 ἀσπίδας
1455 2599 1549 2653 πρὸς
1566 2599 1614 2639 τὸ
1639 2597 1736 2649 γόνυ
1753 2598 1972 2647 malumus,
2002 2599 2045 2639 id
2065 2605 2149 2651 est,

1262 2669 1301 2705 et
1319 2663 1463 2717 clypeis
1478 2664 1530 2703 ad
1543 2675 1648 2714 genu
1665 2662 1884 2703 acclinati-s.
1915 2661 2143 2714 Polyaenus

1262 2728 1393 2769 Strat.
1409 2728 1436 2767 1.
1451 2738 1503 2767 11.
1536 2726 1613 2767 Τὰς
1627 2725 1788 2774 ἀσπίδας
1804 2725 1897 2778 πρὸς
1913 2724 2010 2776 ’γόνυ
2025 2740 2144 2779 προσ-

1261 2788 1540 2843 ερεισαμένους,
1577 2789 1621 2830 id
1655 2794 1737 2841 est,
1775 2788 1920 2841 clypeis
1947 2790 1999 2830 ad
2034 2801 2144 2840 genu

1247 2857 1430 2910 firmiter
1459 2855 1678 2897 ordinatis.
1734 2855 1928 2906 Planius,
1954 2854 2144 2907 explica-

1263 2920 1431 2972 tiusque
1449 2919 1627 2959 dixisset
1646 2918 1726 2958 hoc
1754 2917 1898 2968 modo,
1915 2916 2058 2959 obnixo
2072 2930 2144 2970 ge-

1259 2996 1310 3023 nu
1323 2984 1367 3023 in
1381 2978 1544 3023 scutum.
1573 2981 1767 3021 Lambin.
1823 2980 1890 3020 De
1903 2981 1981 3021 hoc
1993 2980 2140 3022 habitu

1260 3046 1314 3085 ad
1349 3044 1629 3098 praeliandum
1666 3043 1903 3095 composito
1929 3043 2146 3085 Marcelli·

1258 3119 1337 3147 nus
1356 3108 1408 3148 de
1425 3107 1626 3157 barbaris,
1645 3111 1691 3146 et
1709 3106 1775 3159 (ni
1789 3104 2154 3161 memoria‘fallit)

1259 3170 1319 3211 D.
1347 3169 1613 3211 Ambrosius.
1647 3169 1810 3210 Savaro.
1850 3168 1991 3212 Quod
2022 3170 2141 3211 Stra-

1259 3237 1429 3284 tegema
1462 3232 1641 3272 Triariis
1667 3231 1870 3273 Romanis
1894 3231 2043 3284 inepte
2062 3234 2141 3273 Vir

1257 3296 1411 3336 doctus
1449 3295 1801 3336 accommodavit.
1873 3293 1977 3334 Alia
2008 3295 2141 3337 etiam

1258 3361 1369 3401 ratio
1395 3361 1643 3402 subsidendi
1669 3360 1749 3400 fuit
1778 3361 1821 3400 in
1850 3371 1901 3400 eo
1927 3360 2140 3404 schemate

1258 3424 1430 3474 bellico,
1450 3425 1562 3478 quod
1589 3423 1847 3464 testudinem
1868 3424 2048 3464 Romani
2067 3437 2139 3465 vo-

1257 3486 1427 3529 cabant.
1475 3486 1684 3529 Stewech.
1712 3485 1766 3527 ad
1802 3487 1959 3539 Veget.
2012 3488 2137 3531 Quod
