2306 3900
682 254 791 293 vn.
855 252 1266 303 Anclnmmffl,
1305 252 1439 291 oAP.
1477 237 1567 290 11.

213 381 259 415 et
289 373 542 428 equitationi
573 372 794 424 indulgere
824 372 995 411 solitum
1026 382 1092 410 re·

213 437 333 479 fert:
374 438 440 477 Ἐν
473 434 596 487 Ἰωνίᾳ
628 434 829 484 χλιδανὺς,
868 433 1090 485 ἐπιτερπὴς,

214 499 395 552 ῥάθυμος,
426 501 468 539 ἐν
484 497 615 551 Θρᾴκῃ
643 496 884 547 μεθυστικὸς,
913 497 1092 536 ἱππαστι-

215 563 295 606 κός.
356 564 579 604 Veto-inum
607 568 748 601 autem
778 562 945 600 Plinius
974 560 1091 599 adhi-

215 626 294 666 bet
310 625 386 665 lib.
406 636 470 665 xx.
488 627 557 664 46.
577 630 621 663 et
642 624 713 663 lib.
731 633 847 662 xvn.
865 626 935 662 23.
966 622 1092 662 Glos-

216 701 274 730 sae
292 688 545 729 Philoxeni:
579 687 762 727 Veterina
781 686 920 737 bestia,
950 683 1093 735 ὑποζύ-

214 766 314 802 γιον.
375 750 662 791 Veterinarium
692 756 834 789 autem
855 748 1094 788 Columella

218 816 270 857 R.
303 813 359 854 R.
390 813 462 852 lib.
498 823 565 852 x1.
597 817 634 852 1.
678 812 831 852 Sehott.
892 811 1094 863 Rebusque

216 876 382 918 neumis
397 875 564 926 deditos]
593 875 829 915 Ebrietatis
844 873 1096 926 pedissequa

217 944 284 980 est
302 938 472 988 Libido,
489 937 770 990 Bacchusque
791 944 936 978 certus
954 937 1095 976 Vene-

217 1002 482 1042 rishortator
496 1005 542 1040 et
556 1001 738 1053 armiger
750 999 934 1052 Apuleio
949 997 1097 1051 appel-

217 1066 351 1115 latur,
386 1076 526 1116 neque
546 1063 701 1104 fortius
734 1064 924 1105 homines
943 1063 986 1103 in
1014 1063 1099 1102 Ve-

218 1139 366 1168 nerem
385 1128 674 1178 stimulantur,
705 1139 830 1180 quam
860 1138 958 1167 cum
978 1137 1097 1166 mero

219 1191 386 1243 alioque
402 1190 674 1241 generosiore
690 1196 795 1243 potu
813 1189 1098 1229 incaluerunt.

219 1254 340 1294 Nota
354 1258 422 1293 est
431 1253 610 1293 historia
625 1254 732 1293 Laii.
751 1253 945 1293 Martial.
963 1253 1100 1292 ‘Duri

218 1329 465 1369 compressa
483 1322 548 1356 est
574 1323 711 1368 nupta
730 1315 887 1365 coloni,‘
913 1314 1101 1355 Incaluit

220 1379 389 1433 quoties
426 1380 572 1420 saucia
609 1391 719 1419 vena
755 1377 905 1418 mero!
959 1377 1099 1416 Varro

221 1442 447 1483 Eunenid.
491 1442 505 1464 ‘
528 1441 622 1493 Ego
657 1446 816 1491 autem,
854 1439 926 1491 qui
960 1450 1099 1479 essem

221 1505 374 1556 plenus
389 1504 478 1543 vini
492 1509 538 1543 et
550 1501 760 1543 Veneris.’
801 1499 1101 1542 Memorabilia

220 1573 320 1608 sunt
338 1566 471 1607 verba
485 1566 736 1607 Scholiastae
749 1566 791 1605 in
807 1563 1102 1616 Aristophanis

224 1629 485 1671 Acharneus.
538 1629 660 1669 ‘leos-
690 1626 734 1668 δὲ
764 1627 828 1668 καὶ
859 1625 920 1668 ὅτι
957 1625 1104 1667 παίδων

220 1691 410 1742 ’γενέσεως
428 1692 550 1733 αἴτιος
568 1692 591 1732 ὁ
607 1689 704 1732 θεός.
757 1687 922 1737 Ἡδονὴν
942 1687 1021 1741 ’γὰρ
1037 1687 1104 1728 καὶ

222 1754 428 1807 ἀφροδίσια
462 1752 561 1805 μέθη
610 1752 844 1803 ἐξανίστησι.
892 1752 1103 1804 Τοιγαροῦν

222 1818 288 1858 καὶ
302 1815 417 1858 Λάϊος
435 1817 567 1857 ἐκδοὺς
587 1814 727 1856 ἑαυτὸν
742 1814 855 1868 μέθῃ,
884 1813 925 1856 ἔς
941 1829 988 1854 τε
1006 1818 1103 1861 βακ-

227 1882 339 1932 χεῖον
354 1880 499 1932 πεσὼν,
518 1878 708 1931 ἐφύτευσε
725 1880 860 1918 παῖδα.
898 1879 960 1918 Et
976 1879 1103 1930 paulo

224 1948 352 1997 post:
397 1941 597 1993 Διονυσίῳ
630 1941 701 1982 τὸν
745 1940 905 1994 φαλλὸν
953 1941 1106 1995 ἑταῖρον

224 2005 324 2048 εἶναί
336 2013 446 2057 φησι.
474 2004 668 2047 ἀκόλουθα
683 2004 762 2058 ’γὰρ
779 2005 1019 2055 Ammiano*
1035 2019 1106 2045 πο-

222 2071 282 2120 τῷ·
306 2068 360 2110 τὰ
389 2067 609 2122 ἀφροδίσια.
665 2068 859 2109 Adducit
890 2072 1107 2120 praeterea

222 2134 367 2174 locum
381 2145 437 2174 ex
453 2131 670 2185 Euripidis
685 2131 934 2172 Phoenissis.
988 2130 1106 2180 Ergo

225 2208 322 2237 cum
341 2196 379 2237 οἱ
394 2194 602 2246 μεθύοντες
616 2193 801 2246 ’γίνωνται
818 2192 904 2246 περὶ
919 2192 971 2232 τὰ
989 2192 1107 2244 &ppo-

226 2257 344 2308 δίο-ια,
375 2258 488 2311 quod
518 2270 604 2298 non
630 2258 846 2310 ignoravit
865 2255 1108 2308 Agrippina

225 2321 411 2363 Neronis
452 2327 608 2372 mater,
650 2322 665 2343 ‘
686 2333 782 2374 quae
818 2319 969 2360 ardore
1006 2318 1107 2359 reti-

226 2385 379 2426 nendo
413 2386 624 2439 potentiae
654 2398 707 2426 eo
736 2397 869 2440 usque
901 2391 1110 2438 provecta

226 2453 310 2500 est,
332 2453 382 2489 ut
406 2449 548 2489 medio
581 2448 684 2497 diei,
714 2460 812 2489 cum
842 2448 882 2488 id
903 2447 1108 2500 temporis

227 2509 347 2551 Nero
378 2521 456 2563 per
486 2512 632 2551 vinum
666 2516 711 2550 et
744 2510 893 2562 epulas
929 2509 1109 2549 incales-

228 2580 366 2626 ceret,
393 2573 571 2615 offerret
605 2586 650 2614 se
684 2573 839 2625 saepins
870 2573 1109 2614 temulento

228 2642 445 2690 comptam
465 2643 511 2678 et
529 2637 693 2677 incesto
711 2635 934 2688 paratam?
971 2635 1109 2675 Tacit.

231 2699 382 2741 Annal.
413 2700 487 2741 lib.
522 2709 618 2740 xxv.
654 2702 694 2740 2.
727 2711 782 2738 ex
818 2698 985 2739 Cluvio.
1014 2697 1110 2737 Val.

231 2761 412 2802 Maxim.
429 2762 505 2802 lib.
521 2772 572 2803 11.
592 2766 629 2802 1.
643 2766 683 2802 5.
711 2763 724 2783 ⁴
746 2761 974 2801 Proximus
995 2772 1020 2799 a
1039 2759 1110 2799 Li-

230 2824 336 2865 bero
355 2825 489 2865 Patre
509 2824 851 2876 intemperantiae
882 2822 1038 2875 gradus
1056 2821 1110 2863 ad

229 2887 519 2928 inconcessam
554 2886 770 2926 Venerem
803 2897 896 2925 esse
934 2896 1111 2924 consue-

231 2949 321 2990 vit!
377 2949 464 2990 Cur
481 2949 666 2989 Thracas
695 2948 821 2988 aliter
839 2946 1014 2988 affectos
1034 2959 1110 3000 pu·

231 3013 400 3053 temus?
454 3011 522 3052 An
544 3018 642 3053 sunt
661 3011 843 3064 simplici
875 3011 1046 3064 ingenio
1066 3018 1110 3051 et

230 3073 387 3128 frigido
402 3077 512 3117 coelo
527 3076 644 3116 nati?
699 3075 827 3116 Prius
844 3086 983 3127 nego;
1008 3074 1113 3114 alte·

231 3149 324 3179 rum
356 3138 662 3178 intendendam
691 3137 744 3179 ad
774 3138 993 3179 libidinem
1025 3149 1111 3178 non

230 3200 449 3241 minimum
494 3198 691 3240 conferre
744 3206 902 3241 norunt
947 3211 1112 3251 omnes,

233 3262 476 3316 praesertim
506 3275 601 3303 cum
636 3262 843 3302 interiore
876 3269 1002 3315 parte
1032 3274 1113 3315 per

232 3324 369 3379 frigus
388 3325 602 3366 cohibitus
620 3324 737 3365 calor
757 3324 871 3376 vino,
887 3326 1007 3379 quasi
1026 3324 1112 3366 suf-

234 3388 330 3431 suno
344 3390 456 3440 oleo,
476 3389 646 3442 gravius
662 3388 965 3429 succendatur.
1028 3390 1114 3429 Ne-

233 3451 468 3493 sciisseboc
479 3451 669 3493 dicemus
679 3450 898 3504 Ovidium,
906 3452 977 3504 qui
986 3452 1116 3492 Thra·

236 3526 308 3557 ces
338 3515 489 3568 gentili
508 3515 613 3557 vitio
633 3513 946 3557 libidinosiores
966 3516 1114 3558 canit?

1920 184 2029 289 ⁵511

1152 371 1335 409 Metam.
1355 380 1418 410 vr.
1447 369 1502 410 de
1528 368 1694 408 Tereo:
1725 367 1737 390 ‘
1762 365 1903 417 Digna
1939 364 2031 417 qui-

1155 434 1250 472 dem
1271 432 1420 482 facies,
1442 433 1515 472 sed
1544 437 1590 472 et
1607 432 1715 472 hanc
1733 430 1880 470 innata
1898 428 2033 470 libido

1154 495 1416 534 Exstimulat
1433 508 1444 543 ;
1475 505 1738 545 pronumque.
1755 504 1886 543 genus
1902 492 2036 543 regio-

1155 557 1279 596 nibus
1313 557 1397 595 illis
1432 557 1484 595 In
1504 557 1717 596 Venerem
1746 561 1839 604 est;
1878 554 2036 606 flagrat

1155 620 1260 660 vitio
1277 620 1503 671 gentisque
1524 619 1714 672 suoque!
1751 618 1862 659 Haec
1878 619 2038 659 tacitus

1155 682 1475 735 praeteriissem,
1507 682 1586 720 nisi
1619 682 1758 733 aliqua
1790 682 2040 733 conjectura

1154 746 1248 786 Viri
1269 746 1408 795 amici,
1435 751 1481 785 et
1496 745 1655 797 alioqui
1670 744 1920 799 doctissimi,
1941 756 2039 796 pro-

1155 808 1358 863 fliganda,
1373 806 1559 849 officium
1574 806 1864 857 humanitatis,
1877 817 1932 845 ne
1947 805 2040 859 eJus

1158 871 1420 913 auctoritate
1458 871 1530 912 alii
1567 870 1610 910 in
1653 869 1813 910 foedum
1851 879 2041 910 errorem

1158 936 1446 984 traherentur,
1500 944 1698 986 promere
1767 931 2040 984 injunxisset.

1161 997 1408 1038 Gebhardns.

1212 1056 1392 1101 Fortiter·
1418 1058 1573 1111 venari]
1618 1058 1860 1110 Xenophon
1904 1055 1978 1097 lib.
2011 1067 2043 1098 1.

1162 1121 1289 1175 Κύρου
1318 1124 1424 1163 urm&
1472 1121 1629 1162 Strabo
1663 1121 1740 1162 lib.
1773 1130 1850 1160 xv.
1881 1118 2045 1161 Omnes

1161 1186 1378 1226 bellicosae
1417 1190 1566 1238 gentes
1614 1183 1912 1225 venationibus
1959 1186 2049 1223 stu·

1163 1250 1285 1301 dent,
1302 1251 1469 1303 hocque
1490 1261 1535 1288 se
1551 1248 1696 1288 labore
1711 1247 1867 1287 durant
1882 1247 1936 1287 ad
1959 1246 2049 1288 bel-

1163 1313 1265 1352 lum.
1335 1313 1406 1352 De
1439 1312 1610 1352 Parthis
1641 1311 1774 1350 Tacit.
1801 1308 1957 1350 Annal.
1993 1320 2046 1350 n.

1163 1379 1205 1415 2.
1224 1385 1290 1415 ιι.
1309 1378 1376 1415 20.
1401 1375 1473 1415 De
1494 1375 1721 1416 Germanis
1745 1375 1890 1415 caesar
1913 1373 1966 1414 de
1992 1373 2048 1416 Β.

1165 1439 1220 1479 G.
1249 1450 1313 1479 vl.
1342 1442 1410 1479 21.
1441 1445 1484 1478 et
1508 1442 1575 1479 28.
1604 1437 1659 1478 de
1687 1437 1868 1486 Suevis;
1906 1436 1959 1476 de
1990 1437 2046 1477 B.

1166 1503 1222 1544 G.
1247 1515 1310 1543 1v.
1333 1506 1371 1543 1.
1399 1502 1508 1542 Ideo
1541 1501 1780 1542 Amazones
1828 1502 1839 1524 ‘
1859 1500 2048 1551 virgines

1164 1567 1207 1605 iu
1245 1565 1429 1606 eundem
1475 1576 1652 1615 morem,
1679 1576 1818 1618 neque
1848 1562 2054 1614 lanificio,

1167 1627 1243 1669 sed
1256 1629 1398 1678 armis,
1412 1629 1546 1683 equis,
1562 1627 1859 1668 venationibus
1875 1638 2053 1667 exerce-

1166 1691 1303 1732 bant!
1355 1690 1409 1732 In
1436 1691 1609 1732 militari
1626 1691 1733 1731 Viro
1751 1702 1921 1744 quoque
1941 1701 2054 1730 com-

1166 1755 1394 1796 mendatur
1430 1766 1526 1794 eum
1565 1766 1644 1806 per
1667 1754 1958 1793 remissionum
1989 1751 2052 1791 in·

1169 1819 1351 1860 tervalla
1371 1818 1480 1858 scite
1495 1822 1652 1858 venatu
1668 1816 1745 1857 uti.
1774 1815 1997 1855 Claudian.
2019 1825 2052 1854 1.

1168 1883 1223 1922 de
1242 1881 1422 1921 Laudib.
1464 1880 1604 1920 Stilic.
1624 1879 1636 1902 ⁸
1667 1879 1713 1919 Si
1731 1877 1903 1931 quando
1924 1876 2054 1916 sociis

1168 1949 1313 1986 tecum
1345 1943 1576 1984 venatibus
1613 1943 1750 1992 ibant,
1789 1940 1897 1984 Quis
1935 1939 2056 1981 Stili-

1168 2019 1276 2047 cone
1313 2007 1431 2060 prior
1479 2006 1595 2047 ferro
1633 2009 1866 2058 penetrare
1911 2003 2055 2043 leones

1171 2070 1388 2119 Cominus,
1421 2074 1496 2110 aut
1512 2069 1640 2120 longe
1659 2068 1783 2119 virga
1801 2065 2056 2118 transfigere

1168 2134 1303 2187 tigres
1320 2133 1349 2173 ?'
1392 2133 1518 2174 Gebh.
1576 2132 1756 2173 Fortiter
1791 2130 1946 2181 venari]
1983 2130 2057 2170 De

1169 2196 1402 2237 Persarum
1410 2195 1639 2236 venatione
1649 2206 1699 2234 ac
1708 2194 1809 2234 luxu
1822 2192 1977 2233 Strabo
1985 2191 2059 2233 lib.

1170 2270 1247 2299 xv.
1270 2265 1316 2300 et
1337 2259 1495 2299 Horat.
1532 2257 1678 2299 Carm.
1714 2268 1747 2298 1.
1778 2255 1859 2296 oda
1889 2255 2057 2305 ultima,

1169 2321 1183 2345 ‘
1200 2321 1396 2362 Persicos
1416 2321 1503 2372 odi,
1534 2333 1656 2373 puer,
1677 2323 1910 2371 apparatus
1924 2317 1950 2358 ι’
1985 2316 2060 2359 ubi

1172 2390 1270 2436 post
1302 2384 1494 2424 Lambin-
1548 2383 1798 2423 Torrentius
1834 2381 2060 2433 praeclare,

1171 2454 1220 2488 ut
1234 2447 1400 2487 mittam
1415 2448 1680 2487 Brissonium
1712 2450 1758 2485 et
1787 2444 1910 2485 Ioan.
1945 2445 2058 2484 Dru-

1172 2523 1263 2550 sum
1284 2510 1358 2551 lib.
1382 2521 1471 2551 xn.
1492 2509 1663 2550 observ.
1692 2508 1892 2550 schottus.

1225 2573 1444 2613 haurtose
1463 2571 1612 2623 vivere]
1639 2570 1751 2611 Vide
1766 2582 1861 2624 quae
1877 2569 1931 2609 ad
1946 2568 2060 2609 Pau·

1172 2635 1333 2676 saniam
1353 2635 1606 2676 notavimus.

1228 2697 1510 2748 Clmrissimus]
1546 2695 1693 2737 Codex
1714 2694 1917 2743 Danielis,
1937 2692 2060 2732 caris-

1171 2762 1305 2801 aimus.
1361 2760 1546 2802 Quidam
1579 2759 1666 2811 legi
1695 2759 1861 2808 volunt,
1890 2754 2062 2797 clarissi-

1171 2837 1270 2864 mus.
1299 2824 1394 2875 Ego
1407 2823 1510 2862 nihil
1524 2829 1656 2863 muto.
1689 2820 1918 2862 Lambinus.
1967 2818 2058 2861 Ha-

1175 2887 1400 2939 bereeurque
1418 2885 1688 2938 charissimus]
1719 2885 1882 2926 Merito
1902 2883 2059 2936 proba·

1173 2961 1266 2989 mus
1281 2950 1595 3003 Excerptorum
1618 2949 1912 2995 Latinitatem,
1931 2959 2059 3000 quam

1174 3027 1259 3054 non
1275 3018 1467 3055 vetustas
1483 3013 1625 3064 modo,
1649 3012 1724 3053 sed
1739 3012 1868 3052 etiam
1890 3010 2060 3052 bonitas

1175 3083 1348 3119 tuetur:
1376 3076 1655 3129 habereturque
1674 3075 1914 3115 karissimus.
1972 3071 2059 3115 Qui

1175 3141 1391 3182 scribendi
1426 3153 1518 3181 mos
1546 3139 1733 3180 obtinuit
1757 3136 1941 3178 florente
1974 3134 2060 3176 Ro-

1174 3217 1259 3256 ma,
1289 3202 1535 3257 refellitque
1558 3202 1778 3243 sciolorum
1808 3197 2058 3240 criticorum

1174 3265 1431 3319 φιλοκαινίαν,
1445 3273 1492 3306 ut
1508 3278 1561 3305 ex
1578 3262 1761 3316 antiquis
1776 3257 2059 3302 monumentis

1176 3331 1410 3370 etiamnum
1443 3326 1753 3381 cognoscimus.
1810 3321 2059 3375 Inscriptio,

1177 3403 1272 3444 quoe
1310 3396 1451 3431 exstat
1471 3401 1570 3443 pag.
1608 3392 1702 3430 329.
1724 3397 1928 3431 comvex.
1959 3395 2055 3431 svo.

1177 3463 1441 3496 sanissimo.
1472 3452 1672 3495 Kenchen.
2040 3449 2047 3453 '
