2306 3900
740 289 963 331 RERUM
1006 289 1081 329 ΕΤ
1121 289 1483 332 VERBORUM.

188 428 215 455 ι·
252 418 378 469 perat,
402 425 530 466 neque
554 413 805 454 immoderato
831 414 1020 468 gesserat)
1048 414 1076 463 i,

191 503 201 507 -
251 469 278 505 8
300 466 363 521 (y.
379 466 572 520 Tyrann.)

196 518 358 558 Justitia
389 519 482 571 (pro
512 520 695 572 aequitate
729 518 855 560 civilis
881 520 999 560 animi
1031 534 1077 561 ac
1133 550 1136 553 v

188 600 197 614 r
251 570 453 624 kmv)
481 573 536 620 iii,
554 577 581 614 2

197 623 341 664 Juvare
359 627 528 678 aliquem
546 626 686 677 opibus
703 626 782 664 suis
810 640 901 674 xxv,
916 631 942 667 2

198 676 224 716 J
228 679 388 717 uvenis:
417 692 479 718 me
491 677 654 730 juvene,
675 678 736 718 Fr.
756 683 783 719 8
800 707 803 711 -

196 730 320 770 Juxta
337 733 527 771 theatrum
544 733 696 772 occisus
713 738 773 772 est
800 732 877 780 xxi,
895 736 922 773 2

612 891 667 930 K.

198 994 392 1036 Kalendae
409 1012 419 1036 ε
440 996 565 1050 pridie
578 995 750 1037 Kalend.
764 997 909 1050 Aprilis
924 1011 1010 1046 xxv,
1022 1002 1076 1040 22

614 1156 663 1196 L.
899 1176 902 1178 ·
1037 1157 1062 1167 χ

199 1261 334 1302 Labeo
352 1262 406 1309 Q.
427 1260 522 1302 Fab.
541 1263 634 1303 Cos.
661 1261 770 1308 xxiii,
791 1267 840 1303 13

200 1315 355 1355 Labor:
394 1316 512 1356 animi
548 1316 718 1355 laborem
755 1316 923 1367 perferre
950 1315 1019 1363 vii,
1052 1321 1073 1356 1

253 1368 428 1461 52:253&ss
443 1367 1078 1476 Tastsszffiffssssfild·}..3.¹3⁰3{2³

251 1478 276 1517 ,1
319 1475 453 1514 multis
469 1474 661 1527 variisque
679 1474 862 1526 perfungi
879 1475 1077 1514 laboribus

193 1568 196 1572 ,
249 1528 325 1581 (de
344 1528 457 1569 variis
479 1527 652 1581 casibus)
680 1528 787 1574 xxiii,
808 1531 860 1568 13

199 1579 432 1622 Laboriosus
467 1582 664 1634 (laborum
707 1579 897 1634 tolerans)
935 1580 1005 1628 vii,
1038 1585 1077 1621 1.

252 1633 335 1682 xiii,
354 1640 377 1677 1
419 1635 647 1675 laboriosius
665 1635 707 1674 id
734 1635 857 1681 ei,an
875 1633 1078 1686 gloriosius

252 1688 383 1736 fuerit,
413 1687 572 1727 difficile
603 1689 679 1727 fuit
704 1686 887 1739 judicare
913 1700 1004 1735 xxv,
1025 1691 1076 1728 12

220 1775 222 1778 ,
253 1741 314 1795 (v.
327 1743 456 1783 Savar.
475 1742 526 1781 ad
538 1742 677 1781 Sidou.
691 1741 818 1793 Epist.
843 1740 902 1787 iii,
920 1741 969 1794 9)

201 1795 353 1836 Laboro
370 1807 542 1848 quaerere
569 1796 621 1834 de
634 1796 707 1836 hac
727 1808 766 1834 re
785 1795 977 1848 (annitor,
995 1800 1077 1846 stu-

198 1885 200 1890 ,
254 1848 347 1895 deo,
366 1848 463 1901 διο.)
491 1849 570 1895 xvi,
589 1852 615 1888 3

203 1900 515 1942 lacedaemonii:
545 1915 569 1942 a
599 1899 909 1941 lacedemoniis
937 1900 1078 1940 arixili-

255 1968 322 1997 um
338 1955 600 1997 Athenienses
618 1961 758 2008 petunt
785 1955 814 2002 i,
831 1959 859 1995 4
904 1968 929 1994 a
954 1955 1077 1994 Lace-

255 2008 458 2049 daemoniis
474 2014 616 2049 cuncta
631 2008 787 2049 Graecia
813 2008 998 2048 liberatur
1024 2008 1078 2055 ix,

253 2066 281 2104 4
308 2062 593 2102 Lacedaemonii
613 2061 809 2114 principes
827 2061 991 2102 Graeciae
1019 2061 1073 2107 vi,

255 2120 274 2158 l
308 2122 408 2156 terra
424 2116 595 2169 marique
613 2117 734 2155 duces
758 2115 817 2162 iii,
835 2119 862 2156 2
890 2115 1076 2155 Lacedae-

257 2170 473 2208 moniorum
510 2168 687 2220 potentia
710 2169 787 2215 ⁴vii,
818 2172 845 2208 9
900 2167 1077 2221 tyrannis

257 2221 308 2274 (i.
325 2236 363 2262 e.
392 2222 561 2261 insolens
590 2221 630 2261 in
650 2227 799 2261 ceteros
826 2221 987 2261 Grecos
1005 2221 1078 2259 do-

257 2275 446 2329 minatus)
474 2289 538 2322 κν,
556 2279 584 2316 6
628 2274 917 2315 lacedaemonii
932 2274 1079 2313 intelli·

256 2335 355 2381 gunt
372 2330 423 2368 de
451 2328 671 2381 principatu
701 2328 776 2368 sibi
803 2341 893 2368 curn
910 2327 1077 2367 Atheni·

256 2383 380 2422 aasib.
415 2388 610 2422 certamen
640 2381 722 2420 fore
749 2382 792 2428 ii,
818 2386 845 2422 6
890 2387 1078 2434 tyrannos

256 2434 925 2529 Εἶᾞέΐξὲοἷῗξὲἶῖέἕέἓῇἕῗέ
954 2434 1078 2526 ²¹32}

261 2542 315 2581 lio
341 2540 480 2594 privati
515 2540 707 2580 sociorum
742 2554 807 2587 xv,
837 2543 865 2580 6
911 2540 1081 2580 retinent

203 2620 206 2630 ι
258 2600 386 2635 arcens
396 2594 529 2634 Th'eb.
547 2592 662 2640 xvi,l
691 2592 734 2632 in
748 2594 951 2638 societate,
962 2605 1080 2645 quam

203 2686 207 2693 ,
261 2661 352 2689 cum
377 2647 589 2688 Artaxerxe
611 2646 800 2694 fecerant,
818 2659 900 2686 non
922 2651 1082 2685 manent

258 2701 313 2748 ix,
328 2705 355 2742 2
399 2708 489 2754 post
515 2700 756 2740 Iaeuctricarn
780 2712 955 2753 pugnam
980 2713 1081 2738 nun-

258 2767 378 2807 quam
396 2767 436 2795 se
454 2755 672 2795 refecerunt
697 2753 790 2802 xvii,
805 2757 830 2795 ’1
858 2765 991 2794 eorum
1010 2765 1081 2805 po-

262 2809 384 2848 tentia
416 2820 598 2861 percussa
625 2807 704 2853 xvi,
736 2811 762 2848 2
807 2819 940 2847 eorum
972 2819 1082 2859 reges

261 2862 342 2900 duo
375 2862 472 2909 xvii,
489 2865 526 2902 1.
557 2859 611 2906 vi,
631 2863 656 2900 8
705 2859 1082 2900 Lacedaemmiivio-

263 2919 325 2953 tus
362 2921 479 2968 atque
518 2914 646 2954 cultus
681 2912 924 2966 parsimonie
957 2912 1084 2954 dediti

261 2968 329 3015 vii,
349 2972 394 3009 11
446 2969 577 3008 omnia
605 2967 656 3007 ad
685 2967 842 3007 oracula
867 2967 1084 3008 referebant

259 3019 314 3067 vi,
334 3025 358 3062 ⁸

209 3072 394 3163 Ialcerare
412 3074 568 3115 vincula
585 3073 761 3127 epistolae
788 3074 843 3121 iv,
871 3077 896 3114 4
943 3073 1082 3128 (vulgo

280 3139 391 3166 arare

206 3179 316 3219 Laco
341 3126 434 3232 (pgr
450 3180 769 3227 antonomasiam,
788 3193 857 3233 pro
875 3178 912 3219 A
983 3179 1082 3232 ilao)

265 3233 348 3280 xiii,
369 3237 407 3274 1.
435 3232 528 3279 xvii,
544 3237 572 3274 2
612 3234 649 3285 ξ.
675 3235 700 3273 8
720 3239 761 3273 et
778 3237 803 3274 4
847 3233 909 3286 (A
967 3246 1082 3285 quem

266 3287 443 3326 ultimum
476 3287 604 3326 locum
634 3292 797 3325 annotat
812 3286 884 3325 Vir
905 3285 1083 3325 doetissi-

265 3353 350 3379 mus
367 3340 591 3392 Agesilaum
615 3345 819 3392 propterea
835 3345 1083 3378 antonomas-

262 3393 344 3434 ‘tice
371 3394 567 3433 Iaconem
599 3405 624 3432 a
641 3391 800 3445 Nepote
816 3393 960 3438 vocari,
977 3392 1082 3454 quod

268 3458 415 3487 morum
434 3447 711 3487 Laconicorum
730 3445 1085 3485 observantissimus

244 3549 249 3554 ι
268 3505 430 3552 totoque
447 3502 538 3542 orbe
557 3498 1010 3553 longecelebratissimus
1020 3499 1083 3539 su-

268 3553 361 3592 erit:
393 3554 506 3606 eique
524 3554 724 3594 sententiae
744 3559 968 3606 argumento
986 3565 1084 3600 esse,

1787 278 2009 336 lxxxvii

1192 417 1299 466 quod
1337 414 1510 455 similiter
1550 413 1726 454 hcoaes
1763 416 2012 466 Pausaniam,

1192 468 1451 522 Lysandrum,
1486 467 1661 520 aliosque
1695 468 2013 512 Lacednmonio-

1191 532 1276 560 rum
1301 522 1421 562 duces
1446 534 1527 560 non
1551 527 1669 561 vocet
1692 521 1757 561 Ne
1787 536 1844 562 os.
1889 525 2013 566 Male.

1192 574 1298 613 Nam
1322 581 1364 614 et
1389 588 1414 613 a
1437 574 1583 614 Nostro
1609 575 1742 628 Lysan
1770 586 1812 615 er
1834 575 1892 617 sic
1915 576 2014 618 dici-

1193 633 1269 674 tur,
1298 633 1340 667 et
1357 628 1407 666 ab
1425 627 1508 666 aliis
1525 626 1606 666 alii.
1623 641 1661 666 v.
1679 634 1762 666 not.
1780 630 1830 668 ad
1859 630 1928 677 vii,
1949 636 2014 672 1⁰.

1192 686 1235 719 et
1250 680 1339 719 infr.
1353 680 1570 732 Paphlago.
1597 679 1759 720 Factum
1773 689 1902 723 autem
1916 684 2015 724 illud

1191 738 1252 772 est
1284 733 1508 773 Graecorum
1543 733 1774 780 imitatione,
1809 747 1859 775 ne
1895 737 2014 789 paulo

1191 792 1283 826 ante
1305 795 1530 838 usurpatum
1557 786 1760 838 Proprium
1781 787 1951 836 Nomen,
1982 791 2015 829 si

1192 839 1323 879 denuo
1353 845 1604 892 repeteretur,
1639 852 1750 880 aures
1786 842 2016 882 offenderet.

1192 892 1297 932 Vide
1326 892 1521 933 Buchner.
1549 893 1602 932 de
1633 901 1819 934 eommut.
1842 901 1915 935 rat.
1937 896 2015 936 dic.

1194 945 1221 991 ἰ,
1243 950 1308 992 lo,
1329 950 1351 986 l

1138 997 1336 1038 Laconica
1354 946 1432 1051 ἐκ.
1451 998 1580 1052 regio)
1607 998 1690 1047 xiii,
1707 1003 1735 1040 2

1138 1051 1345 1091 Lacessere
1358 1052 1508 1092 hostem
1537 1052 1706 1106 (oppon.
1728 1053 1889 1107 cedere)
1921 1055 2015 1102 xxii,

1138 1156 1370 1211 lacrymare
1402 1171 1533 1198 casnm
1562 1157 1728 1210 alicujus
1758 1157 1812 1211 (si
1838 1172 1927 1200 vera
1956 1168 2017 1200 est

1192 1211 1334 1251 lectio:
1372 1212 1613 1265 illacrymare
1645 1210 1772 1264 casui)
1798 1213 1867 1259 vii,
1883 1217 1912 1253 6
1958 1214 2013 1252 la-

1192 1277 1372 1318 crymans
1418 1264 1572 1318 accepit
1606 1264 1723 1303 talem
1769 1266 2016 1307 benevolent.

1191 1318 1264 1356 civ.
1284 1331 1402 1365 suon,
1421 1319 1517 1357 ibid.

1136 1369 1299 1410 Laedere
1315 1385 1324 1409 :
1353 1371 1531 1410 nonnulli
1550 1371 1680 1410 laesam
1699 1370 1748 1409 ab
1763 1383 1812 1410 eo
1830 1370 2016 1422 pietatem

1191 1424 1385 1475 putabant
1401 1424 1473 1478 (de
1499 1424 1760 1470 Timoleonte,
1779 1425 1848 1475 qui
1872 1425 2018 1464 interfi-

1135 1509 1138 1513 .
1191 1467 1374 1516 ciendum
1394 1477 1548 1516 fratrem
1567 1483 1776 1530 tyrannum
1796 1479 2017 1531 curaverat)

1191 1543 1256 1576 xx,
1291 1534 1312 1570 1
1362 1530 1449 1584 (Sic
1486 1530 1623 1570 Cicero
1655 1541 1731 1581 pro
1766 1530 1855 1570 Sex.
1895 1531 2018 1571 Rosc-

1190 1581 1324 1622 Amer.
1361 1589 1373 1607 ‘
1397 1583 1507 1622 vultu
1541 1596 1645 1635 saepe
1679 1583 1832 1622 laeditur
1860 1584 2016 1636 pietas!

1191 1636 1256 1675 Sic
1276 1643 1287 1660 ⁴
1300 1637 1440 1676 laedere
1457 1637 1589 1682 fidem,
1608 1637 1812 1688 pudorem,
1824 1637 2019 1676 existima-

1192 1689 1351 1728 tionem’
1370 1690 1477 1742 apud
1504 1689 1627 1728 bonos
1650 1689 1842 1729 Aucto-es
1860 1691 2019 1743 passim.

1193 1742 1329 1781 Lamb.

1133 1742 1358 1835 lamachii}
1385 1793 1509 1848 (unus
1527 1805 1550 1835 e
1579 1795 1753 1848 Collegis
1781 1794 2020 1850 Alcibiadis)

1132 1870 1143 1877 —
1192 1848 1262 1896 vii,
1280 1852 1307 1889 8

1133 1901 1356 1947 {matius
1385 1915 1447 1948 xx,
1463 1907 1487 1942 5

1138 1956 1328 2008 Lamprus
1346 1955 1558 2008 (musicus)
1586 1966 1649 2004 xv,
1668 1960 1695 1996 2

1285 2022 1397 2050 acum
1449 2009 1538 2062 (alii
1572 2009 1832 2062 lampsacus)
1886 2009 1930 2058 ii,
1968 2015 2019 2052 lo

1196 2063 1320 2116 (Urbs
1335 2061 1498 2114 insignis
1517 2075 1604 2101 cum
1625 2069 1738 2114 portu
1756 2063 1921 2116 optimo,
1947 2065 2020 2103 cir-

1193 2115 1290 2155 citer
1332 2115 1446 2154 initia
1490 2115 1753 2167 Hellesponti,
1798 2129 1869 2169 per
1901 2129 2019 2169 quem

1192 2169 1405 2220 Propontis
1438 2169 1478 2207 in
1509 2181 1612 2208 mare
1645 2171 1815 2221 AEgeum
1845 2171 2018 2217 enititur,

1194 2222 1380 2274 Callipoli
1408 2222 1450 2260 in
1467 2222 1713 2262 Chersoneso
1738 2223 1904 2262 Thracia
1934 2223 2018 2263 sitae

1192 2275 1388 2328 opposita.
1405 2288 1444 2315 ν.
1462 2275 1569 2315 Ubb.
1587 2275 1715 2315 Emm.
1734 2282 1813 2315 vet.
1833 2275 1902 2316 Gr.
1923 2282 2020 2316 tom.

1195 2332 1233 2369 l.
1249 2329 1274 2366 l.
1292 2332 1332 2368 6.
1348 2340 1439 2380 pag.
1455 2332 1509 2369 95

1140 2381 1284 2421 Laelius
1301 2381 1348 2422 C.
1364 2382 1490 2421 Teren
1523 2393 1558 2420 ω
1575 2380 1751 2434 aqualis,
1769 2381 1833 2425 Fr.
1850 2386 1872 2423 1
1892 2389 1934 2422 et
1950 2387 1978 2424 6

1139 2435 1296 2475 Laetitia
1311 2433 1441 2474 minus
1457 2434 1640 2474 diuturna
1666 2434 1735 2482 vii,
1749 2439 1776 2477 7

1137 2489 1197 2527 {a
1226 2489 1260 2526 is
1284 2487 1357 2540 (de
1375 2487 1577 2539 milliario)
1604 2501 1692 2535 xxv,
1712 2491 1767 2529 22
1812 2487 1926 2540 (nam
1953 2502 2019 2541 ap.

1180 2574 1184 2579 .
1262 2553 1313 2578 m.
1328 2539 1506 2579 milliaria
1519 2540 1693 2603 lapidum
1706 2541 1919 2581 intervallis
1929 2555 2020 2582 cum

1192 2593 1315 2686 {ihgni'
1323 2599 1387 2686 Bet
1411 2605 1587 2697 armeris
1609 2593 1689 2634 suis
1705 2595 1958 2635 notabantur.
1977 2608 2017 2634 v.

1139 2676 1142 2679 ⁴
1253 2659 1309 2686 α.
1361 2659 1410 2686 uc
1466 2672 1478 2685 0
1591 2672 1593 2674 “

1139 2699 1314 2753 Largitio
1343 2699 1636 2752 magistratuum
1677 2699 1705 2747 i,
1733 2703 1762 2741 6
1807 2713 1857 2741 ea
1890 2699 2021 2740 interit

1195 2753 1365 2806 pecunia
1391 2752 1434 2800 ii,
1450 2757 1479 2795 ²
1523 2766 1572 2793 ea
1598 2759 1869 2806 pervertuntur
1896 2767 2021 2794 mores

1196 2808 1256 2849 ca
1382 2806 1575 2846 niensium
1611 2808 1705 2855 xxii,
1724 2810 1749 2848 8
1797 2806 2020 2860 largitiones

1139 2893 1142 2897 Α
1194 2861 1331 2901 effuso
1356 2864 1494 2908 uno
1532 2860 1634 2915 (fere
1650 2861 1692 2899 in
1713 2859 1851 2899 malam
1871 2865 2019 2913 partem

1195 2926 1329 2967 usurp.
1359 2915 1446 2954 hnc
1465 2927 1553 2961 vox,
1573 2915 1624 2954 de
1652 2914 1713 2961 iis,
1743 2926 1833 2966 quoe
1851 2913 2019 2953 ambitus

1195 2979 1314 3008 eausa
1330 2969 1539 3007 donamur.
1574 2967 1666 3008 vide
1684 2967 1833 3007 Maret.
1856 2968 1899 3006 in
1921 2966 2021 3007 Tac.

1196 3021 1248 3061 Α.
1270 3026 1306 3062 1.
1348 3020 1508 3074 Boeel.)

1142 3074 1372 3127 Largitudo,
1391 3075 1456 3114 Fr.
1473 3078 1500 3114 7

1142 3128 1348 3168 Lassitado
1368 3143 1378 3167 ε
1439 3139 1463 3167 a
1499 3126 1727 3166 lassitudine
1771 3125 2019 3178 acquiescere

1197 3180 1276 3228 xiv,
1298 3185 1347 3222 11
1396 3179 1665 3220 lassitudinem
1696 3179 1862 3219 militum
1881 3178 2017 3221 sedare

1195 3234 1303 3280 xviii.
1322 3237 1349 3274 9

1146 3286 1283 3326 latere
1312 3286 1533 3338 (occultam
1558 3297 1644 3326 esse
1666 3283 1856 3339 ignorari)
1880 3284 1974 3333 xvii,
1991 3290 2019 3326 6

1196 3341 1248 3378 de
1291 3338 1598 3379 dissimulatione
1637 3337 1788 3392 imperii
1822 3339 2020 3393 eleganter

1197 3392 1305 3439 xvffi.
1321 3396 1348 3434 7

1144 3446 1335 3487 [aihum
1353 3444 1442 3500 (rex
1631 3444 1668 3499 ),
1686 3445 1750 3486 Fr.
1765 3448 1793 3487 ἵ

1145 3499 1274 3540 1Αείῃί
1293 3498 1479 3540 sermonis
1495 3505 1648 3540 nativus
1667 3495 1776 3553 lepor
1800 3511 1889 3544 xxv.
1907 3502 1934 3538 4

1146 3554 1320 3594 Laudare
1339 3554 1543 3595 consilium
1563 3552 1727 3606 alicujus
1754 3551 1844 3598 xvii,
1863 3555 1891 3591 6
