2306 3900
793 272 856 310 x.
923 273 1190 324 monum,
1231 275 1363 314 cAP.
1399 264 1454 316 3.

191 398 312 438 ρησεν
330 387 434 440 αὐτῷ
449 388 702 440 διαλέγεσθαι
719 388 806 442 περὶ
830 392 912 431 τῶν
936 390 980 432 ἐκ
1004 393 1077 440 τῆς

190 450 479 503 Ἀριστομάχης
494 452 640 494 τέκνων
657 454 682 493 δ
697 452 812 495 Δίων.
846 455 1074 496 Lambinus.

245 519 299 558 Id
316 519 455 559 medici
472 532 548 559 non
565 519 789 570 tacuerunt]
817 520 867 559 Οἱ
891 517 934 558 δὲ
952 518 1075 572 ἰατροὶ

190 582 247 632 τῷ
263 580 452 631 μέλλοντι
469 582 544 630 τὴν
556 581 684 635 ἀρχὴν
698 579 944 632 διαδέχεσθαι
961 597 1074 635 χαρι-

189 643 358 696 ζόμενοι,
370 645 502 699 καιρὸν
513 645 558 686 οὗ
571 644 784 698 παρέσχον.
805 647 929 687 Idem.
957 647 1073 688 Hem

190 709 328 748 scelus
349 709 617 749 Medicorum
638 709 678 748 in
701 710 799 749 aula
818 710 828 749 !
855 722 953 750 nam
972 722 1072 762 cap·

190 771 333 812 tandae
348 772 607 812 successoris
628 773 778 824 gratiae
798 773 1071 824 desperatam

188 832 445 875 dominantis
459 836 749 875 valetudinem
766 841 842 876 aut
861 842 1013 876 contra
1023 836 1072 876 fi-

186 896 284 938 dem
298 899 492 950 vulgant,
505 904 579 940 aut
590 911 666 940 suo
678 899 917 940 ministerio
927 901 1071 953 oppri-

183 966 307 1001 munt
321 961 678 1015 extinguuntque.
691 962 866 1002 Tacitus
884 962 993 1004 Anu.
1007 974 1071 1004 Vl.

185 1037 223 1066 c.
237 1029 303 1066 50.
331 1025 386 1065 de
405 1026 627 1067 Charicle:
649 1027 663 1049 ‘
686 1027 755 1080 qui
771 1026 856 1066 labi
869 1027 1068 1078 spiritum

183 1100 265 1128 nec
290 1089 403 1128 intra
421 1089 595 1129 biduum
616 1090 868 1130 duraturum
897 1090 1068 1131 Macro·

183 1151 227 1191 ni
257 1150 454 1193 firmavit.
510 1151 620 1192 Inde
649 1157 807 1193 cuncta
837 1153 1066 1206 colloquiis

182 1213 298 1254 inter
313 1221 562 1266 praesentes,
581 1216 748 1256 nunciis
766 1215 881 1269 apud
900 1216 1065 1268 legatos

180 1282 226 1317 et
246 1277 464 1318 exercitus
492 1277 833 1320 festinabantur!
876 1279 968 1320 Liv.
989 1280 1064 1322 lib.

180 1349 251 1379 11..
272 1343 341 1380 56.
369 1341 382 1364 ‘
403 1341 603 1382 Medicus
623 1342 882 1394 Calligenes,
899 1344 972 1396 qui
989 1355 1065 1384 cu—

177 1403 333 1444 rationi
347 1411 549 1456 praeerat,
561 1418 644 1446 non
659 1411 910 1458 exspectata
923 1414 1063 1448 morte

177 1466 306 1520 regis,
336 1480 363 1508 a
408 1469 554 1520 primis
593 1470 902 1523 desperationis
945 1473 1062 1513 notis

175 1530 348 1571 nuntios
380 1532 721 1586 praedispositus,
746 1535 810 1575 ita
835 1541 885 1576 ut
907 1548 1062 1577 conve·

176 1598 316 1645 uerat,
344 1594 460 1635 misit
477 1596 531 1636 ad
559 1597 798 1639 Perseum.’
844 1599 904 1639 Et
931 1611 1060 1640 neces

175 1657 393 1710 pleraeque
411 1660 595 1700 occultae
624 1672 770 1714 regum
798 1674 941 1704 annon
971 1676 1060 1704 me—

175 1717 367 1760 dicorum
391 1722 555 1763 scelere
593 1735 645 1763 ac
682 1724 861 1775 perfidia
893 1727 1059 1767 accele-

174 1784 306 1823 ratae?
321 1784 376 1824 de
389 1786 581 1826 Eudemo
592 1787 767 1827 Tacitus
785 1787 855 1828 lib.
869 1798 932 1828 zv.
941 1787 1055 1830 Ann.

173 1859 212 1887 c.
235 1850 277 1887 3.
297 1847 352 1888 de
371 1849 658 1901 Xenophonte
674 1849 758 1891 vid.
777 1850 852 1892 lib.
870 1862 956 1893 111.
975 1856 1043 1894 67.

229 1909 452 1952 Sermonem
470 1914 706 1966 retulerunt]
727 1913 937 1956 Habitum
956 1928 1056 1958 cum

171 1973 379 2015 medicis:
435 1975 550 2028 quod
583 1981 694 2016 teste
727 1977 934 2018 Lambino
963 1980 1057 2032 qui·

170 2038 270 2078 dam
290 2038 534 2080 redundare
555 2040 818 2081 existimant.
847 2041 1054 2083 Schottus

169 2107 314 2143 autem
350 2104 403 2143 ad
435 2102 674 2156 Dionysium
696 2103 833 2157 filium
867 2105 1056 2147 seniorem

168 2167 461 2220 conjectabat.
517 2167 789 2220 Perperam:
817 2179 916 2208 nam
950 2168 1055 2209 Cor·

166 2229 304 2270 nelias
338 2230 480 2283 potius
516 2231 758 2284 extulisset,
772 2230 910 2284 filium
934 2231 1054 2282 m‘v'O·

167 2304 252 2334 rem
269 2297 380 2334 natu.
428 2293 567 2334 Gebh.

220 2357 465 2409 Commotus]
532 2357 795 2398 Gravissime
840 2358 1051 2401 irritatus.

167 2421 288 2462 Curt.
307 2421 380 2461 lib.
402 2433 466 2462 iv.
484 2424 552 2462 23.
580 2421 593 2444 ‘
610 2422 795 2474 Legatos
813 2422 933 2475 Tyrii
947 2435 1049 2464 con·

164 2489 235 2525 tra
252 2484 326 2537 jus
346 2484 537 2536 gentium
558 2484 722 2525 occisos
750 2485 1049 2538 praecipitave-

165 2553 267 2589 runt
295 2548 338 2588 in
358 2548 505 2589 altum.
560 2547 623 2589 At
648 2548 722 2588 ille
755 2560 926 2589 suorum
958 2554 1047 2590 tam

163 2609 342 2664 indigna
369 2623 475 2651 nece
502 2616 738 2652 commotus
769 2611 916 2652 urbem
936 2611 1047 2653 obsi-

164 2673 269 2714 dere
307 2673 489 2716 statuit!
515 2719 529 2737 s
555 2675 690 2716 Tacit.
727 2673 842 2715 Anu.
879 2686 945 2715 vr.
978 2678 1046 2718 13.

162 2737 177 2759 ⁴
195 2737 330 2779 Queis
352 2742 597 2783 ,commotus
632 2737 847 2778 incusavit
887 2737 1048 2788 Magis-

159 2805 300 2840 tratus
314 2798 578 2852 Patresque.'
597 2799 746 2851 Nepos
755 2799 1021 2841 Timoleonte
1034 2813 1047 2851 ;

161 2861 175 2885 ‘
199 2861 368 2904 Quibus
387 2861 529 2902 verbis
547 2860 655 2901 adeo
682 2861 755 2901 ille
774 2866 842 2902 est
859 2873 1045 2904 commo·

159 2930 245 2978 tus,
280 2932 329 2967 ut
359 2936 662 2978 nonnunquam
695 2924 796 2966 vite
823 2924 954 2966 finem
984 2924 1045 2967 fa-

160 3000 259 3029 cere
279 2987 489 3029 voluerit?
535 2988 733 3030 Gebhard.

211 3051 415 3105 δορα-ειη]
455 3051 467 3075 ‘
483 3052 691 3105 Soporem
705 3051 717 3069 ⁹
766 3064 877 3093 nove
914 3052 1041 3107 dixit,

155 3128 238 3168 pro
255 3115 492 3168 soporifero
511 3117 682 3168 poculo.
706 3114 909 3169 Φάρμακον
923 3117 1042 3158 ὑπνω-

155 3178 267 3219 τικὸν
296 3179 554 3219 Plutarchus
583 3179 728 3230 babet,
759 3180 942 3233 ejitsque
974 3182 1039 3222 rei

157 3248 378 3283 auctorem
395 3242 600 3282 Timoeum
631 3241 899 3283 Historicum
916 3244 1037 3285 citat.

154 3305 319 3357 Lougoi·
363 3305 529 3345 Seneca
559 3303 614 3344 de
641 3303 859 3346 beneficiis
890 3306 966 3348 lib.
994 3321 1037 3350 v.

154 3368 167 3390 ‘
185 3367 256 3408 lta
272 3372 318 3408 et
332 3367 405 3421 qui
431 3368 524 3407 veri
554 3365 753 3407 beneficii
770 3367 956 3420 speciem
973 3368 1036 3411 fe·

154 3428 285 3481 seuit,
304 3435 394 3471 tam
420 3429 615 3482 ingratus
647 3434 731 3481 est,
749 3442 876 3483 quam
909 3443 1036 3472 vene·

153 3490 276 3545 fieus,
323 3492 394 3546 qui
436 3502 648 3547 soporem,
692 3504 789 3535 cum
826 3505 1035 3537 venenum

1925 265 2030 318 533

1141 393 1358 445 crederet,
1377 393 1580 438 miscuit!
1634 393 1722 435 Ubi
1748 406 1924 446 saporem
1941 395 2030 436 vul-

1141 467 1194 507 go
1211 462 1413 508 corrupte
1431 457 1564 508 legas.
1595 457 1751 498 Schott.
1794 458 2027 498 Frontinus

1139 519 1250 560 libro
1273 530 1324 559 ιι.
1344 524 1383 561 5.
1407 521 1420 542 ‘
1441 521 1746 574 Mandragorae
1767 521 1882 562 iuter
1902 533 2028 562 vene-

1137 593 1238 621 num
1286 594 1337 622 ae
1385 595 1583 634 soporem
1630 584 1774 625 media
1820 584 1882 624 vis
1927 584 2027 624 est!

1140 644 1338 686 Gebhard.
1393 645 1644 697 Significant
1671 647 1840 687 Probus
1859 653 1906 690 et
1924 649 2026 688 Plu-

1138 708 1307 748 tarchus
1322 709 1545 760 potionem
1565 710 1897 762 frigidissimam,
1915 724 2026 764 quae,

1136 777 1183 810 ut
1213 783 1268 811 ex
1297 771 1565 812 Medicorum
1594 772 1766 825 scriptis
1785 773 2025 827 didicimus,

1136 834 1247 886 nigri
1267 835 1496 887 papaveris
1515 847 1645 876 succo
1666 842 1742 876 aut
1765 836 1919 877 cicutae
1947 850 2023 888 pa-

1135 897 1222 936 rari
1241 897 1365 939 solet.
1403 898 1518 939 Sane
1537 896 1826 939 Athenienses
1845 900 2022 952 capitali

1125 961 1293 1013 judicio
1328 962 1571 1014 damnatos,
1603 963 1758 1004 cicutae
1789 975 1919 1004 succo
1947 976 2021 1004 ne-

1132 1035 1233 1066 care
1262 1027 1485 1067 solebant:
1517 1026 1789 1079 quamobrem
1820 1027 2022 1069 Juvenal.

1129 1088 1224 1129 Sat.
1272 1100 1354 1130 vu.
1410 1091 1424 1112 ‘
1445 1089 1576 1130 Hunc
1621 1090 1794 1142 inopem
1831 1089 2019 1143 vidistis,

1133 1150 1330 1203 Athenae,
1346 1151 1417 1193 Nil
1434 1158 1594 1205 praeter
1607 1152 1773 1206 gelidas
1785 1165 1900 1194 ausae
1918 1165 2019 1194 con·

1129 1211 1244 1254 ferre
1263 1214 1458 1257 cicutas.'
1489 1216 1671 1266 Magius.
1718 1216 1858 1258 Quam
1877 1221 2016 1257 tusam

1129 1287 1181 1317 ac
1199 1276 1378 1318 dilutam
1400 1279 1690 1330 propinabant
1708 1279 1753 1319 in
1772 1280 1907 1321 calice
1929 1293 2018 1320 mo-

1129 1351 1175 1379 re
1191 1340 1601 1382 medicamentorum
1618 1355 1631 1392 ;
1658 1342 1788 1395 idque
1805 1345 1907 1384 πιεῖν
1917 1341 2015 1397 φάρ-

1125 1416 1250 1452 μακον
1267 1403 1504 1445 dicebatur.
1548 1405 1764 1446 casaubon.

1183 1465 1346 1519 Co‘e‘gii]
1378 1467 1493 1510 Quia
1511 1467 1595 1519 ipsi
1622 1466 1807 1509 fortasse
1835 1474 2015 1522 propter

1125 1527 1410 1582 Hippocratis
1420 1530 1722 1583 jusjurandum
1742 1531 1908 1573 facinus
1920 1534 2015 1574 hor-

1125 1591 1293 1634 rebant.
1335 1594 1516 1644 Magius.

1177 1657 1320 1698 Somno
1337 1659 1504 1712 sopitus]
1519 1658 1571 1699 In
1591 1660 1836 1713 Excerptis,
1851 1672 2012 1702 sumno.-

1123 1725 1174 1761 ut
1199 1722 1402 1762 Acheruns
1429 1721 1675 1773 Acherons;
1704 1723 1854 1764 suboles
1886 1722 2012 1763 sobo·

1122 1785 1215 1834 les;
1242 1791 1288 1825 et
1319 1785 1489 1827 similia.
1556 1787 1663 1827 Erat
1701 1792 1846 1827 autem
1879 1798 2010 1838 sopor

1121 1846 1350 1901 ὑπνοφόρος,
1400 1848 1762 1890 medicamentum
1809 1848 2009 1890 somnife-

1121 1922 1232 1959 rum,
1252 1918 1300 1953 et
1330 1913 1463 1953 morti
1496 1912 1699 1952 simillimi
1725 1912 1890 1965 soporis
1917 1911 2011 1953 effi-

1119 1986 1219 2015 cax.
1248 1974 1494 2028 Hesychius
1512 1988 1524 2016 ς
1541 1974 1788 2027 ‘Ta-umectant,
1803 1976 1825 2014 ὁ
1840 1978 2007 2029 μανδρα-

1118 2034 1251 2089 γόρας.
1291 2038 1406 2078 Nam
1433 2038 1446 2059 ⁴
1467 2037 1767 2088 mandragoras
1797 2036 2007 2089 θανάσιμον

1118 2098 1321 2153 φάρμακον
1350 2099 1417 2140 καὶ
1461 2098 1686 2141 ὑπνοῆικόν·
1733 2103 1854 2155 cujus
1890 2103 2006 2143 inter

1120 2175 1329 2205 venenum
1349 2176 1400 2205 ac
1419 2177 1619 2217 soporem
1645 2165 1788 2215 media
1817 2166 1879 2206 vis
1906 2166 2007 2217 est‚'

1117 2233 1166 2268 ut
1184 2227 1373 2282 loquitur
1390 2228 1634 2270 Frontinus.
1690 2228 1761 2270 Ad
1787 2241 1877 2270 rem
1901 2230 2004 2271 Phi-

1115 2291 1320 2333 lostratus
1338 2303 1390 2334 11.
1406 2295 1473 2334 14.
1484 2291 1602 2333 ”Eo-ra
1619 2291 1663 2332 δὲ
1680 2291 1866 2346 φάρμακα
1883 2292 2003 2335 ὕπνον

1111 2353 1437 2406 μεμηχανευμένα
1447 2357 1531 2398 τοῖς
1548 2355 1770 2410 ἀνθρώποις,
1780 2355 1834 2397 ὧν
1847 2355 2002 2399 πίονι-ές

1111 2432 1159 2459 τε
1175 2417 1243 2458 καὶ
1259 2417 1509 2472 ἀλειψάμενοι
1523 2421 1697 2473 (melius
1715 2419 1742 2469 ἦ
1760 2420 1825 2461 καὶ
1837 2420 1999 2474 ἀλειψά-

1110 2480 1239 2536 μενοι)
1275 2482 1539 2536 καθεύδουσιν,
1570 2483 1807 2526 ἐκτείνοντες
1839 2485 2000 2528 ἑαυτοὺς

1110 2545 1241 2599 ὥσπερ
1270 2545 1594 2595 ἀποθνήσκοντες.
1638 2547 1804 2589 Seneca
1831 2549 1886 2589 de
1912 2549 1998 2590 Be·

1110 2608 1198 2650 nef.
1218 2621 1291 2651 111.
1313 2614 1378 2651 14.
1407 2610 1421 2633 ‘
1436 2610 1642 2652 Promisit
1671 2611 1903 2664 [venenum
1924 2613 1997 2653 do-

1109 2672 1248 2725 miuo]
1268 2679 1314 2714 et
1334 2673 1698 2716 medicamentum
1716 2675 1935 2718 innoxium
1953 2677 1995 2717 ei

1109 2734 1252 2777 dedit:
1285 2748 1368 2789 quo
1405 2748 1502 2777 cum
1538 2737 1704 2788 sopitus
1736 2738 1882 2790 esset,’
1911 2741 1993 2781 &c.

1109 2798 1264 2840 Keuch.

1163 2862 1277 2904 Car.
1298 2865 1337 2902 3.
1368 2863 1459 2903 Tale
1485 2863 1646 2905 initium
1663 2864 1753 2915 fuit
1784 2865 1932 2906 Dionis
1953 2870 1994 2908 ee

1106 2925 1297 2979 Dionysii
1313 2926 1549 2981 simultatis]
1573 2927 1717 2969 Aliter
1736 2929 1992 2972 Plutarchus

1106 2994 1153 3030 et
1184 2988 1426 3032 Diodorus:
1474 2991 1590 3044 apud
1631 2991 1917 3034 Plutarchum
1946 2994 1990 3034 in

1105 3052 1249 3094 Dione
1283 3054 1447 3095 nullum
1479 3054 1562 3095 hac
1605 3055 1660 3096 de
1709 3067 1756 3096 re
1794 3056 1988 3098 verbum.

1104 3115 1219 3160 Quin
1241 3115 1373 3157 tradit
1398 3117 1489 3169 ille,
1506 3117 1759 3171 Dionysium
1779 3118 1989 3170 posterio-

1104 3190 1195 3219 rem
1214 3179 1371 3220 Dionis
1390 3180 1518 3221 animi
1537 3181 1876 3233 magnitudinem
1899 3183 1987 3224 val·

1101 3242 1157 3283 de
1177 3242 1432 3283 admiratum
1452 3255 1559 3296 esse,
1587 3249 1633 3284 et
1665 3256 1922 3296 propensam
1942 3245 1987 3287 in

1101 3317 1148 3346 se
1166 3306 1431 3347 voluntatem
1458 3305 1739 3348 vehementer
1757 3306 1983 3350 dilexisse:

1098 3369 1146 3410 Ὀ
1175 3368 1248 3419 μὲν
1272 3368 1341 3410 οὖν
1371 3368 1574 3411 Διονύσιος
1600 3371 1798 3424 ὑπερφυῶς
1821 3373 1896 3422 τὴν
1917 3390 1985 3425 με·

1098 3433 1351 3485 γαλοψνχίαν
1369 3431 1578 3487 ἐθαύμασε,
1599 3434 1665 3475 καὶ
1682 3434 1757 3485 τὴν
1773 3437 1984 3489 προθυμίαν

1096 3496 1293 3549 ἠγάπησε.
1321 3498 1502 3541 Diodor.
1515 3498 1591 3543 lib.
1604 3511 1703 3543 xvi.
1722 3500 1778 3543 ab
1798 3506 1982 3556 utroque
