2326 3944
615 267 619 270 ·
660 260 724 299 ιι.
775 260 1288 314 τιιΕΜιετοσωῑΜ,
1330 261 1466 304 cAr.
1505 251 1590 305 10.

224 377 297 421 cui
314 376 549 420 orationem
575 378 758 420 'similem
793 391 888 421 esse
917 378 1106 421 dicebat.

223 441 407 485 lambis.

279 506 440 548 Annum
466 506 564 547 milei
588 507 774 558 temporis
800 507 887 558 des]
931 507 1014 546 Vel
1042 519 1110 546 ‹m-

224 581 319 613 Μ
347 568 446 609 milti
475 574 626 621 tempus
654 571 736 611 des.
791 570 898 612 Cod.
925 571 979 612 P.
997 570 1108 611 Dan.

225 633 338 683 Vel,
358 645 529 674 anuum
562 633 662 674 mihi
697 635 884 686 temporie
925 635 1109 687 spatium.

225 697 310 743 Ms.
337 697 539 740 Puteaui.
606 699 762 739 Annum
796 699 894 740 mihi
928 700 1111 752 temporis

223 761 311 814 des]
337 762 410 804 Sic
426 763 586 804 dictum
607 763 829 817 eleganter
847 764 933 804 κατ’
953 764 1111 816 ὕστερα·

223 824 382 878 λογίαν,
413 838 498 879 qua
516 838 672 867 nomen
692 838 848 879 regens
866 839 966 868 casu
987 826 1111 879 recti,

224 894 271 931 et
305 893 458 930 contra
489 894 657 930 rectum
687 891 880 942 regentis
908 888 1111 934 efferunt.

225 952 322 994 Nec
352 951 499 993 obstat
532 953 758 1005 appositio,
790 965 917 1006 quam
936 958 1111 996 ‘vocant

225 1014 499 1069 ἑρμηνευτικὴν
524 1028 667 1056 annum
696 1016 795 1056 mihi
825 1021 978 1068 tempus
1014 1019 1111 1064 deu

226 1085 276 1119 ut
294 1084 363 1121 est
379 1079 422 1119 iu
438 1077 606 1122 Gifauii
620 1079 814 1122 schedis:
844 1080 927 1132 vel,
942 1093 1110 1121 annuum

224 1141 322 1185 milti
335 1146 500 1194 tempus,
527 1142 636 1182 utin
656 1143 902 1195 Excerptis.
950 1143 1110 1187 Amnum

225 1209 371 1244 autem
388 1204 571 1257 temporis
589 1204 700 1246 dixit
717 1206 896 1258 Noster,
906 1210 985 1259 pro
1004 1211 1110 1247 tem-

226 1277 310 1318 pus
328 1267 456 1316 anni3
484 1271 533 1308 ut
563 1268 576 1290 ⁴
599 1266 693 1308 dies
710 1266 872 1320 spatii,'
899 1280 979 1321 pro
1011 1281 1109 1321 spa-

224 1327 337 1375 tium·
363 1329 464 1382 diei,
482 1330 630 1371 Coesar
677 1331 733 1372 de
767 1332 892 1373 Bello
922 1333 1109 1377 Gallico}

226 1393 484 1446 Quanquam
514 1398 560 1437 et
585 1407 731 1436 annum
745 1400 899 1448 tempus
916 1397 1111 1450 probem,

226 1459 279 1497 ut
302 1456 540 1508 ‘puuctum
571 1457 755 1513 tempus'
790 1459 906 1511 apud
938 1460 1110 1503 Lucret.

229 1518 431 1560 Keaoehen.
474 1531 475 1534 ¹

282 1584 473 1626 Caulo.
494 1585 657 1627 Veniam
674 1586 801 1640 dedit]
822 1586 1051 1629 Concessit
1069 1588 1111 1629 ei

222 1655 449 1700 ¹:immuunt
464 1650 543 1690 hoc
555 1652 759 1703 temporis
769 1651 910 1704 spatio
921 1652 1110 1704 linguam

227 1717 275 1759 et
290 1710 495 1757 instituta
508 1712 688 1769 Persica
707 1713 911 1756 disceret.
957 1714 1030 1755 Sic
1049 1715 1111 1755 lo

228 1775 374 1829 quitur
387 1777 429 1816 iu
446 1776 682 1817 Pausania:
701 1778 714 1800 ‘
734 1778 859 1821 Quod
875 1779 910 1819 si
928 1791 1023 1819 eam
1046 1792 1114 1820 ve-

227 1839 346 1880 niam
375 1838 455 1879 sibi
475 1838 690 1881 dedisset!
741 1841 950 1882 Similiter
965 1842 1111 1883 Dione

228 1907 361 1953 atque
392 1901 596 1944 Eumene:
651 1903 800 1945 Caesar
831 1904 908 1947 lib,
931 1917 1016 1947 vu.
1047 1909 1112 1949 15.

227 1965 400 2005 ‘Datur
434 1967 685 2016 petentibus
728 1967 877 2009 venia?
947 1969 1111 2011 Justin.

226 2038 291 2077 xl.
312 2031 390 2068 15.·
435 2029 777 2072 Cicero‘Attico.
802 2032 816 2055 ⁴
831 2031 1068 2084 Impetravi
1087 2045 1113 2074 a

223 2091 463 2142 Salaminiis
482 2098 531 2147 ut
546 2093 739 2146 silerent,
754 2095 918 2136 veniam
939 2096 1110 2151 quidem

227 2154 289 2195 illi
325 2155 428 2196 mini
455 2155 696 2199 dederuut.’
740 2158 941 2202 Gebhard.
1010 2161 1113 2201 Non

224 2225 372 2265 narrat
391 2219 487 2261 heic
515 2220 697 2271 Probus,
726 2227 888 2276 quanto
921 2224 967 2264 iu
998 2225 1111 2277 peri-

227 2284 324 2327 culo
353 2284 660 2332 Themistocles
688 2292 887 2326 versatus
922 2287 994 2335 sit,
1013 2298 1113 2331 cum

228 2360 256 2393 a
272 2348 491 2391 Mandane
509 2349 634 2391 Darii
653 2349 756 2401 filia,
783 2351 943 2392 Xerxis
962 2362 1112 2393 sorore

228 2417 455 2458 accusatus
483 2418 565 2454 est.
620 2414 748 2457 Quod
782 2415 1024 2468 expositum
1044 2421 1113 2458 est

226 2487 254 2519 a
271 2474 463 2518 Diodoro
482 2475 627 2517 Siculo
647 2476 720 2518 lib.
743 2487 810 2518 xi.
841 2478 1022 2520 Lambin.

285 2540 411 2581 Omne
445 2539 489 2580 id
520 2544 673 2593 tempus
707 2541 835 2595 literis
869 2544 1113 2596 sermonique

228 2602 446 2647 Persarum
457 2604 587 2656 dedit]
614 2604 714 2646 val.
730 2607 945 2648 Maximus
963 2608 994 2648 l.
1010 2619 1113 2650 vm.

227 2669 270 2714 ⁶1,
321 2667 629 2709 'niemistocles
656 2673 669 2693 ‘
691 2682 769 2722 per
797 2676 1004 2723 summam
1036 2673 1113 2714 iui-

228 2729 440 2782 quitatem
454 2730 594 2782 patria
607 2732 768 2784 pulsus,
784 2740 827 2775 et
842 2734 896 2775 ad
908 2735 1119 2788 Xerxem,

229 2803 358 2845 quem
386 2792 532 2846 paullo
565 2799 667 2836 ante
695 2794 932 2849 devicerat,
966 2797 1115 2839 confu-

230 2867 334 2908 gere
354 2859 546 2908 coaetus,
567 2857 811 2911 priusquam
844 2859 888 2900 ia
907 2871 1116 2913 eonspec-

230 2926 324 2962 tum
339 2919 434 2972 ejus
454 2920 636 2973 veniret,
662 2919 844 2965 Persico
862 2923 1046 2964 sermoni
1065 2934 1116 2966 se

230 2981 460 3024 assuefecit
475 2995 490 3035 ς
521 2987 570 3026 ut
587 2983 737 3025 labore
755 2991 882 3038 parta
899 2998 1114 3030 commen-

230 3044 407 3094 datione
437 3045 566 3100 regiis
594 3046 767 3088 auribus
786 3046 1037 3091 familiarem
1066 3055 1115 3092 et

229 3113 447 3152 assuetum
489 3122 639 3153 sonum
690 3112 804 3154 vocis
862 3113 1114 3156 adhiberet!

230 3167 417 3215 Graecus
433 3173 629 3226 Scriptor
644 3173 803 3224 ἄθηλος·
844 3176 1021 3228 Μηδικὴν
1037 3185 1115 3229 φο·

230 3236 301 3286 νὴν
317 3237 446 3288 μαθὼν
461 3236 631 3289 ἐδίδαξεν
646 3237 766 3280 αὐτὸν
781 3239 1119 3295 (Artaxerxem)

230 3303 312 3345 πᾶν
334 3300 466 3343 ἅπασι
487 3301 558 3343 τὸν
574 3301 724 3354 πατέρα
748 3301 903 3355 Ξέρξην
942 3305 1035 3346 Cic.
1069 3304 1122 3347 ἰιι

231 3365 408 3410 Catone.
436 3366 636 3408 Gebhard.
674 3366 760 3408 Sed
782 3367 1011 3409 verisimile
1031 3374 1115 3417 est,

231 3429 373 3481 ipsum
410 3430 643 3473 Persarum
679 3430 864 3483 linguam
897 3443 954 3472 ex
990 3437 1116 3484 parte

234 3491 508 3545 addidicisse,
538 3505 588 3534 ac
623 3500 787 3535 tantum
819 3495 860 3535 in
891 3507 939 3535 ea
975 3506 1051 3547 per
1071 3495 1113 3535 id

346 3563 485 3615 Delph.
502 3568 541 3603 et
561 3563 653 3604 Var.
678 3564 785 3605 Clus-

1090 3566 1128 3605 N
1133 3580 1191 3619 ep.

1950 248 2061 306 449

1170 386 1340 433 tempus
1388 380 1638 434 profecisse,
1675 385 1722 422 ut
1756 379 1881 435 Regi,
1916 381 2059 435 quoad

1170 443 1262 484 fieri
1289 445 1445 497 potuit,
1462 445 1789 498 intelligeretur.
1849 445 1964 486 Hine
1983 444 2057 486 lux

1172 506 1394 546 Plutarchi
1417 507 1572 559 verbis,
1588 506 1846 559 ἀποχρῶντως
1871 508 2059 563 depravabit,

1170 569 1283 623 quod
1301 576 1348 610 et
1363 571 1637 622 Thucydides
1659 570 1859 624 affirmat,
1873 577 1917 612 et
1936 573 2060 613 multi

1172 633 1260 684 alii,
1303 645 1357 673 ex
1393 634 1548 687 quibus
1589 634 1753 686 liquido
1789 635 1833 676 id
1870 636 2058 678 evincas.

1173 695 1358 737 Accedit
1377 697 1567 749 iusuper,
1594 697 1753 738 Persas
1783 698 2011 751 plurimum
2033 713 2059 740 a

1172 760 1341 801 Graecis
1374 766 1590 801 mutuatos
1621 773 1733 814 esse,
1761 763 1859 802 dum
1890 763 2058 804 infinita

1173 824 1312 865 adhuc
1330 823 1492 865 habent
1513 823 1851 878 vocabula‚'quae
1868 827 1922 867 de
1939 829 2059 867 Grae-

1173 899 1225 931 co
1254 900 1447 930 manasse
1481 889 1516 929 is
1552 888 1722 929 demum
1759 895 1906 942 potest
1938 891 2059 931 dnbi-

1172 956 1282 1007 tare,
1311 952 1384 1008 qui
1417 954 1558 995 omnia
1589 954 1774 1007 ignorat.
1831 954 1870 994 A
1892 954 2058 995 Graecis

1173 1020 1303 1072 igitur
1323 1019 1377 1059 ad
1399 1019 1556 1059 Persas
1577 1030 1644 1057 res
1662 1017 1754 1070 ipsa
1770 1029 1867 1057 cum
1888 1018 2058 1058 nomine

1173 1076 1385 1124 transiit.¹
1417 1082 1543 1125 Quod
1577 1081 1722 1122 multis
1743 1081 1980 1123 rationibus
2003 1081 2059 1122 ad

1170 1144 1363 1186 Soliuum
1411 1157 1532 1186 suum
1579 1143 1804 1186 confirmat
1853 1145 2058 1185 Claudius

1170 1208 1414 1248 Salmasius.
1469 1207 1568 1247 'Non
1585 1219 1756 1259 semper
1784 1219 1889 1259 ergo
1909 1219 1934 1247 a
1954 1208 2060 1248 Cor-

1172 1271 1286 1311 nelio
1303 1269 1518 1322 standum,
1536 1269 1635 1310 dum
1656 1270 1698 1309 in
1717 1270 1787 1309 illa
1799 1269 2060 1322 juvatsquo-

1172 1347 1263 1375 rum
1302 1333 1564 1386 probabilior
1600 1334 1787 1387 alioquin
1824 1339 1891 1374 est
1935 1334 2060 1375 fides.

1170 1397 1319 1439 Simile
1335 1395 1446 1438 infra
1467 1397 1685 1450 judicium*
1711 1395 1767 1437 de
1797 1397 1939 1437 Dione
1962 1397 2061 1450 jac-

1172 1466 1254 1513 tat,
1272 1472 1399 1515 quem
1430 1459 1539 1502 adeo
1572 1460 1949 1512 Carthaginienses
1969 1474 2062 1502 sus-

1172 1531 1404 1579 pexerunt,
1431 1529 1482 1566 ut
1497 1525 1706 1564 neminem
1726 1537 1912 1577 unquam
1927 1525 2061 1566 Grae·

1171 1603 1223 1632 ca
1240 1591 1389 1642 lingua
1407 1590 1653 1643 loquentem
1671 1588 1806 1640 magis
1824 1588 1909 1629 siut
1926 1587 2064 1628 admi-

1173 1655 1271 1695 rati.
1299 1653 1503 1694 Keuchen.

1227 1717 1277 1757 In
1295 1716 1476 1769 Perside]
1498 1715 1645 1758 Graeci
1663 1714 1831 1768 Περσίδα
1842 1728 2064 1770 nunquam

1173 1785 1355 1832 ponunt,
1380 1780 1463 1819 nisi
1480 1779 1534 1820 de
1554 1780 1805 1832 particulari
1826 1779 2065 1822 Persarum

1174 1844 1363 1896 regione.
1420 1842 1791 1885 Quemadmodum
1804 1842 1951 1885 Persae
1973 1856 2064 1885 uon-

1174 1920 1254 1960 pro
1283 1907 1477 1947 Persidis
1508 1906 1703 1959 regione,
1734 1906 1808 1948 sed
1833 1908 2064 1948 Persarum

1175 1971 1353 2022 imperio
1386 1975 1626 2010 sumuntur.
1679 1969 1753 2012 Sic
1790 1971 2066 2023 distinguunt

1173 2036 1288 2075 inter
1305 2033 1496 2086 Περσικὰς
1520 2032 1669 2085 πόλεις,
1694 2039 1743 2074 et
1767 2033 1904 2075 πόλεις
1922 2033 2062 2086 Περσί-

1173 2101 1252 2140 δος.
1320 2099 1404 2140 Hae
1437 2102 1538 2138 sunt
1568 2097 1763 2138 Persidis
1797 2097 1943 2149 urbes,
1974 2099 2062 2138 inae

1175 2162 1361 2203 Persicae
1378 2161 1690 2207 dominationis.
1709 2160 1874 2201 Salmas.
1928 2161 2065 2202 Sluis-=

1175 2226 1291 2267 keuii
1311 2225 1569 2266 membranae
1590 2224 1783 2265 disertim
1804 2225 1976 2265 Persida
2003 2226 2063 2265 le-

1175 2296 1297 2343 gunt.
1355 2289 1595 2340 Utrumque
1639 2294 1822 2328 rectum.
1895 2287 2065 2329 Persida

1175 2367 1253 2407 pro
1273 2354 1426 2402 Persis,
1446 2358 1495 2396 ut
1518 2352 1723 2402 Chalcida,
1748 2351 1943 2403 Leucada,
1976 2353 2062 2392 Eli-

1173 2422 1250 2459 da:
1272 2430 1357 2471 pro
1375 2417 1560 2467 Chalcis,
1581 2418 1758 2507 Leucas,
1777 2416 1886 2468 Elis,
1903 2422 1948 2457 et
1963 2416 2062 2457 alia.

1175 2483 1375 2524 Kenchen.

1229 2545 1314 2587 Hic
1343 2558 1430 2586 cum
1463 2546 1588 2587 multa
1617 2557 1707 2596 reg-2
1725 2549 1825 2585 esset
1840 2536 2060 2597 pollicitus]

1175 2609 1331 2650 Cicero
1365 2609 1441 2650 lib.
1482 2618 1530 2650 x.
1569 2608 1708 2662 Epist.
1743 2609 1799 2649 ad
1838 2608 2062 2649 Atticum:

1173 2674 1186 2696 ‘
1205 2673 1520 2714 'lhemistocles
1539 2685 1623 2713 non
1645 2672 1770 2724 vidit,
1798 2673 1900 2726 quid
1923 2672 2067 2712 Xerxi-

1175 2735 1485 2788 polliceretur.’
1511 2735 1689 2775 Lamhin.

1230 2798 1350 2840 tuum
1391 2797 1597 2838 Groeciam
1627 2796 1725 2837 beno
1769 2797 2065 2851 oppressurum]

1175 2861 1231 2902 Id
1253 2861 1345 2913 regi
1376 2872 1474 2901 eum
1504 2860 1766 2912 promisisse,
1792 2861 1929 2903 ceteri
1958 2874 2063 2916 quo-

1177 2937 1260 2979 que
1305 2923 1536 2978 scriptores
1583 2923 1778 2976 tradunt,
1815 2925 2063 2980 fateturque

1175 2989 1269 3042 ipse
1300 2999 1371 3042 ep.
1405 2991 1471 3029 11.
1499 2994 1546 3031 et
1577 2991 1645 3030 20.
1675 2989 1867 3043 quamvis
1899 3002 1969 3043 ep.
1994 2994 2063 3031 19.

1175 3061 1306 3105 negat
1337 3065 1383 3094 se
1414 3053 1493 3094 hoe
1525 3065 1712 3107 unquam
1746 3053 2061 3095 admissurum:

1177 3116 1345 3158 tantum
1363 3128 1469 3168 ergo
1490 3115 1774 3158 Athenienses
1794 3117 2063 3158 Ostracismo

1175 3192 1252 3222 suo
1280 3178 1575 3233 profecerunt,
1613 3187 1663 3220 ut
1693 3180 1932 3221 eminentes
1965 3192 2064 3233 pro-

1176 3245 1345 3297 scripti,
1370 3244 1614 3296 praesertim
1641 3244 1854 3285 ambitiosi
1877 3249 1923 3286 et
1950 3245 2059 3298 inju-

1177 3307 1251 3348 riae
1292 3306 1651 3359 impatientiores,
1686 3307 1975 3350 iustrumenta
2015 3320 2063 3349 se

1178 3369 1423 3422 praeberent
1453 3369 1745 3423 opprimeudoe
1775 3371 1944 3424 patriae,
1965 3384 2063 3412 cum

1179 3433 1315 3473 tutius
1351 3432 1505 3474 fuisset
1533 3431 1739 3474 subruere
1767 3432 2063 3475 fundamenta.

1181 3496 1262 3538 Adi
1306 3497 1526 3537 Forstner.
1559 3497 1601 3537 iu
1634 3495 1777 3539 Tacit.
1801 3498 1910 3539 Αιιιι.
1932 3510 1980 3539 ιι,
2018 3504 2061 3538 rt

1868 3567 1955 3607 21³
