2306 3900
720 258 856 296 XIV.

217 386 531 439 exscriptorum
561 383 734 438 quidam
766 380 926 435 aliquid
946 379 1098 420 abesse

216 452 569 504 suspicarentur,
603 447 646 488 hi
655 445 834 496 futura-3,
847 445 913 485 illi
928 444 1099 495 ἐπιθοῖτο,

214 513 289 555 isti
305 519 532 568 utrumque
547 510 798 553 vocabulum
814 509 1096 550 intruserunt.

216 579 343 622 Idem.
1094 632 1097 635 .

271 644 450 685 Ornatus
465 643 608 684 vestitu
626 640 813 694 militari]
839 641 1002 693 Magna
1015 638 1096 680 hoc

213 707 308 748 loco
325 707 508 747 varietas
527 706 572 746 in
601 705 724 750 libris
742 704 930 757 scriptis.
986 702 1095 743 Mihi

214 783 296 811 non
316 770 504 811 a'bsurda
530 769 719 821 videtur,
751 778 877 821 quam
909 767 1097 819 scriptu·

214 846 306 875 ram
325 838 538 886 excerpta
551 833 604 874 P.
618 832 795 874 Danieli
824 834 1098 880 attestantur,

213 896 304 950 Ipse
331 901 463 938 autem
494 900 635 936 ornatu
662 895 880 946 vestituque
911 893 1095 934 militari.

212 961 326 1001 Nam
347 971 489 1013 neque
508 959 763 1011 insignibus,
779 970 919 1010 neque
938 956 1097 998 vestitu

212 1022 502 1076 Imperatorio
520 1034 620 1063 usus
641 1027 722 1062 est.
777 1021 903 1061 Gebh.
970 1019 1098 1061 Liber

212 1083 381 1127 Schot't.
401 1085 562 1139 absque
582 1083 735 1137 copula
751 1096 847 1137 que.-
876 1083 983 1124 editi
999 1097 1098 1137 qua-

213 1153 313 1191 tuor
343 1153 505 1190 ornatus
539 1150 686 1189 vestitu
723 1148 908 1188 militari.
981 1147 1096 1188 Uitr.

211 1214 294 1265 ipse
310 1215 441 1254 autem
457 1217 598 1253 ornatu
615 1213 795 1253 militari.
828 1212 998 1253 Schott.

268 1277 456 1328 Corporis
491 1277 685 1328 custodes]
741 1274 1095 1327 Σωματοφύλακας.

211 1337 324 1379 Vide
343 1351 439 1392 quae
461 1339 515 1379 de
534 1339 598 1378 his
618 1350 747 1390 supra
767 1338 820 1378 ad
836 1337 1096 1377 Pausaniam

210 1401 465 1442 notavimus.
523 1401 783 1454 Hujusmodi
804 1401 1001 1441 cohortes
1013 1401 1096 1440 Re-

209 1477 307 1516 gem
326 1464 658 1518 circumquaque
680 1463 987 1517 sequebantur,
1004 1464 1095 1516 qui-

210 1529 290 1569 bus
311 1529 495 1582 stipatus
511 1528 566 1569 ab
586 1527 904 1569 incurrentibus
929 1527 1094 1581 pericu·

210 1592 262 1632 lis
282 1591 563 1633 liberabatur.

264 1654 432 1707 Decepti
450 1655 587 1695 ordine
615 1658 730 1707 atque
745 1653 911 1708 vestitu]
967 1653 1093 1695 Hanc

208 1717 432 1758 historiam
454 1716 593 1758 re'fert
613 1722 659 1758 et
689 1718 884 1770 Polyaen.
912 1717 990 1757 lib.
1011 1728 1095 1757 vu.

208 1781 273 1820 his
293 1780 458 1822 verbis:
497 1778 681 1830 Δατάμης
711 1780 839 1831 μαθὼν
864 1779 915 1820 ὦς
943 1779 1094 1826 ἐπιβου-

208 1842 358 1884 λεῦοιτο
386 1843 459 1883 ὑπὸ
476 1846 716 1896 στρατιωτῶν
745 1842 845 1883 ἰδίων
863 1843 903 1883 ἓν
931 1842 1094 1883 Ἀσπεν-

208 1900 281 1959 δίφῖ
302 1907 417 1958 πεδίῳ
447 1905 603 1957 μέλλων
631 1905 871 1958 συμβάλλειν
886 1907 1096 1958 πολεμίοις,

210 1969 336 2011 ἄλλον
352 1970 574 2010 διεσκεύασε
602 1971 654 2024 τῇ
681 1970 799 2010 αὐτοῦ
823 1970 1035 2023 πανοπλίᾳ,
1054 1971 1096 2011 ἐν

209 2032 314 2087 ἄλλῃ
333 2031 375 2072 δὲ
394 2031 508 2074 αὐτὸς
533 2031 802 2074 ἐκινδύνευσεν·
833 2033 870 2074 οἱ
899 2031 942 2073 δὲ
975 2032 1094 2074 ἐπιθέ-

208 2111 313 2147 μενοι
331 2094 583 2147 ἔγνῶσθησαν
608 2095 681 2138 ὑπὸ
698 2098 770 2138 τοῦ
794 2096 997 2150 σχήματος
1013 2098 1094 2150 ἐξα-

208 2160 454 2211 πατηθέντες.
482 2162 664 2204 Lambin.
755 2154 758 2155 ⁷

265 2225 347 2271 Qui
366 2228 588 2277 suppositus
599 2225 705 2277 erat]
733 2226 838 2279 Legi
855 2227 985 2267 etiam
1001 2238 1095 2279 pos·

209 2294 292 2338 set,
310 2289 597 2347 supposititias,
625 2290 911 2341 ὑποβολιμαῖος.
957 2290 1090 2331 Schot.

208 2351 398 2394 Frustra.
452 2354 516 2393 M.
535 2353 704 2394 Tullius
719 2353 761 2393 iu
774 2354 953 2395 Verrem
970 2367 980 2394 :
1003 2353 1015 2376 ‘
1031 2354 1093 2394 Ut

208 2415 282 2456 ille
309 2415 555 2469 suppositus
585 2415 731 2467 facile,
764 2422 810 2457 et
838 2417 1025 2457 libenter
1045 2429 1091 2458 se

207 2479 342 2532 illum,
371 2479 443 2533 qui
475 2491 560 2520 non
593 2484 704 2528 erat,
722 2491 815 2520 esse
843 2480 1091 2522 simularet!

211 2541 339 2584 Gebh.

264 2605 425 2659 Confixi
443 2604 683 2656 ceciderunt]
723 2605 843 2645 Malo
860 2605 940 2646 hoc
963 2617 1090 2657 quam

208 2667 375 2708 Schotti
394 2667 658 2719 conciderunt,
694 2674 742 2708 ut
771 2668 933 2709 vitetur
953 2668 1090 2708 allite·

207 2730 330 2770 ratio.
359 2730 486 2771 Idem.
834 2752 836 2754 v

263 2792 377 2833 Car.
410 2796 476 2833 10.
527 2793 706 2845 Namque
738 2793 776 2834 is
806 2794 1006 2846 polticitus
1035 2798 1091 2835 est

206 2854 314 2907 regi]
371 2854 603 2907 Polyaenus
624 2855 775 2906 tradit,
792 2857 1091 2898 Mithridatem

207 2918 287 2957 hoc
315 2917 442 2969 jussu
463 2917 591 2970 Regis
619 2916 788 2970 fecisse,
812 2920 842 2960 l.
865 2920 943 2960 vn‘.
966 2924 1093 2974 Μιθρι-

207 2978 303 3034 δάτῃ
320 2978 505 3026 βασιλεὺς
532 2978 763 3033 προσέταξεν
779 2981 1002 3024 ἀποστάντα
1014 2990 1093 3023 Δα-

207 3040 334 3091 τάμην
385 3044 528 3083 κτεῖναι
560 3042 588 3092 ἢ
625 3042 798 3094 ἄγεσθαι.
878 3044 992 3087 Vide
1028 3058 1093 3087 se-

209 3105 402 3159 quentia.

264 3168 477 3221 fidemque
506 3170 554 3209 de
584 3181 630 3210 ea
664 3182 708 3211 re
738 3184 843 3212 more
880 3172 1094 3214 Persarum

209 3233 352 3273 dextra
371 3232 559 3284 dedisset]
614 3233 755 3285 Supra
781 3234 823 3274 in
853 3233 1093 3276 Themisto·

209 3296 305 3335 cle:
349 3296 362 3318 ‘
386 3295 493 3336 Inde
521 3307 606 3336 non
640 3295 758 3347 prius
779 3309 977 3348 egressus
997 3304 1091 3348 est3

210 3371 337 3411 quam
367 3370 442 3399 rex
472 3371 570 3400 eum
603 3358 705 3399 data
733 3359 886 3400 dextra
903 3361 945 3400 in
963 3360 1092 3402 fidem

212 3421 458 3475 reciperet!
523 3423 648 3464 Curt.
685 3422 754 3464 lib.
773 3431 876 3465 vm.
909 3424 920 3446 ‘
944 3424 1093 3465 Laetus

160 3570 186 3595 '
210 3607 214 3612 .

923 253 1256 303 DATAMEM,
1296 253 1432 292 cAP.
1468 239 1555 293 10.

1937 238 2044 294 573

1163 371 1441 425 simplicitate
1484 370 1672 412 Barbari
1707 369 1904 418 dextram
1932 364 2043 410 fidei

1162 449 1250 477 suae
1271 437 1427 490 pignus
1445 435 1598 477 dedit!
1655 437 1723 477 De
1737 437 1818 478 hoc
1835 436 1923 478 ritu
1944 436 2044 477 doc-

1160 500 1350 541 tissimus
1366 500 1607 541 Brissonius
1623 501 1666 541 in
1678 499 1883 542 Persicis.
1911 499 2045 540 Schot.

1160 565 1213 604 In
1235 568 1327 604 toto
1345 575 1456 615 pene
1475 563 1582 604 orbe
1601 562 1684 605 ἔθος
1719 563 1781 603 ἐπὶ
1817 562 1945 604 πίστει
1977 562 2046 603 καὶ

1158 628 1361 678 συνθήκαις
1375 626 1547 675 βεβαίαις
1559 629 1630 669 τὰς
1645 629 1762 680 δεξιὰς
1773 628 1910 669 διδόναι
1921 627 2044 676 ἀλλή-

1157 703 1254 744 λοις,
1286 694 1424 748 inquit
1457 700 1609 735 auctor
1639 694 1903 734 Sclioliorum
1923 693 1965 733 in
1984 691 2044 733 A·

1160 760 1342 813 ristoph.
1361 758 1477 800 Nub.
1533 759 1596 799 At
1615 758 1729 811 apud
1750 759 1908 798 Persas
1936 758 2044 798 fides

1159 827 1318 867 dextra
1336 825 1439 866 data
1458 825 1571 866 omni
1593 826 1841 877 juramento
1857 825 2045 864 sanctior

1160 890 1401 930 ducebatur
1418 893 1547 941 atque
1567 887 1891 928 observabatur.
1946 884 2047 927 Dio-

1161 952 1252 993 dor.
1288 952 1362 993 lib.
1382 963 1478 995 xvl.
1510 950 1696 992 Εἰπόντος
1725 949 1767 991 δὲ
1797 951 1870 990 τοῦ
1897 955 2044 990 Θεττα-

1158 1014 1295 1056 λίωνος
1330 1016 1381 1056 ὡς
1412 1014 1476 1055 καὶ
1510 1015 1631 1066 δεξιὰν
1658 1017 1799 1062 λαβεῖν
1830 1015 1851 1054 ὁ
1884 1013 2046 1065 Μέντωρ

1158 1078 1331 1130 ἠξίωσεν,
1362 1071 1423 1118 ἐπ”ὶ
1442 1078 1595 1119 τούτοις
1621 1080 1643 1118 ὁ
1675 1078 1748 1128 μὲν
1778 1076 1964 1125 βασιλεὺς
1983 1077 2045 1129 op-

1157 1142 1306 1194 γισθεὶς
1324 1143 1375 1183 ὥς
1401 1143 1446 1182 οὐ
1463 1142 1739 1192 πιστεύομενος
1764 1139 1957 1195 παρέδωκε
1975 1139 2046 1179 τὸν

1158 1198 1407 1246 Θετταλίωνα
1442 1208 1525 1246 τοῖς
1562 1204 1778 1258 ὑπηρέταις,
1823 1204 1887 1245 καὶ
1924 1217 2045 1256 προσ-

1159 1268 1292 1321 έταξεν
1318 1270 1479 1322 ἀφελεῖν
1509 1269 1584 1318 τὴν
1613 1268 1803 1321 κεφαλήν.
1875 1268 1982 1308 Ἐπεὶ
2002 1266 2046 1307 δὲ

1157 1334 1399 1385 ἀπαγόμενος
1418 1336 1440 1373 ὁ
1450 1331 1679 1374 Θετταλίαν
1690 1333 1753 1373 ἐπὶ
1771 1333 1845 1381 τὴν
1861 1333 2046 1384 τιμωρίαν

1156 1400 1323 1439 τοσοῦτο
1357 1397 1477 1450 εἶπεν,
1506 1397 1564 1438 ὅτι
1600 1397 1652 1438 σὺ
1683 1396 1770 1449 μὲν,
1798 1396 1828 1436 ὦ
1858 1397 2043 1443 βασιλεῦ,

1156 1461 1311 1516 πράξεις
1333 1461 1359 1503 ὃ
1388 1461 1525 1518 θέλεις,
1554 1461 1576 1501 ὁ
1603 1459 1732 1511 μέντοι
1758 1458 1916 1510 Μέντωρ
1935 1457 2047 1498 δυνά-

1155 1528 1270 1578 μενος
1296 1524 1449 1566 ἅπαντα
1467 1523 1704 1578 καταπράξαι
1734 1523 1794 1564 διὰ
1811 1523 1859 1563 τὸ
1876 1522 1929 1573 μὴ
1960 1523 2045 1562 δοῦ-

1156 1605 1218 1632 ναι
1243 1589 1316 1639 τὴν
1332 1590 1478 1641 πῖστιν,
1502 1587 1612 1630 οὐδὲν
1640 1588 1694 1638 μὴ
1721 1586 1941 1628 συντελέσει
1968 1588 2046 1626 τῶν

1158 1651 1476 1704 ἑπαγγελμένων.
1542 1650 1668 1692 Πάλιν
1697 1650 1866 1693 ἀκούσας
1899 1650 2045 1691 τούτων

1155 1716 1380 1769 μετενόησε,
1409 1716 1474 1757 καὶ
1502 1714 1865 1768 μετακαλεσάμενος
1892 1713 1983 1755 τοὺς
2005 1715 2044 1753 ὑ-

1155 1780 1325 1835 πηρέτας
1343 1781 1496 1834 ἆφεῖναι
1509 1778 1736 1834 προσέταξε,
1750 1779 1814 1820 καὶ
1832 1779 1906 1827 τὴν
1922 1778 2045 1830 δεξιὰν

1158 1846 1273 1887 ἔδωκε
1296 1847 1352 1896 τῷ
1370 1844 1617 1886 Θετταλίωνι.
1667 1844 1780 1884 Ἔστι
1805 1844 1838 1883 δ’
1862 1842 1889 1891 ἡ
1917 1843 2046 1883 πίστις

1158 1910 1255 1959 αὕτη
1304 1907 1541 1957 βέβαιοι-ἀτη
1585 1907 1691 1960 παρὰ
1735 1909 1818 1948 τοῖς
1862 1905 2043 1960 Πέρσαις.

1158 1973 1281 2015 Curt.
1300 1972 1379 2014 lib.
1399 1983 1464 2012 vr.
1484 1975 1552 2012 20.
1581 1973 1594 1994 ‘
1615 1972 1712 2012 Nec
1733 1969 1965 2010 dubitabat
1984 1968 2043 2008 A-

1156 2034 1366 2076 lexander
1383 2033 1528 2086 fidem,
1546 2045 1629 2088 quo
1648 2034 1799 2074 Persae
1823 2032 1953 2073 modo
1973 2043 2044 2072 ac-

1157 2097 1396 2152 cipiebant,
1426 2097 1555 2139 dare:
1607 2097 1871 2148 inviolatum,
1901 2097 1938 2137 si
1971 2108 2045 2136 ve-

1158 2164 1308 2214 nisset,
1327 2161 1454 2203 fore.²
1511 2161 1625 2203 Illud
1640 2160 1788 2217 ‚aiitem
1819 2173 1905 2202 non
1937 2161 2045 2202 satis

1158 2238 1380 2280 assequor,
1399 2238 1451 2267 an
1473 2220 1613 2278 Reges
1631 2225 1935 2279 praesentibus,
1951 2225 2045 2279 qui-

1157 2289 1234 2330 bus
1276 2289 1405 2330 fidem
1443 2300 1560 2330 suam
1609 2289 1867 2330 obstrictum
1906 2287 2044 2334 ibant,

1155 2353 1352 2394 dextram
1380 2351 1539 2394 dextra
1560 2353 1811 2406 jungerent,
1822 2352 1882 2391 'an
1903 2351 2044 2391 verius

1155 2416 1324 2458 dextrae
1343 2416 1621 2457 simulacrum
1645 2416 1875 2466 donarent,
1906 2415 1968 2455 sic
1999 2414 2044 2453 in

1153 2480 1250 2521 enm
1270 2491 1395 2520 usum
1415 2491 1534 2520 more
1563 2479 1702 2531 gentis
1735 2476 2042 2519 fabrefactum.

1153 2543 1183 2588 J
1187 2544 1362 2584 unxisse
1381 2542 1558 2583 dextras
1575 2542 1741 2583 dextris
1758 2540 2043 2593 praesentibus

1154 2607 1309 2660 colligo
1327 2618 1381 2646 ex
1400 2606 1496 2647 loco
1516 2605 1711 2657 Josephi,
1736 2604 1784 2644 ὀ
1802 2602 1858 2656 δὲ,
1890 2601 2044 2655 inquit,

1153 2668 1388 2724 Ἀρτάβανος
1406 2667 1499 2711 τούς
1515 2684 1562 2710 τε
1578 2665 1778 2721 πατρῴους
1809 2665 1918 2707 θεοὺς
1945 2663 2042 2705 ἐπύ-

1154 2747 1290 2784 μνυτο,
1317 2731 1440 2784 μηδὲν
1470 2731 1591 2772 κακὸν
1621 2729 1775 2784 δράσειν
1807 2727 1959 2780 αὐτοὺς,
1977 2726 2043 2767 καὶ

1154 2795 1228 2845 τὴν
1254 2795 1377 2846 δεξιὰν
1413 2794 1555 2847 ἐδίδου,
1588 2793 1691 2846 ὅπερ
1715 2792 1906 2844 μέγιστον
1939 2791 2043 2843 παρὰ

1153 2859 1250 2899 πᾶσι
1284 2859 1368 2899 τοῖς
1405 2857 1531 2912 ἐκείνῃ
1562 2855 1770 2910 βαρβάροις
1801 2854 2043 2909 παράδειγμα

1154 2923 1227 2963 τοῦ
1241 2923 1398 2975 θαρσεῖν
1413 2921 1562 2972 γίνεται
1588 2923 1670 2962 τοῖς
1686 2921 1872 2972 ὁμιλοῦσι.
1927 2919 2043 2962 Quo-

1155 2985 1282 3026 modo
1311 2996 1415 3026 vero
1446 2984 1697 3026 absentibus
1723 2983 1855 3025 tidem
1888 2982 2044 3022 dextra

1155 3048 1346 3090 dabant?
1384 3047 1499 3088 Num
1533 3059 1612 3100 per
1641 3058 1729 3098 eos,
1758 3047 1831 3098 qui
1860 3045 1914 3085 ad
1946 3055 2041 3084 eam

1156 3111 1446 3166 accipiendam
1474 3111 1615 3152 missi?
1657 3110 1861 3151 stabilire
1879 3107 2041 3149 howvi·

1155 3175 1283 3216 detur
1314 3174 1556 3226 Xenophon
1594 3173 1669 3214 lib.
1702 3185 1765 3213 vr.
1808 3169 2040 3224 Cyropoed.

1154 3237 1272 3287 μόνον
1289 3235 1354 3277 καὶ
1372 3235 1423 3275 σὺ
1438 3234 1529 3284 ἡμῖν
1546 3237 1639 3275 θεῶν
1655 3234 1707 3274 τὰ
1725 3233 1847 3274 πιστὰ
1862 3232 2042 3282 ποίησον,

1156 3299 1279 3350 δεξιάν
1294 3314 1338 3339 τε
1351 3298 1432 3349 δὸς,
1452 3297 1518 3338 ἵνα
1535 3295 1709 3350 φέρωμεν
1726 3296 1791 3337 καὶ
1807 3292 1889 3338 τοῖς
1906 3295 2042 3337 ἄλλοις

1157 3363 1294 3414 ταῦτα,
1313 3359 1409 3413 ἅπερ
1427 3360 1473 3400 ἂν
1492 3359 1601 3400 αὐτοὶ
1629 3358 1810 3411 λάβωμεν
1835 3361 1939 3412 παρὰ
1957 3361 2041 3401 σοῦ.

1158 3425 1353 3478 Polyaen.
1373 3425 1445 3466 lib.
1466 3435 1546 3466 vn.
1576 3423 1710 3476 Δεξιᾲν
1738 3424 1868 3465 αὐτοῖς
1898 3422 2041 3473 ἔπεμψε
