2306 3900
739 279 961 323 RERUM
1003 282 1078 325 BT
1117 283 1483 329 VERBORUM.

241 403 554 510 ffifmm,
573 408 615 444 et
635 416 731 444 saxa
748 405 906 457 congeri
924 404 1072 457 jubet)

192 509 392 563 congredi
407 508 484 564 (sc.
508 510 560 550 ad
575 508 741 563 colloq.)
766 509 848 559 xiv,
867 513 918 551 11
960 511 1075 551 dimi-

238 576 331 605 care
348 563 464 604 armis
489 563 571 612 xiv,
586 567 613 605 8
651 562 742 605 Im
770 562 958 615 congredi
985 577 1075 604 curn

240 616 374 670 aliquo
401 617 509 664 xxiii,
529 621 552 658 1
599 615 788 669 congredi
816 615 986 670 (bellum
1003 631 1073 670 ge-

215 706 221 710 .
240 670 348 723 rere)
374 669 483 717 xxiii,
499 673 529 711 6

191 720 384 775 Congruit
416 723 495 763 hoc
530 720 737 762 sententia
770 720 962 768 Deorum,
999 721 1074 776 (ad

239 775 347 815 illam
360 775 692 823 accommodatur,
707 774 884 822 refertur,
902 787 1071 816 consen·

246 828 297 867 tit
311 841 402 869 cum
419 827 488 877 ea)
514 828 571 875 vi,
586 831 613 869 8

187 879 395 934 conjicere
409 882 491 922 tela
500 881 545 921 in
555 882 656 920 host.
668 880 747 927 xiv,
764 883 792 920 9
819 879 952 920 Hinc:
979 893 1075 921 con·

238 934 372 988 jactus
390 935 556 975 telorum
582 933 662 981 xvi,
678 939 704 974 5
751 932 948 986 conjicere
965 934 1074 975 calli·

239 988 400 1029 dissime
417 989 470 1029 de
481 987 622 1028 futuris
635 986 854 1040 (divinare)
871 987 914 1035 ii,
931 991 952 1027 1
981 986 1073 1028 Sic:

240 1041 461 1094 conjiciunt
489 1042 568 1083 hoc
599 1053 734 1080 omnes
763 1054 813 1080 ex
843 1053 891 1080 eo
919 1039 1028 1088 xviii,
1046 1044 1074 1082 2

241 1095 439 1147 conjicere
484 1108 526 1134 se
559 1092 605 1134 in
643 1094 850 1133 sacrarium
887 1093 1075 1146 (propere

239 1147 334 1188 illuc
352 1148 579 1200 confugere,
597 1147 813 1186 securitatis
830 1146 915 1185 scil.
935 1145 1075 1200 causa)

238 1199 286 1247 ii.
303 1206 330 1243 8
356 1201 399 1240 in
416 1200 607 1253 templum
623 1212 672 1239 ex
688 1199 784 1251 fuga
809 1198 903 1245 xvii,
918 1202 946 1239 4
988 1199 1074 1253 (Sic

239 1253 398 1294 Terent.
415 1253 564 1293 Heaut.
589 1252 635 1299 ii,
652 1256 694 1299 3,
714 1255 768 1292 36
796 1257 808 1276 ‘
822 1251 1012 1292 continuo
1031 1266 1075 1292 se

240 1307 416 1360 conjecit
428 1305 584 1360 intro').
599 1304 748 1357 conjici
762 1306 806 1344 in
816 1305 975 1345 vincula
988 1306 1016 1353 i,
1034 1309 1075 1346 7.

179 1384 181 1387 -
238 1360 301 1407 iv,
318 1364 359 1400 8.
387 1360 442 1407 ix,
460 1365 486 1401 5
515 1360 558 1399 in
575 1359 794 1399 custodiam
820 1360 902 1406 xvi,
920 1363 962 1399 5.
993 1359 1075 1406 xix,

240 1417 267 1454 8
305 1411 391 1467 (Sic
416 1418 459 1452 et
480 1412 579 1464 Ulp.
596 1411 768 1464 loquitur
794 1411 821 1450 1.
840 1416 881 1452 3.
907 1411 960 1450 de
973 1419 1074 1451 cust.

236 1471 284 1506 -et
309 1466 398 1505 exh.
427 1478 607 1515 teorum3
653 1477 700 1504 ac
729 1464 896 1504 Scaevol.
928 1464 956 1503 1.
983 1467 1026 1504 4.
1043 1470 1074 1511 §.

238 1518 356 1559 Item.
374 1519 427 1559 ad
442 1519 526 1560 Jul.
539 1517 694 1571 majest.
724 1517 867 1558 Savaro
882 1517 910 1558 l.
937 1516 1017 1564 xix,
1031 1521 1073 1566 8,

241 1576 284 1614 4.
310 1573 391 1619 xvi,
408 1579 452 1620 ὅ,
465 1576 488 1613 1

188 1624 378 1678 conjugii
394 1626 482 1679 ejus
492 1572 679 1676 )cupid-us
697 1622 800 1676 (scil.
817 1623 1075 1665 contrahendi

241 1692 334 1720 cum
352 1691 402 1718 ea
419 1677 600 1729 muliere)
628 1690 667 1724 v,
686 1681 709 1716 1

189 1732 414 1784 conjuncta
433 1729 697 1783 Cappadociae
713 1727 985 1780 Paphlagonia
994 1728 1074 1781 (vi-

244 1786 335 1827 cina
357 1783 578 1835 cohaerens)
607 1783 688 1830 xiv,
704 1787 730 1822 5
779 1781 969 1833 conjungi
991 1782 1076 1823 affi-

241 1840 368 1881 nitate
381 1851 474 1879 cum
499 1837 555 1885 iv,
569 1840 597 1878 2
635 1834 870 1887 conjunctus
898 1836 1075 1887 cognati·

243 1904 321 1931 one
334 1892 568 1944 propinqua,
581 1889 697 1928 Praef.
715 1886 892 1942 (Velleio
906 1887 951 1935 ii,
964 1891 1034 1936 41,
1047 1892 1074 1929 2

244 1944 608 1998 ‘conjunctissimus
630 1940 847 1994 sanguine-³
874 1943 1074 1993 quomodo

242 2004 287 2039 et
313 2011 381 2051 ap.
408 1997 495 2039 Cic.
511 1996 623 2036 Verr-
658 2008 698 2043 v,
715 1998 770 2036 67
790 1999 822 2044 ‚‘
838 1993 1074 2046 conjunctus

242 2050 415 2105 sanguia'
445 2048 589 2091 civium
621 2047 742 2088 Rom.
765 2046 886 2087 Adde
917 2060 974 2088 or.
1007 2061 1077 2100 pro

244 2106 385 2147 Plano.
401 2117 439 2144 c.
454 2102 544 2156 11).
561 2101 797 2154 conjunctus
812 2100 929 2141 alicui
941 2101 1080 2140 intima

246 2157 508 2199 familiaritate
551 2169 644 2203 xxv,
679 2158 733 2196 12
778 2153 856 2194 Pro
885 2152 947 2192 his
983 2153 1078 2192 alibi

245 2210 481 2272 conjunctus
525 2208 717 2255 absolute,
752 2219 825 2259 pro
859 2206 1079 2246 necessario

244 2276 389 2311 arnico,
407 2261 471 2305 vel
496 2261 718 2315 propinquo
746 2273 839 2307 xxv,
856 2263 883 2299 7
925 2258 995 2313 (ut
1013 2272 1078 2311 ap.

245 2317 357 2359 curt.
381 2315 439 2364 vi,
459 2319 527 2362 11,
543 2318 599 2356 20
626 2312 853 2365 ‘conjuncti
869 2312 1079 2352 sontium?

245 2384 285 2410 v.
302 2368 408 2424 not.)
432 2367 646 2421 conjuncte
662 2367 793 2407 vivere
809 2378 900 2407 cum
917 2379 1007 2413 xxv,
1025 2369 1079 2407 10

244 2423 376 2465 Item:
409 2418 728 2475 conjunctissime
754 2433 844 2468 xxv,
863 2424 887 2459 5
924 2417 1001 2472 (de
1018 2418 1078 2459 fa-

247 2474 504 2530 miliaritate).
521 2473 750 2526 conjunctio
767 2473 847 2526 (sc.
858 2471 1080 2526 affinitatis)

247 2543 338 2577 xxv,
358 2533 410 2571 19
452 2526 696 2580 conjunctim
731 2532 864 2586 peteme
893 2524 1078 2564 auxilium

250 2582 386 2623 salutis
400 2582 476 2636 (sc.
492 2586 535 2620 et
551 2593 633 2620 snae
649 2585 692 2618 et
707 2591 809 2630 ejus,
827 2589 945 2630 quem
962 2577 1079 2618 caris-

250 2636 389 2676 simum
421 2634 605 2679 babebat,
633 2644 715 2672 non
743 2643 823 2672 sne
853 2631 996 2679 solum,
1033 2637 1080 2670 ut

250 2689 347 2728 ibid.
374 2686 553 2740 additur)
579 2699 669 2732 m,
689 2688 741 2726 10

198 2742 300 2794 Conj
306 2741 427 2781 oratio
464 2739 715 2792 conspiratio,
727 2743 797 2779 aut
807 2736 924 2789 juxta
935 2735 1073 2778 Lamb.

253 2793 464 2846 συνομοσία
510 2808 551 2842 x,
568 2795 596 2833 8

199 2850 342 2891 Conon
354 2863 378 2889 e
474 2849 532 2888 'us
547 2853 648 2887 terra
660 2844 831 2897 marique
844 2843 1008 2884 bellator
1024 2843 1078 2891 ix,

255 2908 278 2945 1
326 2903 379 2943 ad
413 2901 709 2942 Pharnabazum
741 2911 782 2938 se
801 2898 952 2938 concert
977 2898 1033 2943 ix,
1051 2901 1078 2938 2

254 2955 344 2997 usui
361 2962 421 2996 est
437 2955 620 2995 adversus
634 2950 952 2992 Lacedaemonios
978 2950 1032 2997 ix,
1051 2954 1077 2991 3

253 3015 411 3050 accusat
425 3008 722 3060 Tissaphernem
733 3018 799 3057 ap.
813 3005 1079 3051 Artaxerxem,

254 3060 351 3100 ibid.
378 3063 546 3102 donatur
562 3059 784 3100 muneribus
799 3065 842 3099 et
857 3058 960 3098 bello
979 3070 1078 3110 prae·

255 3113 384 3155 ficitur
410 3115 463 3161 ix,
478 3118 506 3156 4
533 3113 608 3155 διο.
637 3112 955 3153 Lacedaemonios
973 3111 1078 3163 apud

255 3167 429 3208 Cnidum
445 3166 591 3214 fundit,
606 3165 704 3206 ibid.
730 3166 825 3205 dum
848 3165 982 3218 patrios
998 3170 1080 3203 stu·

255 3222 341 3268 det,
358 3220 555 3260 aTribazo
571 3220 613 3259 in
623 3218 780 3258 vincula
792 3218 999 3269 conjicitur
1024 3217 1080 3264 ix,

256 3278 282 3315 ⁵
298 3274 374 3315 διο.
418 3274 623 3326 plurimum
659 3271 784 3323 Cypri
813 3270 911 3310 vixit
953 3270 1020 3316 xii,
1053 3273 1079 3310 8

255 3326 344 3379 ejus
363 3327 582 3366 memoriam
600 3330 760 3364 renovat
770 3329 898 3363 statua
911 3322 981 3361 filii
989 3322 1081 3373 jux·

258 3385 301 3419 h
316 3387 515 3434 paternam
534 3379 662 3431 posita
687 3376 769 3423 xiii,
786 3379 814 3416 Β

208 3433 445 3486 Conquireoe
462 3446 560 3496 quos
589 3430 779 3484 possimus
797 3429 883 3492 ⁸(sc.
900 3425 1085 3534 colonos3

262 3498 327 3533 xx,
345 3489 375 3526 8
417 3499 541 3527 soem
569 3486 691 3540 (quos
731 3494 963 3525 ucrscamus
1006 3492 1059 3521 sc.

1872 277 2021 330 xxxi

1193 421 1235 456 x,
1253 412 1281 450 8
1322 409 1555 461 ptoscdptos
1572 406 1643 461 (de
1660 406 1910 460 inquisitione
1929 420 2017 460 pro-

1139 461 1421 555 costi-{QZ}
1430 460 1834 556 nffvgglqzssswxbm)
1847 474 1946 508 κη·
1965 465 2016 503 u

1666 543 1678 562 2

1138 567 1300 609 conscii
1331 567 1633 619 (conjurationis
1664 568 1748 607 seii.
1780 578 1866 613 seu,
1901 573 1947 606 ut
1972 579 2019 620 q.

1190 619 1293 660 Mss.
1310 619 1481 672 addunt)
1493 620 1687 661 facinoris.
1713 620 1803 661 Sic:
1823 626 1903 660 tam
1918 621 2020 659 mal*

1191 671 1242 712 tis
1277 673 1445 712 consciis
1469 672 1502 719 i,
1521 676 1546 714 3
1591 686 1651 713 res
1685 673 1816 712 multis
1851 673 2022 714 consciis

1137 725 1633 818 Qfflssssgiffiffl
1659 730 1768 819 {³1⁸2

1138 830 1392 871 Conscribere
1417 831 1459 870 in
1487 832 1661 883 periculo
1688 830 1764 884 (sic
1794 831 1913 884 vulgo
1935 831 2019 871 edi-

1191 883 1276 937 tur)
1293 898 1359 932 xv,
1377 888 1403 924 8
1422 884 1512 938 (sed
1529 890 1678 924 rectum
1691 890 1764 931 est,
1783 884 2023 936 inscribere).

1159 976 1163 982 ,
1189 937 1330 977 librum
1349 944 1502 990 gravem
1521 938 1652 977 multis
1669 938 1794 976 verbis
1811 937 1915 991 (scil.
1943 944 2019 977 tes-

1193 990 1365 1052 timonii)
1405 991 1460 1037 vi,
1489 994 1518 1031 4
1563 991 1803 1043 conscriptus
1838 991 1936 1030 liber
1968 992 2022 1031 de

1188 1043 1380 1083 historiola
1405 1045 1566 1097 (faetus,
1581 1043 1819 1096 compositus
1867 1058 1907 1090 x,
1926 1048 1951 1084 3

1135 1095 1516 1149 Conscriptipatres
1543 1098 1650 1144 xxiii,
1682 1101 1733 1138 12
1775 1098 1795 1150 (
1840 1111 1863 1136 e
1881 1103 2018 1136 senatu

1188 1149 1372 1190 Romano
1404 1157 1623 1202 usurpatur,
1643 1151 1709 1202 qui
1742 1157 1927 1202 tanquam
1955 1163 2021 1190 so-

1189 1203 1309 1242 lemni
1327 1203 1442 1243 titulo
1471 1204 1527 1243 ita
1551 1203 1790 1256 compellari,
1810 1204 2019 1255 vocarique

1189 1257 1409 1296 consuevit.
1438 1257 1650 1308 conscripti
1681 1257 1775 1295 alias
1805 1257 1831 1295 ii
1865 1257 2021 1308 proprie

1190 1310 1434 1357 dicebantur,
1461 1311 1530 1362 qui
1549 1323 1572 1349 a
1599 1310 1722 1349 Bruto
1741 1309 1909 1360 primunt
1926 1310 2022 1349 lecti

1191 1363 1233 1400 in
1266 1369 1457 1409 senatum,
1477 1364 1639 1414 expulso
1669 1375 1803 1413 regno.
1827 1362 1867 1402 ,οἱ
1899 1376 2021 1403 ’σασα-

1189 1412 1406 1467 ‘ymbres
1422 1415 1477 1456 εἰς
1488 1415 1538 1455 τὸ
1549 1414 1802 1462 βουλευτικὸν
1813 1414 2024 1467 συνέδρων.

1189 1468 1281 1507 vide
1299 1468 1385 1508 Liv.
1403 1468 1447 1519 ii,
1466 1472 1504 1509 1.
1547 1468 1635 1509 Nec
1665 1467 1832 1520 ignorari
1868 1469 2021 1508 interim

1191 1522 1324 1568 debet,
1354 1522 1471 1560 etiam
1499 1523 1641 1573 primos
1660 1521 1748 1560 illos
1765 1522 1817 1560 ab
1847 1520 2020 1561 Romulo

1190 1574 1388 1613 institutos
1419 1581 1576 1615 centum
1612 1580 1825 1622 senatores,
1851 1573 2024 1627 πατέρας

1191 1625 1414 1679 ἐγγράφους
1426 1627 1506 1668 dici
1520 1628 1817 1667 Halicamasseo
1835 1628 1862 1667 1.
1880 1632 1922 1669 2.
1950 1641 2021 1667 an-

1191 1681 1263 1733 tiq.
1277 1681 1417 1721 Boecl.
1437 1682 1528 1720 add.
1545 1681 1664 1722 Thes.
1682 1679 1861 1733 Buchn.)

1139 1734 1366 1774 Consectari
1394 1735 1598 1786 praedones
1623 1733 1668 1781 ii,
1686 1738 1712 1774 2
1757 1733 1931 1785 singulos
1950 1733 2021 1772 ad-

1191 1787 1376 1826 versarios
1403 1787 1446 1834 ii,
1463 1790 1490 1827 4
1536 1787 1648 1839 (cum
1666 1787 1796 1826 studio
1815 1793 1858 1825 et
1886 1787 2019 1826 labore

1138 1837 1894 1944 Co‘noszgiliffi’ffiffldlgnrilriosgliquo
1906 1890 2022 1946 (con-

1192 1947 1339 1993 venire,
1365 1946 1508 1998 pariter
1536 1945 1715 1998 laudare)
1741 1946 1809 1992 vii,
1837 1949 1889 1986 11
1934 1945 2025 1998 (ubi

1194 2005 1326 2038 tamen
1341 1998 1474 2038 forsan
1491 1999 1568 2051 leg.
1585 2005 1659 2046 est,
1677 1996 1957 2048 consciarum).
1970 1999 2023 2038 ad

1194 2052 1362 2104 aliquem
1416 2052 1716 2103 opprimendum
1758 2049 2023 2104 (conspirare)

1193 2105 1274 2152 xiV,
1291 2110 1317 2145 5
1356 2104 1421 2144 Sic
1437 2120 1446 2144 ε
1477 2105 1694 2143 consentire
1713 2116 1803 2143 cum
1819 2103 1954 2155 aliquo
1970 2104 2024 2144 de

1193 2158 1288 2197 urbe
1305 2158 1495 2197 tradenda
1511 2158 1589 2204 xix,
1605 2162 1632 2198 2
1660 2156 1868 2197 consensio
1879 2169 2024 2208 magna

1193 2211 1403 2250 multorum
1429 2212 1590 2265 (magna
1618 2209 1881 2262 conspiratio)
1908 2210 1977 2257 vii,
1997 2213 2022 2250 3

1192 2263 1280 2303 Ita:
1311 2264 1449 2317 globus
1476 2263 1743 2304 consensionis
1771 2263 2024 2315 (conspiran-

1193 2317 1313 2370 tium)
1339 2329 1431 2364 xxV,
1450 2321 1476 2357 8
1514 2317 1640 2371 (Usus
1657 2322 1700 2357 et
1716 2315 1871 2363 Cicero,
1885 2317 1958 2355 sed
1979 2315 2025 2354 in

1193 2371 1337 2470 aonam
1371 2376 1538 2422 partem,
1570 2375 1670 2411 orat.
1705 2375 1798 2423 post
1844 2370 1927 2409 red.
1971 2366 2023 2409 ad

1235 2423 1305 2463 uir·
1324 2436 1365 2464 c·
1386 2427 1412 2464 8

1140 2475 1339 2528 consequi
1363 2422 1676 2516 beiaevolentiam
1712 2488 1891 2527 magnam
1921 2473 2024 2527 regis

1213 2528 1398 2580 adipisci)
1441 2529 1520 2575 τόν,
1557 2534 1582 2569 6
1645 2526 2025 2568 commendationem

1211 2582 1274 2620 vel
1306 2579 1646 2633 commoditatem)
1682 2581 1777 2633 aliq.
1812 2580 1856 2618 in
1891 2580 2023 2632 aliquo

1194 2634 1374 2674 laedendo
1401 2646 1492 2682 xxv,
1521 2637 1550 2675 9
1594 2634 1755 2686 gloriam
1790 2632 1886 2673 belli
1911 2646 1977 2681 κν,
1995 2638 2022 2674 6

1193 2693 1342 2727 tantam
1373 2688 1482 2740 apud
1509 2699 1643 2726 omnes
1675 2692 1829 2740 gentes,
1858 2691 1906 2725 nt
1928 2685 2023 2733 ii,o

1191 2741 1489 2781 familiaritatem
1519 2739 1686 2790 alicujus
1702 2753 1745 2780 re
1775 2739 1910 2792 aliqua
1933 2752 2026 2788 xxv,

1194 2798 1247 2834 19
1286 2793 1533 2834 haereditates
1569 2793 1711 2832 multas
1739 2805 1821 2832 non
1852 2792 1933 2832 alia
1966 2804 2025 2840 re,

1193 2859 1311 2899 quam
1326 2847 1500 2887 bonitate
1527 2859 1617 2893 κεν,
1634 2849 1688 2888 21
1718 2846 2025 2885 dominationem

1193 2913 1274 2939 non
1308 2900 1364 2948 vi,
1399 2902 1469 2941 sed
1500 2912 1658 2939 suorum
1693 2900 1897 2939 voluntate
1931 2897 1962 2945 i,
1997 2902 2024 2939 8

1193 2954 1379 3006 consequi
1394 2954 1558 2993 multum
1570 2953 1612 2991 in
1624 2965 1673 2992 eo
1688 2953 1781 3001 xvii,
1794 2955 1822 2993 2
1835 2950 2025 3003 consequi

1191 3007 1341 3069 aliquid
1382 3007 1499 3047 facile
1543 3006 1675 3058 aliqua
1719 3019 1763 3046 re
1795 3003 2026 3059 (perficere)

1193 3060 1302 3107 xxiii,
1324 3064 1376 3102 10
1420 3060 1511 3100 sic:
1540 3059 1581 3099 id
1607 3071 1687 3111 qua
1715 3059 1864 3098 ratione
1887 3069 2028 3098 conse·

1193 3120 1308 3155 cutus
1335 3114 1386 3153 sit
1411 3113 1468 3161 vi,
1487 3117 1509 3154 1
1556 3111 1745 3164 consequi
1779 3108 2022 3164 (absolute):

1193 3173 1485 3219 consequuntur
1513 3165 1630 3217 legati
1658 3165 1700 3210 ii,
1716 3168 1741 3203 7
1772 3162 2026 3214 consequitur

1194 3219 1424 3259 desiderium
1444 3219 1496 3258 rei
1525 3231 1564 3263 v,
1583 3220 1608 3256 8
1649 3215 1782 3269 (Curt.
1816 3214 1898 3262 viii,
1914 3217 2023 3261 8,ae

1192 3277 1206 3296 ⁴
1211 3271 1479 3312 crudelitatem
1488 3282 1571 3310 sera
1579 3267 1808 3322 poenitentia
1814 3273 2026 3308 consecuta

1194 3323 1299 3375 est’).
1334 3324 1585 3376 consequitur
1613 3322 1656 3360 id
1691 3321 1841 3362 dictum
1874 3321 2025 3361 invidia

1196 3377 1398 3431 (magnam
1414 3377 1456 3415 id
1484 3374 1631 3416 dicenti
1654 3371 1841 3414 invidiam
1855 3373 2022 3425 conflat)

1197 3433 1278 3477 x,6
1323 3435 1534 3470 consecuta
1566 3433 1627 3469 est
1656 3428 1908 3469 commutatio
1934 3441 1976 3474 x,
1993 3431 2020 3466 6

1197 3489 1407 3524 consecuta
1423 3489 1483 3524 est
1500 3495 1591 3524 enm
1615 3493 1757 3535 magna
1786 3480 2019 3534 prosperitas
