2306 3900
327 259 387 314 iv

384 402 504 440 dend.
523 401 572 439 ad
629 399 738 452 eripl.
756 400 958 454 Scylacis:
988 406 1028 440 et
1057 400 1209 441 Glossae

383 453 509 493 Isonis
521 455 571 493 ad
627 454 796 492 rudentii
824 454 850 493 l.
869 453 928 507 c.)

329 506 457 547 Actaei
487 506 650 562 (Attici,
675 506 956 562 Athenienses)
985 507 1064 556 viii,
1084 512 1110 548 2
1139 507 1211 571 (ab

382 561 499 608 Acte,
536 561 618 601 sive
654 560 818 610 Actaea3
860 561 916 600 sic
946 562 1051 601 enim
1076 560 1212 601 Attica

382 614 477 706 enin
495 615 613 655 dicta.
633 628 671 654 v.
683 614 867 655 Bochart.
879 614 1099 656 Hierozoic.
1113 621 1211 669 part.

382 672 423 709 2.
457 694 468 707 0
486 667 529 716 ii,
545 672 571 709 6

329 721 476 762 Actor:
505 667 595 762 vidg
613 722 702 762 infr.
720 728 826 775 post,
842 721 972 775 Agere

327 775 514 816 Acumiui
529 776 676 828 ingenii
695 776 877 816 inservire
905 775 1102 830 (excolere
1119 789 1211 816 acu-

382 843 474 869 men
491 830 664 883 ingenti)
691 829 760 878 vii,
779 834 829 871 11
859 829 1085 884 (Acuminis
1114 843 1212 870 voce

383 896 476 922 usus
505 890 547 923 et
577 883 662 925 Cic.
683 883 801 924 Tusc.
831 888 870 924 1.
897 890 938 923 et
964 884 1016 923 de
1033 882 1145 923 Orat.
1174 888 1211 925 1.

382 935 548 989 Lamb.)

327 990 480 1031 Acutus
511 991 561 1030 ad
587 991 762 1031 fraudem
779 989 986 1045 (callidus)
1012 1004 1051 1036 x,
1069 994 1095 1031 8
1125 1003 1213 1029 sen-

382 1044 515 1084 tentiis
531 1043 726 1098 (argutus,
740 1045 792 1084 de
806 1043 976 1096 oratore)
989 1043 1052 1083 Fr.
1066 1049 1091 1084 5
1120 1056 1212 1083 acu-

382 1105 466 1138 tum
505 1098 748 1151 imperatoris
777 1098 990 1150 cogitatum
1058 1097 1214 1145 subtile,

383 1151 569 1202 callidum
598 1150 815 1198 inventum,
835 1151 1040 1191 consilium
1089 1151 1170 1199 xiv,
1187 1156 1214 1193 6

383 1203 476 1246 Sic:
505 1212 620 1246 acute
638 1206 750 1259 loqui
778 1204 852 1259 (de
864 1204 969 1257 jocis
989 1204 1070 1244 sive
1088 1205 1213 1245 dicte-

381 1258 469 1313 riis)
495 1258 559 1300 Fr.
585 1264 610 1300 5
654 1260 820 1301 scribere
855 1265 924 1298 aut
964 1258 1108 1306 dicere,
1142 1259 1208 1298 Fr.

331 1366 398 1407 Ad
418 1368 628 1407 adventum
641 1368 918 1420 imperatorum
936 1366 1025 1421 (ubi
1042 1367 1213 1405 advene-

384 1419 493 1475 rant)
525 1435 616 1468 xxv,
633 1425 685 1462 10
731 1421 833 1473 (Sic,
861 1426 874 1443 ‘
890 1421 941 1459 ad
960 1419 1130 1467 famam‚’
1150 1420 1216 1458 ubi

387 1475 494 1514 fama
511 1475 665 1528 exivit).
699 1476 751 1514 ad
775 1479 946 1514 nostram
964 1474 1216 1522 consuetudi-

388 1542 480 1568 nem
511 1527 619 1581 (sub.
650 1533 889 1580 comparata,
920 1527 1054 1573 relata,
1073 1527 1152 1575 vel,
1186 1527 1218 1565 si

385 1581 621 1635 referantur)
639 1596 705 1629 xv,
723 1586 750 1622 2
776 1581 929 1635 (Vulgo
948 1581 1003 1621 sic
1021 1580 1190 1620 efferunt
1206 1595 1215 1618 :

383 1641 581 1688 ‘respectu
591 1641 732 1674 nostrae
744 1634 990 1674 consuetud-³
997 1634 1076 1674 vid.
1084 1633 1219 1674 Gifan.

353 1696 355 1698 '
387 1690 560 1742 append.
585 1689 776 1728 observat.
790 1702 830 1740 p.
848 1691 943 1728 278.
982 1687 1047 1727 Sic
1063 1687 1220 1727 Terent.

386 1742 492 1783 Eun.
506 1743 550 1789 ii,
564 1746 605 1790 3,
617 1747 672 1783 69
691 1742 819 1782 ‘Nihil
838 1741 890 1780 ad
905 1747 1074 1781 nostram
1091 1741 1220 1780 hanc:

386 1796 496 1836 Add.
523 1797 650 1837 Buch.
678 1797 730 1836 de
766 1801 952 1835 commut.
982 1801 1055 1835 rat.
1086 1794 1163 1835 dic.
1192 1795 1221 1842 i,

387 1850 476 1901 22).
496 1851 547 1890 ad
565 1856 735 1890 nostram
749 1849 972 1891 memoriam
984 1849 1129 1902 (usque
1147 1848 1221 1901 ad)

361 1923 364 1926 *
387 1904 431 1951 ii,
451 1908 504 1944 1⁰
537 1903 628 1944 Sic:
657 1905 709 1943 ad
724 1909 966 1943 senectutem
983 1903 1039 1951 xi,
1058 1906 1096 1943 3.
1125 1916 1214 1950 xxv,

389 1963 433 2000 5..
448 1962 501 1998 21
547 1959 598 1998 ad
629 1963 839 1998 extremam
870 1962 1026 1996 aetatem
1053 1970 1144 2004 xxv,
1164 1960 1216 1996 10

389 2012 438 2051 ad
458 2025 548 2055 eum
578 2012 696 2051 finem
716 2012 847 2064 quoad
887 2011 1052 2057 tamdiu,
1069 2008 1219 2062 donec)

387 2080 452 2113 xv,
470 2069 496 2106 2
516 2064 646 2119 (Alibi
662 2080 670 2104 :
691 2078 815 2118 usque
832 2078 880 2104 eo
906 2093 915 2103 .
946 2065 997 2103 ad
1011 2064 1218 2103 interneci-

390 2133 504 2161 onem
519 2126 629 2173 gesta
639 2119 743 2159 bella
759 2119 867 2166 xviii,
888 2122 912 2158 3
927 2130 1051 2170 usque
1064 2119 1115 2157 ad
1130 2117 1218 2157 Sul-

393 2173 542 2225 picium
569 2179 611 2212 et
627 2172 763 2219 Aurel.
796 2185 924 2216 conss.
951 2171 1058 2218 xxiii,
1078 2175 1102 2212 7
1149 2171 1218 2225 (Ιιι

389 2227 452 2266 his
465 2227 610 2266 omnib.
624 2226 810 2266 terminus
828 2227 879 2265 ad
894 2238 1010 2277 quem
1026 2225 1218 2277 significa-

390 2280 485 2333 tur).
513 2282 564 2319 ad
593 2280 773 2319 Rhodios
804 2281 875 2333 (de
909 2279 1096 2330 inscripto
1125 2278 1220 2330 ipsis

392 2333 513 2386 libro)
533 2334 639 2381 xxiii,
660 2338 710 2374 13
751 2334 840 2372 Sic:
869 2333 920 2371 ad
940 2338 1091 2371 exteros
1109 2331 1221 2375 testi-

390 2388 566 2428 monium
598 2388 692 2426 dare
727 2386 844 2426 alicui
884 2385 939 2431 vi,
964 2388 991 2425 4
1037 2386 1090 2424 ad
1119 2386 1220 2424 hanc

394 2441 628 2481 sententiam
653 2440 716 2494 (in
734 2441 836 2480 hanc
867 2443 966 2478 sent.
984 2439 1060 2478 hoc
1079 2437 1220 2490 sensu)

390 2495 457 2539 Fr.
476 2498 501 2535 3
549 2496 599 2534 ad
631 2494 813 2547 quintum
844 2493 882 2531 la
911 2493 1015 2531 idem
1045 2493 1221 2545 sepultus

392 2547 554 2602 (quinto
571 2549 623 2588 ab
641 2548 736 2588 urbe
754 2505 909 2600 lapide)
936 2559 1024 2593 xxv,
1044 2549 1098 2586 22

337 2603 536 2643 Adamare
562 2616 601 2650 x,
619 2606 646 2643 2

339 2656 499 2697 Addere
530 2657 573 2696 in
607 2655 781 2696 edictum
809 2669 868 2695 res
899 2667 1021 2694 novas
1061 2655 1165 2702 xxiv,
1195 2658 1222 2695 2

394 2711 557 2751 totidem
578 2723 697 2750 naves
711 2710 762 2749 ad
777 2709 991 2762 superiores
1017 2708 1061 2755 ii,
1075 2713 1101 2749 2
1130 2709 1224 2749 addi

392 2770 438 2803 ut
465 2777 581 2817 supra
597 2764 694 2803 nihil
714 2770 847 2816 posset
873 2776 963 2809 xxv,
981 2766 1008 2803 4
1048 2762 1136 2813 (ubi
1165 2768 1223 2801 ta-

392 2831 484 2861 men
500 2818 548 2859 τδ
565 2819 660 2858 addi
677 2818 788 2871 quid.
804 2816 1008 2868 omittunt)

342 2871 548 2913 Addubito
561 2872 675 2919 illud,
690 2877 817 2913 utrum
833 2871 979 2911 sciente
992 2883 1042 2909 an
1055 2869 1224 2922 imprud.

395 2926 447 2964 sit
478 2926 626 2966 sactum
653 2926 708 2972 ix,
727 2930 751 2965 5
781 2924 914 2979 (Eleg.
932 2924 1098 2966 formula
1114 2923 1166 2962 de
1183 2935 1224 2961 re

394 2979 543 3019 incerta
585 2979 782 3031 judicium
831 2977 1120 3031 suspendentis.
1159 2975 1224 3016 Sic

396 3033 489 3072 alibi
512 3034 716 3073 accredere
731 3031 848 3085 dixit)

341 3088 554 3131 Adducere
573 3087 762 3127 exercitus
782 3085 954 3125 subsidio
973 3085 1091 3125 alicui
1118 3083 1226 3130 xviii,

398 3145 426 3182 6
471 3141 681 3181 exercitum
709 3140 752 3179 in
770 3152 853 3180 eam
886 3138 1226 3183 consuetudinem,

398 3201 444 3233 ut
470 3195 524 3242 xi,
542 3198 568 3235 2
597 3194 768 3247 aliquem
778 3193 896 3233 alicui
909 3193 951 3232 in
965 3193 1227 3245 suspicionem

399 3248 645 3305 (suspectum
677 3246 860 3301 reddere)
887 3247 994 3294 xxiii,
1012 3250 1038 3287 2
1084 3244 1229 3285 adduci

398 3302 578 3352 precibus
597 3301 762 3354 alicujus
781 3299 1040 3354 (permoveri)
1069 3314 1107 3345 x,
1123 3304 1149 3340 2
1178 3299 1228 3337 ab

401 3355 532 3406 aliquo
551 3356 601 3394 ad
619 3357 930 3407 desperationem
958 3354 1132 3401 xviii‚‘12
1161 3353 1226 3391 ad·

402 3407 494 3446 duci
521 3408 563 3446 in
595 3409 819 3460 opinionem
847 3410 925 3458 xiv,
954 3413 981 3449 6
1023 3407 1230 3448 adducitur

403 3474 525 3506 sermo
545 3462 596 3501 ad
612 3466 728 3503 tinem
756 3477 822 3511 xv,
838 3466 862 3503 3

1154 275 1354 314 INDEX

1274 401 1390 441 Adeo
1410 407 1454 441 ut
1483 401 1657 442 exaudiri
1686 408 1818 454 posset
1844 415 1883 449 x,
1903 404 1935 442 9
1975 402 2155 456 adeoque

1328 455 1392 509 (et
1408 454 1530 510 adeo)
1557 455 1586 503 i,
1603 461 1629 496 5

1274 508 1428 549 Adesse
1443 511 1693 563 (praesentem
1728 507 1856 562 esse):
1905 509 1944 548 Si
1976 507 2152 549 affuisset

1328 563 1383 610 ix,
1403 566 1426 603 1
1473 563 1660 616 quamdiu
1689 562 1802 602 affuit
1838 562 1954 617 (opp.
1980 575 2070 601 mox
2087 564 2155 602 ab·

1330 615 1441 670 sens)
1467 631 1557 664 xxv,
1575 621 1600 657 3
1629 617 1670 655 in
1682 616 1832 668 magnis
1846 617 1960 656 rebus
1972 615 2161 669 (consilio

1331 683 1386 710 sc.
1419 670 1559 723 opera)
1586 684 1626 718 x,
1647 674 1670 711 1
1717 670 1787 723 qui
1817 671 1980 709 aderant
2005 669 2084 722 (sc.
2115 670 2157 709 in

1330 724 1484 771 militia,
1515 725 1598 764 sive
1631 721 1839 775 comitatu)
1866 724 1920 771 iv,
1950 727 1976 763 3
2030 723 2157 762 omni-

1330 778 1404 816 bus
1441 778 1620 829 periculis
1651 777 1715 830 (in
1749 777 1854 816 bello
1885 775 1993 830 scil.)
2019 776 2099 824 xvi,
2129 780 2155 817 4

1332 830 1450 869 alicui
1461 830 1503 869 in
1522 829 1687 870 consilio
1715 830 1823 877 xviii,
1838 834 1862 871 1
1890 829 1967 884 (sic
1984 829 2072 870 Cic.
2086 843 2159 882 pro

1332 883 1498 929 Quintio
1515 896 1527 923 z
1559 889 1572 906 ‘
1587 883 1657 936 qni
1669 882 1741 922 tibi
1757 883 1798 921 in
1812 883 1974 922 consilio
1987 883 2158 923 adsunt!

1333 935 1383 975 In
1400 936 1560 976 Verrem
1578 951 1588 975 z
1619 942 1632 960 ‘
1645 942 1689 976 ut
1706 936 1780 976 sibi
1807 936 1849 975 in
1867 935 2029 977 consilio
2047 937 2160 977 ades-

1333 989 1441 1029 sem.'
1469 989 1629 1043 Lamb.)

1280 1042 1479 1084 Adhibere
1497 1044 1734 1084 celeritatem
1761 1043 1868 1090 xviii,
1886 1047 1914 1084 9
1949 1055 2081 1083 curam
2097 1043 2158 1083 di-

1332 1097 1612 1150 ligentiamque
1636 1097 1676 1136 in
1708 1098 1856 1137 tuenda
1871 1096 2044 1138 valetud.
2070 1110 2161 1144 xxv,

1335 1154 1387 1192 21
1418 1152 1639 1191 memoriam
1656 1150 1804 1190 nullam
1821 1150 2066 1191 contumeliae
2094 1151 2161 1203 (ea

1334 1206 1385 1244 ad
1405 1206 1598 1245 ultionem
1628 1218 1710 1244 non
1738 1203 1818 1258 uti)
1846 1217 1910 1251 xv,
1929 1208 1956 1245 ‘1
2000 1204 2161 1244 modum

1334 1259 1412 1311 (sc.
1429 1257 1660 1311 narrationi)
1687 1271 1752 1305 xv,
1768 1261 1795 1299 4
1840 1259 1918 1296 vim
1944 1257 1999 1305 iv,
2016 1261 2044 1298 4
2089 1258 2160 1297 ad-

1333 1313 1488 1352 hibetur
1507 1312 1749 1352 materfamil.
1761 1312 1802 1350 in
1820 1311 2041 1351 convivium
2067 1311 2161 1366 (ad-

1335 1366 1528 1418 ducitur),
1556 1367 1675 1406 Praef.

1280 1418 1424 1459 Adhuc
1438 1419 1676 1474 (hucusque,
1690 1431 1815 1471 usque
1828 1419 1879 1458 ad
1894 1420 1970 1458 hoc
1985 1416 2163 1471 tempus)

1332 1473 1361 1520 i,
1380 1478 1405 1513 6
1461 1474 1524 1528 (et
1548 1474 1590 1513 in
1619 1473 1800 1525 quibusd.
1833 1473 1952 1511 codd.
1978 1485 2068 1520 xxv,
2095 1475 2162 1512 19.

1334 1527 1399 1567 Sic
1417 1533 1457 1567 et
1473 1527 1539 1567 alii
1555 1542 1565 1566 ι
1585 1526 1667 1566 vid.
1680 1526 1811 1566 Vorst.
1829 1526 1881 1565 de
1905 1525 1995 1565 Lat.
2024 1526 2163 1565 merito

1335 1594 1558 1686 {sparse
1587 1580 1902 1685 {atessam
1931 1579 2058 1654 “⁶³1
2085 1578 2162 1618 F.-

1396 1662 1408 1674 ο
1563 1662 1574 1680 2

1281 1685 1478 1739 Adjacere
1507 1700 1611 1726 mare
1643 1685 1810 1741 (jacere,
1846 1686 1963 1725 situm
1993 1699 2078 1726 esse
2111 1687 2163 1726 ad

1336 1740 1462 1795 mare)
1485 1741 1590 1789 aiii,
1608 1743 1635 1780 2
1682 1739 1769 1793 (Ita
1800 1740 1919 1792 plane
1954 1739 2164 1794 Erontinus

1334 1793 1391 1842 iii,
1411 1799 1438 1836 9
1493 1799 1505 1817 ⁴
1522 1795 1572 1833 ab
1606 1806 1655 1842 ea
1686 1798 1797 1846 parte
1832 1805 2039 1841 murorum,
2075 1805 2166 1846 quae

1337 1861 1442 1889 mare
1460 1847 1692 1900 adjacebat)
1729 1847 1793 1887 Sic
1809 1853 1915 1887 recte
1932 1847 2167 1887 membranae

1333 1908 1427 1941 vett.
1463 1903 1543 1941 vid.
1575 1901 1782 1941 Kenchen.
1815 1901 1867 1940 ad
1898 1914 1989 1940 eum
2020 1901 2167 1941 locum.

1332 1955 1457 1996 Simili
1490 1955 1779 1996 constructione
1812 1954 1969 1995 Lucret.
2008 1968 2047 2002 v,
2082 1959 2164 1996 545

1334 2015 1346 2032 ‘
1364 2009 1502 2063 Usque
1526 2010 1625 2049 adeo
1645 2009 1776 2061 magni
1793 2008 1923 2055 refert,
1952 2008 2050 2061 quid
2075 2021 2167 2061 quae

1335 2062 1515 2118 adjaceat
1533 2076 1592 2103 res
1609 2062 1634 2101 :'
1661 2062 1743 2101 vid.
1760 2061 1853 2101 Ind.
1872 2061 2036 2103 Gifanii.
2065 2062 2166 2102 Sub·

1336 2117 1410 2156 int.
1446 2130 1554 2165 vero,
1591 2117 1656 2156 ad.
1710 2115 1869 2168 Integre
1902 2115 2016 2155 Mela
2059 2115 2089 2163 i,
2125 2119 2167 2156 7.

1335 2171 1619 2210 Hadrumetum
1637 2169 1713 2209 &c.
1729 2175 1741 2193 ‘
1757 2169 1850 2209 hinc
1864 2170 1916 2209 ad
1933 2168 2078 2223 Syrtim
2097 2170 2168 2209 ad-

1330 2224 1493 2277 jacent?
1510 2223 1629 2264 Adde
1646 2223 1735 2262 infr.
1753 2221 1912 2277 Jacere)

1282 2278 1518 2319 Adimantus
1549 2277 1702 2330 collega
1727 2275 1928 2320 Alcibiadi
1956 2277 2071 2317 datus
2098 2277 2170 2324 vii,

1282 2383 1463 2436 Adipisci
1479 2384 1679 2424 victoriam
1705 2384 1774 2431 xii,
1805 2387 1828 2424 1
1869 2383 2030 2436 gloriam
2061 2383 2168 2424 facto

1337 2438 1469 2491 aliquo
1497 2439 1557 2486 xi,
1574 2442 1600 2479 2
1628 2452 1676 2478 ex
1694 2450 1735 2477 re
1749 2437 1880 2489 aliqua
1906 2437 1974 2484 xii,
1991 2441 2019 2478 2

1283 2491 1406 2532 Adire
1438 2494 1490 2532 ad
1525 2492 1696 2544 aliquem
1723 2491 1767 2538 ii,
1785 2494 1826 2531 7.
1853 2504 1893 2538 x,
1910 2493 1951 2530 8.
1996 2490 2104 2539 xxiii,
2139 2495 2168 2532 2

1338 2545 1445 2585 adire
1475 2546 1662 2585 maximos
1680 2545 1830 2584 labores
1857 2558 1924 2590 xx,
1949 2548 1975 2584 6
2016 2544 2169 2596 pericu·

1338 2600 1418 2639 lum
1432 2598 1585 2663 (venire
1602 2599 1644 2638 in
1662 2597 1805 2652 peric.)
1822 2597 1903 2645 xiii,
1915 2600 1942 2638 4
1994 2598 2048 2638 sic
2063 2611 2169 2651 saepe

1340 2654 1519 2694 Curtius:
1558 2653 1640 2692 vid.
1684 2651 1776 2691 Ind.
1812 2651 1986 2691 Freinsh.
2033 2651 2172 2698 ‚aditus

1340 2709 1390 2746 ad
1410 2707 1578 2760 aliquem
1596 2711 1708 2759 patet
1732 2705 1762 2753 i,
1779 2708 1822 2747 8‘
1851 2705 2000 2744 aditum
2025 2717 2172 2746 conve„

1340 2761 1476 2801 niendi
1494 2762 1586 2800 dare
1603 2759 1828 2813 petentibus
1855 2758 2110 2813 (potestatem
2127 2772 2170 2800 se

1342 2815 1516 2854 adeundi
1534 2819 1575 2854 et
1593 2811 1864 2866 colloquendi)
1889 2813 1946 2861 iv,
1964 2816 1990 2854 8

1287 2868 1516 2922 Adjungere
1533 2868 1680 2920 aliquid
1697 2867 1860 2921 (addere
1875 2866 1923 2905 iis
1950 2879 2040 2919 quae
2066 2865 2174 2906 dicta

1342 2923 1452 2977 sunt)
1467 2937 1531 2969 xv,
1550 2926 1601 2962 10
1621 2921 1739 2974 (etin
1758 2921 1842 2959 Ms.
1855 2919 2006 2959 Schotti
2024 2919 2102 2967 xxi,
2123 2919 2171 2972 1)

1343 2977 1434 3016 Sic:
1480 2977 1557 3015 hoc
1591 2973 1771 3027 adjunxit
1812 2973 1890 3027 (sc.
1921 2973 2052 3013 multis
2081 2985 2171 3025 quae

1345 3026 1640 3079 commemorat)
1666 3027 1776 3074 xxiii,
1795 3030 1819 3067 3
1866 3025 2079 3080 adjungere
2097 3027 2172 3067 sibi

1341 3083 1510 3136 aliquem
1538 3081 1780 3130 (conciliare,
1798 3080 1839 3119 in
1871 3081 2170 3120 familiaritatem

1343 3143 1385 3177 et
1414 3136 1623 3176 amicitiam
1649 3132 1858 3188 asciscere)
1893 3134 1998 3182 xviii,
2033 3137 2061 3175 2
2099 3134 2171 3173 ad·

1289 3190 1300 3197 ’
1337 3192 1503 3243 jungere
1523 3189 1686 3230 consilio
1704 3189 1819 3228 urbes
1837 3189 1979 3228 multas
2005 3188 2056 3227 ad
2073 3187 2171 3225 ami·

1342 3245 1472 3284 citiam
1492 3244 1731 3298 (aliquorum
1749 3242 1942 3282 adducere
1969 3241 2021 3280 ad
2048 3240 2172 3280 socie-

1344 3305 1463 3340 tatem
1478 3305 1519 3338 et
1535 3295 1683 3350 foedus)
1700 3296 1769 3343 vii,
1788 3301 1812 3335 5
1841 3295 1941 3348 (Sic,
1959 3293 2173 3346 adjungere

1345 3351 1556 3405 municipia
1584 3351 1683 3390 dixit
1715 3349 1839 3389 Tacit.
1865 3347 1918 3387 Η.
1947 3346 1975 3394 i,
2007 3350 2075 3394 ⁷0,
2111 3347 2178 3399 3).

1344 3406 1557 3458 adjungere
1604 3404 1807 3444 bellicosas
1843 3400 1942 3455 (vel,
1986 3413 2095 3453 reges
2130 3408 2172 3439 et

1348 3458 1570 3512 bellicosas)
1599 3457 1789 3503 nationes,
1823 3462 1890 3496 aut
1918 3467 2028 3510 reges
2061 3454 2171 3495 belli.
