2306 3900
172 2956 175 2960 ‘
259 2963 507 3016 pugnabant]

692 235 830 275 v111.
891 236 1395 290 THRASYBULUM,
1434 239 1569 280 GAP.
1605 227 1657 281 2.

257 374 264 381 ·
314 353 405 395 Hos
419 358 550 396 autem
571 358 743 407 tempore
765 355 820 395 ud
843 353 1142 406 comparandum

258 417 351 458 dato
373 417 480 468 feeit
509 416 761 469 robustiores]
802 418 971 470 Nempe
1005 418 1143 458 socios

258 480 537 533 Thrasybuli;
565 481 665 534 quia
681 493 767 522 non
790 481 834 522 in
861 493 934 522 eos
956 481 1145 535 inquire-

258 543 389 588 batua
426 549 504 587 aut
540 545 984 597 animadvertebatur,
1026 547 1144 587 nacti

257 611 362 648 sunt
379 611 551 660 tempus
569 620 655 661 quo
672 612 976 662 compararent
999 621 1147 650 neces·

257 671 373 712 saria
389 671 444 711 ad
457 670 768 712 subvertendos
781 673 1022 725 Tyrannus,
1074 672 1144 713 Aa

254 736 557 786 ooenparundun
589 735 785 777 absolute
817 748 902 776 non
927 737 1021 777 siue
1058 737 1144 777 ele-

256 797 404 849 gantia
419 798 518 839 heic
534 799 790 842 adhibitum.
813 799 1013 840 Gebhard.
1053 800 1144 840 Pro

253 874 481 915 comare
529 863 770 911 επεν-εὔνως
840 869 889 904 ut
941 863 1145 919 observat

258 926 528 969 Clarissimus
560 927 601 969 1.
648 927 764 969 Frid.
800 926 1044 969 Gronovius
1088 926 1145 968 ad

262 991 446 1033 Livium.
634 999 638 1002 ⁴

313 1056 436 1097 Nihil
479 1055 524 1097 ia
566 1055 664 1097 bello
712 1061 895 1110 oportere
933 1056 1144 1110 contemni]

255 1118 437 1160 Curtius
469 1119 542 1161 lib.
577 1131 644 1160 vr.
673 1123 739 1163 14.
783 1120 797 1147 ‘
818 1120 938 1161 Nihil
971 1126 1071 1162 tuto
1098 1121 1144 1162 iu

255 1181 381 1223 hoste
410 1182 730 1225 contemnitur!
771 1183 919 1225 Livius
945 1184 1022 1225 lib.
1042 1194 1144 1226 xxi.

253 1247 327 1287 4⁸.
388 1244 410 1275 -‘
434 1245 565 1298 Saepe
610 1251 659 1287 et
699 1251 973 1300 contemptus
1007 1248 1142 1290 hostis

253 1311 485 1349 cruentum
519 1312 740 1350 certamen
768 1309 936 1352 edidit!
999 1311 1142 1353 Cicer.

252 1381 336 1424 pro
379 1371 532 1414 Milon.
585 1373 599 1401 ὅ
620 1372 742 1415 Mars
783 1375 1036 1427 communis,
1068 1374 1142 1429 qui

252 1445 376 1487 aaepe
407 1435 662 1487 spoliantem
680 1436 773 1488 jam
800 1440 847 1478 et
877 1438 1143 1480 exultantem

252 1496 444 1539 evertit!
471 1498 596 1540 Idem.
654 1499 817 1541 Suadet
834 1500 916 1542 boc
945 1501 1143 1555 conjura-

251 1561 386 1605 tionis
412 1569 564 1605 auctor
590 1564 781 1607 Catilina
809 1577 889 1619 per
908 1567 1143 1620 epistolam

253 1627 345 1669 suis
359 1628 476 1681 apud
488 1629 755 1671 Sallustium.
812 1630 1078 1684 Dictumque
1095 1638 1144 1674 et

252 1690 362 1732 iilud
391 1693 646 1747 antiquitus,
675 1693 754 1734 Bis
782 1693 826 1734 in
854 1694 930 1734 illo
957 1706 1142 1747 peccare

253 1765 344 1796 non
373 1755 526 1809 licere,
553 1757 774 1810 multaque
793 1757 902 1799 adeo
925 1758 1072 1800 inania
1097 1759 1142 1800 in

252 1811 372 1860 beno
384 1819 588 1861 existere.
613 1819 756 1861 Πολλὰ
768 1820 862 1862 κενὰ
870 1821 944 1861 φοῦ
953 1820 1142 1875 πολέμου,

256 1882 375 1935 apud
409 1883 647 1926 Diodorum
674 1885 865 1926 Siculum
892 1886 965 1928 lib.
985 1896 1069 1929 xx.
1096 1893 1145 1930 et

257 1945 553 1999 Polybiumin
571 1948 716 1989 Suida.
755 1948 908 1991 sehon.

310 2011 490 2052 Matrem
500 2011 829 2065 timidiflerenon
838 2014 982 2066 solere]
1003 2015 1144 2056 Locus

256 2074 392 2116 cessit
418 2074 588 2128 adagio,
606 2075 661 2116 de
683 2088 768 2129 quo
789 2076 887 2118 vide
906 2079 1144 2120 Erasmum.

249 2139 457 2191 Plautus,
485 2140 498 2163 ‘
519 2139 605 2181 Qui
617 2139 663 2180 in
677 2139 806 2181 rebus
817 2140 961 2181 dubiis
972 2141 1145 2183 timidus

256 2209 343 2256 est,
359 2203 475 2244 haud
493 2203 620 2244 nauci
649 2202 746 2245 est?
797 2203 861 2245 M.
878 2204 988 2246 Tull.
1005 2204 1153 2257 Epist..

254 2266 333 2309 ub.
348 2276 416 2309 vr.
437 2269 504 2308 15.
523 2265 702 2307 Sauara.

311 2331 455 2372 Δασέα
501 2334 595 2371 sunt
636 2329 745 2383 opes]
799 2330 959 2372 Tradit
1000 2335 1146 2374 tamen

253 2394 479 2436 Diodorus
510 2394 587 2436 lib.
622 2405 764 2436 xviu.
796 2395 918 2436 brevi
949 2400 1147 2450 tempore

255 2457 508 2499 convenisse
519 2458 710 2499 homines
726 2458 843 2499 mille
855 2464 901 2500 et
915 2458 1124 2501 ducentos
1134 2475 1147 2502 ε

250 2527 309 2563 ·et
340 2522 405 2563 his
436 2523 576 2576 copiis
611 2522 780 2564 eductis
814 2535 913 2564 eum
943 2523 1147 2577 irrupisse

257 2596 387 2627 mane
415 2586 640 2639 inopinato
672 2598 724 2628 ac
757 2586 813 2628 de
843 2587 1078 2640 improviso
1102 2589 1148 2629 in

256 2659 379 2692 xxx.
403 2650 699 2703 Tyranmmm
732 2657 896 2702 castra,
916 2651 1146 2706 multisque

261 2723 414 2753 eorum
445 2712 707 2763 interfectis,
742 2715 838 2755 illos
872 2713 1064 2756 Athenas
1100 2726 1148 2756 se

259 2773 456 2827 recipere
475 2774 686 2828 coegisse.
723 2776 908 2818 Lambin-

319 2838 525 2890 Noemjum
541 2842 626 2878 aum
643 2838 727 2880 iuis
744 2838 981 2891 temporibue
995 2839 1151 2889 fortias

257 2900 354 2940 homi
391 2913 468 2954 pro
499 2901 682 2942 libertale
724 2901 995 2955 loquebantur,
1035 2915 1150 2955 quum

563 2963 710 3005 Livius
731 2975 834 3006 vm.
856 2968 924 3007 22.
969 2967 982 2990 ‘
1002 2967 1150 3008 Graeci

263 3038 369 3079 gens
409 3027 556 3080 lingna
599 3028 735 3080 magis
780 3033 973 3082 strenua,
1020 3041 1150 3083 quam

260 3089 419 3131 factis!
471 3091 532 3131 Et
555 3101 690 3133 xxxr.
719 3095 787 3134 44.
834 3092 1151 3135 ‘Athenienses

260 3152 402 3193 literis
419 3152 665 3206 verbisque,
683 3155 839 3209 quibus
870 3157 973 3198 solis
992 3158 1150 3210 valent,

263 3216 425 3258 bellum
440 3217 643 3259 adversus
653 3218 904 3273 Philippum
914 3222 1152 3274 gerebant!

261 3279 398 3321 Ovid.
429 3282 547 3324 Fast.
578 3292 653 3322 ur.
715 3283 728 3305 ‘
765 3283 1033 3336 Facundum,
1073 3285 1151 3327 sed

260 3344 378 3385 male
412 3343 528 3385 forte
567 3344 732 3398 genus!
781 3345 895 3388 Loco.
927 3390 931 3393 ,
964 3347 1152 3388 Videtur

268 3413 413 3451 autem
434 3409 600 3460 Nepos,
623 3413 674 3449 ut
691 3407 822 3449 etiam
844 3408 988 3460 Magio
1008 3409 1152 3450 obser-

267 3476 433 3525 vatum,
475 3478 589 3513 tecte
633 3484 815 3525 carpere
863 3472 1151 3514 Romanorum

1982 232 2093 285 515

1206 355 1438 409 ignaviam,
1478 357 1551 411 qui
1596 357 1781 399 Caesaris
1825 358 2091 415 aliorumque

1207 420 1481 472 tyrannidem
1501 420 1642 462 verbis
1668 421 1800 473 magis
1820 434 1948 475 quam
1972 422 2091 465 facto

1206 484 1530 534 oppugnabant.
1580 484 1693 528 Vide
1713 485 1852 527 Cicer.
1875 485 1931 527 ad
1955 485 2092 529 Attio.

1208 555 1305 586 xlv.
1324 549 1366 587 6.
1385 551 1430 587 et
1449 551 1517 588 15.

1261 608 1404 649 Hine
1387 622 1432 649 m
1446 610 1662 664 Hraeeum]
1694 612 1768 653 Sic
1780 583 2001 655 Diodorus
2018 614 2094 656 lib.

1206 682 1305 712 xiv.
1327 672 1406 713 uisi
1425 672 1537 725 qued
1555 674 1704 726 tradit,
1721 676 1801 716 hoc
1816 676 1980 718 factum
1999 691 2095 719 esse

1208 741 1307 788 post
1343 735 1629 788 irruptionem
1671 738 1789 780 illam
1821 747 2095 794 nocturnam,

1205 798 1285 839 sed
1293 799 1438 851 potius
1446 800 1717 853 matutinam,
1727 800 1886 843 factam
1895 805 1937 844 in
1949 812 2094 846 castra

1205 862 1563 904 adversariorum.
1598 864 1744 907 Verba-
1758 867 1849 918 ejus
1857 874 1958 909 sunt
1971 869 2065 910 haec
2079 884 2092 910 ε

1206 924 1322 966 Μετὰ
1337 923 1381 966 δὲ
1401 925 1477 974 τὴν
1490 924 1625 977 μάχην
1642 929 1665 968 ὖ
1682 928 1970 982 Θρασύβουλοςί
1985 931 2095 974 εὐθὺς

1203 987 1280 1040 μὲν
1313 989 1492 1042 ὥρμησεν
1519 990 1582 1031 ἐπὶ
1607 990 1680 1032 τὸν
1711 993 1909 1046 Πειραιέα,
1928 994 1999 1040 καὶ
2025 1010 2094 1035 κα-

1205 1051 1406 1100 τελάβετο
1431 1053 1507 1102 τὴν
1521 1054 1765 1108 Μουνυχίαν,
1798 1055 1927 1109 λόφον
1953 1055 2095 1110 ἔρημον

1205 1116 1273 1158 καὶ
1289 1115 1488 1170 καρτερόν.
1545 1118 1654 1159 Cum
1677 1119 1873 1160 Diodoro
1893 1121 2096 1174 congruit

1205 1186 1255 1222 et
1293 1180 1583 1234 Xenophonte
1610 1182 1684 1224 lib.
1703 1194 1756 1225 11.
1818 1182 1959 1226 Addit
1984 1197 2096 1236 prae·

1206 1249 1340 1296 terea,
1363 1244 1407 1285 in
1426 1256 1479 1286 eo
1505 1245 1657 1297 praelio
1684 1258 1739 1287 ex
1767 1247 1986 1300 equitibus
2016 1248 2095 1290 Ni·

1204 1311 1440 1348 nostratum
1478 1307 1706 1360 pulchrum
1740 1309 2012 1364 occubuisse,
2049 1317 2096 1351 et

1206 1371 1314 1413 alios
1351 1371 1458 1412 duos
1487 1371 1535 1412 in
1564 1372 1692 1414 lectis
1729 1385 1957 1427 oppressos
1976 1387 2098 1433 xease.

1256 1497 1597 1552 Munichiamque]
1673 1500 1826 1547 Codex
1884 1501 2095 1555 Danielis,

1203 1561 1509 1616 Minthiamque.
1546 1563 1601 1605 In
1615 1563 1774 1606 Graeco
1789 1569 1857 1606 est
1876 1565 2094 1619 Μουνυχία,

1205 1629 1320 1681 apud
1342 1630 1582 1672 Diodorum
1600 1636 1647 1671 et
1660 1630 1919 1673 Strabonem
1935 1633 2007 1674 lib.
2026 1644 2096 1675 rx.

1204 1692 1408 1734 Kena-hen.
1462 1693 1705 1746 Stephanus
1729 1706 1808 1747 per
1824 1710 1864 1736 .oe
1890 1696 1933 1735 in
1958 1696 2099 1748 prima.

1207 1755 1376 1808 scribit,
1393 1757 1508 1798 unde
1527 1762 1734 1811 corrupte
1755 1758 1953 1799 Monoeclzi
1980 1751 2113 1812 apud*

1207 1819 1458 1865 Frontinum
1470 1820 1544 1862 lib.
1565 1833 1598 1862 1.
1617 1825 1660 1863 ὃ.
1697 1823 1827 1864 Ortel.

1261 1882 1632 1936 Impedimentisque
1665 1884 1843 1936 amissis]
1906 1884 2098 1938 Impedi-

1202 1950 1355 1988 menta
1374 1945 1577 1987 dicuntur
1589 1948 1729 1988 omnia
1742 1960 1809 2000 ea,
1824 1961 1920 2002 quae
1936 1950 2099 1990 condu-

1209 2013 1313 2049 cunt
1332 2008 1384 2049 ad
1401 2009 1511 2060 iter;
1538 2016 1589 2052 ut
1608 2011 1826 2064 utensilia,
1836 2013 2033 2065 sarcinae,
2051 2021 2098 2054 et

1199 2071 1414 2124 jumenta.
1471 2073 1616 2114 Graeci
1635 2072 1857 2123 ἀποσκευὴν
1873 2082 2041 2118 vocant.

1261 2137 1356 2177 Non
1372 2138 1508 2178 minus·
1513 2138 1744 2191 prudentia]
1784 2139 1933 2180 Conon
1952 2147 2098 2181 autem

1205 2198 1519 2252 Thrasybulum
1565 2202 1836 2255 appellabat,
1890 2209 2097 2257 tanquam

1209 2263 1503 2316 audaciorem,
1518 2277 1649 2318 qnam
1665 2266 1988 2318 prudentiorem
2021 2279 2097 2308 seu

1208 2320 1622 2379 consideratiorem3
1656 2333 1705 2369 ut
1736 2334 1804 2373 est
1830 2329 1946 2382 apud
1977 2329 2098 2370 Aris-

1209 2390 1388 2436 totelem
1406 2390 1532 2432 Rhet.
1550 2391 1624 2432 lib.
1640 2404 1690 2434 11.
1726 2392 1905 2435 Lambin.
1924 2393 2043 2445 Mag.

1265 2456 1402 2509 Neque
1428 2457 1631 2510 quisquam
1662 2464 1723 2500 est
1751 2461 1991 2510 vulneratus,
2020 2462 2102 2502 nisi

1207 2521 1277 2573 qui
1298 2521 1421 2575 ‘prior
1454 2521 1688 2574 impugnare
1722 2522 1866 2574 voluit]
1917 2523 2098 2565 Tacitus

1211 2582 1330 2624 Hist.
1357 2595 1420 2625 ιν.
1439 2587 1510 2625 39.
1555 2585 1567 2606 ‘
1586 2584 1672 2625 Sed
1692 2586 1937 2638 praecipuus
1956 2591 2100 2626 metus

1210 2658 1236 2686 e
1252 2646 1401 2687 Primo
1417 2646 1609 2688 Antonio
1622 2648 1826 2702 Varoque
1840 2647 1946 2689 Ario
1960 2664 1974 2700 3
1993 2660 2099 2701 quos

1210 2714 1424 2761 recentes,
1446 2710 1674 2764 clarosque
1710 2723 1854 2752 rerum
1895 2711 2011 2752 fama
2048 2722 2100 2752 ac

1210 2773 1394 2814 militum
1405 2772 1711 2826 studiis,etism
1720 2775 1903 2827 populus
1909 2773 2105 2828 fovebat,

1211 2838 1327 2892 quod
1346 2837 1389 2879 in
1408 2837 1622 2879 neminem
1642 2838 1759 2879 ultra
1788 2838 1923 2880 aciem
1952 2838 2102 2880 saevie-

1211 2899 1339 2941 rant.’
1397 2900 1662 2954 Impugnare
1694 2900 1874 2942 verbum
1901 2900 2101 2943 Ciceron.

1211 2970 1262 3006 ut
1295 2964 1350 3006 ad
1387 2964 1609 3007 Atticum:
1657 2966 1670 2990 ‘
1701 2966 1949 3008 Sceleratos
1981 2966 2102 3007 cives

1211 3027 1366 3069 timore
1385 3027 1440 3069 ab
1468 3028 1757 3081 impugnanda
1784 3029 1927 3081 patria
1954 3029 2102 3069 deter-

1210 3092 1338 3135 rere)
1376 3093 1627 3135 Gebhardus.
1678 3094 1833 3134 Cicero
1854 3105 1939 3145 pro
1969 3093 2100 3146 Ligar

1211 3157 1224 3180 ‘
1245 3156 1430 3210 Cognita
1441 3156 1670 3197 clementia
1689 3161 1780 3208 tua,
1795 3156 1889 3209 quis
1903 3167 1989 3196 non
2004 3166 2100 3196 eam

1209 3219 1438 3261 victoriam
1476 3219 1648 3272 probet,
1684 3219 1728 3259 iu
1767 3231 1852 3275 qua
1891 3219 2106 3261 occiderit

1211 3295 1353 3337 nemo,
1370 3285 1448 3325 nisi
1467 3290 1656 3325 armatus
1670 3283 1700 3324 ?’

1267 3347 1473 3387 Neminem
1506 3347 1706 3396 ,iacentem
1747 3350 1855 3388 veste
1896 3347 2106 3400 spoliavit]

1210 3411 1413 3458 Testatur
1431 3416 1478 3451 et
1495 3411 1576 3451 hoc
1599 3410 1843 3463 Xenophon
1864 3411 1939 3451 lib.
1961 3423 2011 3451 n.
2047 3411 2103 3449 ‹le

1214 3472 1342 3514 rebus
1373 3473 1517 3515 Graec.
1552 3473 1617 3514 his
1645 3473 1818 3515 verbis:
1846 3472 1908 3512 καὶ
1943 3473 1995 3512 τὸ,
2028 3472 2101 3522 μὲν
