2306 3900
786 289 1086 330 CORNELII
1129 290 1415 329 NEPo'rls.
1897 282 2005 335 725

252 413 605 465 lani.-Editio
632 413 739 462 haec
763 413 1066 483 emendatior
1089 423 1163 464 est
1187 416 1262 464 vel
1296 416 1430 465 libris
1451 416 1697 476 adhibitis,
1736 418 1813 466 vel
1839 418 2019 484 ingenii

253 495 515 545 beneficio.
570 550 572 552 v

187 583 312 628 1525
339 574 614 624 Florentina
633 591 673 624 s.
693 575 908 634 sumina,
926 582 974 626 8.
990 575 1218 626 Aldinam
1243 582 1390 627 1522.
1410 576 1644 636 imitatur,
1665 578 1755 628 nisi
1774 579 1821 627 in
1844 581 2017 644 pauci-

247 656 415 704 oribus
439 655 580 704 locis.

184 743 311 787 1542
337 735 677 799 Ultrajectina,
717 752 861 800 quam
904 736 1061 786 Andr.
1103 738 1343 788 Schottus
1385 755 1415 787 a
1453 739 1675 788 Cameris
1713 739 2010 789 Cauchiisve

245 824 465 865 curatam
499 816 638 875 dicit,
677 816 761 865 sed
786 824 967 880 praeter
989 817 1154 880 ipsum
1179 817 1423 867 editorum
1449 835 1594 867 nemo
1614 819 1843 868 contulit.
1914 823 2017 869 An·

246 897 431 945 tonium
471 897 669 961 quidem
703 897 978 946 Cauchium
1014 897 1255 955 novimus,
1293 898 1598 962 Philologum
1634 899 1898 963 Ultraject.
1928 902 2014 964 qui

244 977 690 1027 animadversiones
723 978 770 1026 in
798 978 907 1027 Cic.
931 978 996 1027 de
1019 971 1194 1027 officiis
1217 978 1416 1042 scripsit
1438 987 1486 1028 et
1511 981 1738 1029 Gramm.
1763 980 2016 1046 Lat..Lip-

244 1058 318 1106 sio
348 1058 628 1114 laudatan13
665 1058 749 1107 sed
776 1059 1013 1107 Canteros
1038 1059 1170 1108 haud
1193 1060 1435 1118 novimus,
1473 1060 1564 1108 uisi
1589 1059 1764 1109 fratres
1789 1060 2016 1111 literatis-

243 1138 391 1201 simos
432 1139 741 1188 Wilhelmum
776 1147 827 1187 et
864 1139 1187 1189 Theodorum
1224 1141 1597 1203 Ultrajectinos,
1628 1149 1766 1189 natos
1795 1148 1941 1193 1542.
1966 1152 2015 1191 et

248 1225 395 1268 1545.
437 1226 580 1282 patre
616 1218 805 1268 fortean
841 1219 1052 1269 literato.
1123 1220 1429 1270 Membranae
1468 1227 1630 1269 tamen
1671 1220 1782 1269 huic
1812 1221 2014 1271 editioni

239 1297 511 1347 inserviisse
548 1298 791 1358 videntur,
831 1299 967 1363 quod
999 1316 1060 1348 ex
1091 1300 1287 1349 Schotti
1310 1301 1444 1350 notis
1467 1308 1622 1364 patet,
1657 1301 1805 1350 etiam
1831 1304 2011 1367 passim

242 1394 273 1427 a
297 1380 520 1427 Boeclero
544 1379 594 1426 in
616 1379 696 1429 ed.
722 1394 814 1429 111.
847 1379 990 1430 1648.
1015 1381 1276 1444 excerptiS.
1307 1398 1310 1400 ·

179 1463 306 1507 1543
332 1455 652 1516 Coloniensis,
692 1466 739 1508 8.
777 1475 888 1509 cum
925 1459 1122 1509 scholiis
1158 1459 1372 1525 Gyberti
1408 1461 1647 1524 Longolii.
1674 1461 1850 1517 Colon.
1878 1461 2010 1526 apud

241 1537 898 1604 Gymnicum.—-Longolius
947 1541 1105 1600 Msto,
1154 1549 1210 1589 ut
1255 1541 1468 1599 videtur,
1515 1558 1632 1590 usus
1675 1550 1766 1600 est,
1801 1551 1853 1592 et
1896 1543 2008 1592 edd.

238 1619 441 1668 Jenson.
480 1627 533 1668 et
568 1621 879 1684 Argentorat.
951 1620 1073 1684 Ejus
1098 1620 1285 1670 scholia
1309 1622 1495 1686 optima
1518 1622 1750 1672 desinunt
1774 1623 1823 1671 in
1844 1624 2013 1672 Timo·

240 1698 423 1750 leonte.
1407 1758 1411 1761 ,

143 1799 148 1802 ’
180 1786 309 1829 1544
333 1782 663 1846 Argentorati,
706 1791 752 1833 8.
794 1784 944 1833 Corn.
986 1783 1155 1848 Nepos
1193 1784 1255 1833 de
1296 1784 1406 1834 viris
1445 1785 1734 1845 illustribuS,
1772 1803 1888 1835 cum
1928 1786 2010 1835 Jo.

244 1864 465 1913 Boccatii
485 1864 634 1927 gestis
659 1865 803 1913 Rom.
830 1872 880 1914 et
901 1866 1007 1915 AEn.
1036 1866 1188 1930 Sylvii
1213 1865 1275 1916 de
1300 1874 1409 1915 ortu
1434 1867 1553 1931 imp.
1582 1868 1727 1915 Rom.

179 1951 305 2002 1547
330 1945 574 2008 Lugduni,
618 1953 665 1996 8.
702 1946 850 1994 Corn.
890 1945 1060 2010 Nepos
1098 1945 1161 1994 de
1201 1946 1316 1995 viris
1352 1946 2008 2010 illustribus.-—-Grypbiana‚

239 2042 331 2074 nec
365 2025 457 2074 nisi
488 2027 635 2075 vitam
659 2025 815 2074 Attici
838 2041 951 2074 cum
977 2025 1170 2083 ceteris,
1208 2041 1329 2090 quas
1354 2028 1417 2075 A.
1440 2026 1678 2075 Schottus
1703 2026 1821 2075 dein
1844 2026 2012 2076 reddi-

241 2105 313 2154 dit
336 2108 389 2155 S.
414 2108 535 2155 Aur.
560 2106 763 2164 Victori,
786 2106 966 2155 habere
990 2105 1200 2154 videtur.
1648 2122 1650 2124 ’

179 2185 307 2239 1560
330 2186 539 2245 Parisiis,
584 2195 631 2237 8.
655 2187 833 2236 edente
857 2188 1008 2236 Henr.
1047 2186 1324 2250 Stephano,
1360 2186 1426 2235 ad
1452 2185 1638 2235 calcem
1664 2186 1872 2235 vitarum
1895 2188 2011 2236 Plu·

239 2267 396 2315 tarchi
419 2284 479 2316 ex
503 2267 725 2317 versione
751 2268 919 2317 Herm.
947 2266 1175 2327 Cruserii,
1202 2274 1324 2316 teste
1349 2267 1595 2316 Fabricio.

168 2374 232 2383 --
257 2347 484 2411 [Parisiis,
514 2356 592 2398 12.
629 2348 858 2413 Epitome
894 2348 1102 2398 vitarum
1138 2336 1550 2413 Plutarchi—per
1586 2347 1790 2396 Darium
1826 2348 2006 2397 Tiber-

237 2438 358 2488 tum,
382 2429 614 2494 Equitem
641 2430 960 2489 Caesenatem,
992 2438 1138 2490 1492.
1164 2431 1314 2489 edita,
1339 2431 1405 2479 ab
1430 2429 1653 2494 Oporino
1678 2429 1829 2479 Basil.
1857 2435 2005 2480 1541.

236 2510 426 2558 Parisiis
450 2527 531 2574 ap.
555 2503 690 2560 Hier.
716 2511 778 2559 de
804 2511 1003 2560 Marnef
1023 2512 1169 2562 1560.
1203 2515 1338 2575 (quae
1361 2511 1439 2560 ed.
1465 2510 1607 2559 nobis
1632 2517 1707 2558 est
1731 2511 1793 2558 ad
1820 2513 2010 2571 manus)

238 2598 289 2639 et
310 2591 533 2654 Lugduni
556 2607 636 2655 ap.
660 2592 770 2641 Jac.
794 2592 935 2640 Sto‘et
961 2598 1108 2649 1573.
1129 2600 1180 2642 et
1203 2598 1350 2648 1590.
1378 2597 1456 2640 12.
1475 2590 1622 2638 habet
1643 2589 1840 2654 quidem
1863 2590 2008 2639 vitam

237 2671 404 2731 Attici,
439 2688 599 2735 neque
634 2687 748 2720 vero
787 2678 975 2721 textum
1009 2672 1170 2736 ipsum
1205 2672 1434 2737 Nepotis,
1470 2671 1605 2736 quod
1632 2672 2008 2736 Hauptmannns

238 2753 444 2816 putavit,
469 2751 552 2800 sed
577 2768 607 2800 a
626 2751 836 2801 Tiberto
861 2753 1225 2817 epitomatum.]

170 2859 238 2868 --
260 2832 503 2896 Lugduni,
533 2840 578 2882 8.
605 2832 912 2897 Gryphiana.

177 2911 302 2964 1563
330 2912 550 2971 Basileae,
599 2912 686 2961 fol.
735 2913 861 2961 Vitae
908 2912 1118 2962 virorum
1167 2913 1448 2962 illustrium.
1489 2913 1791 2977 (Collectore
1833 2915 2005 2963 Herm.

237 2992 553 3054 widekindo)
591 2993 920 3043 Continentur
958 2993 1179 3042 AEmilius
1215 2994 1410 3044 Probus
1434 2992 1497 3042 de
1523 2993 1609 3042 vit.
1641 2993 1815 3043 excell.
1841 2994 2003 3058 Impp.

236 3089 347 3121 cum
372 3081 563 3123 annott.
590 3074 729 3123 Hier.
757 3073 930 3138 Magii,
964 3082 1014 3123 et
1038 3073 1197 3137 ejusd.
1223 3075 1377 3139 Magii
1402 3074 1561 3139 Epist.
1587 3073 1650 3123 de
1675 3080 1820 3122 aetate
1846 3075 2005 3132 Probi,
2026 3111 2029 3114 .

238 3154 307 3201 G.
336 3152 596 3202 Cassandri
641 3153 731 3202 viri
771 3153 962 3217 aliquot
1001 3153 1226 3212 illustres,
1263 3155 1348 3219 qui
1383 3162 1495 3203 ante
1530 3155 1738 3202 Procam
1774 3154 1824 3201 in
1865 3153 2004 3202 Latio

237 3234 387 3290 suere,
425 3232 567 3281 Plinii
598 3233 707 3283 Sec.
731 3233 792 3282 de
817 3234 930 3283 viris
953 3234 1138 3283 illustr.-
1153 3234 1294 3292 liber,
1330 3251 1443 3283 cum
1468 3233 1741 3298 appendice
1765 3234 1863 3283 Ge.
1890 3234 2006 3283 Cas-

238 3313 417 3371 sandri,
454 3315 512 3362 C.
539 3312 759 3362 Suetonii
795 3313 856 3362 de
893 3313 1035 3362 claris
1073 3313 1418 3363 Grammaticis
1440 3314 1581 3374 liber,
1616 3315 1695 3364 Fr.
1721 3314 2002 3364 Petrarchae

239 3411 396 3444 rerum
440 3411 640 3444 memor.
681 3411 765 3444 seu
808 3394 870 3443 de
911 3394 1018 3444 viris
1058 3395 1322 3445 illustribus
1358 3411 1472 3444 cum
1513 3396 1760 3462 supplem.
1787 3396 1999 3445 Lobardi

242 3474 454 3534 Sirichii,
491 3477 563 3526 Fl.
599 3476 875 3526 Philostrati
900 3476 1144 3528 Heroicus
1166 3477 1263 3530 sive
1287 3476 1420 3526 Dial.
1443 3475 1505 3526 de
1532 3475 1643 3527 viris
1667 3476 1840 3527 illustr.
1866 3485 1914 3525 et
1938 3477 2000 3523 de
