2306 3900
316 242 396 298 liv

372 376 484 416 malls
500 388 587 421 xxv,
610 378 656 415 11
675 374 760 427 (Sic
779 374 896 426 plane
906 373 1063 414 Terent.
1081 373 1206 414 Andr.

373 431 433 478 iii,
450 434 491 477 3,
511 433 577 469 30.
603 435 643 468 ct
657 429 723 467 alii
740 435 835 467 vett.
853 441 892 468 ν.
921 434 1006 468 not.
1037 428 1206 468 Loccen.

373 484 459 523 Tali
472 481 637 522 formula
649 483 791 521 dieitur
803 487 814 506 ⁸
825 481 1017 521 abstinere
1034 496 1076 522 se
1104 483 1207 522 cibo'

374 551 466 583 xxv,
506 539 575 577 22.
604 541 616 559 ‘
631 548 831 587 erumpere
874 549 915 575 se
952 536 1083 584 foras,'
1101 536 1207 589 apud

377 591 521 631 Caesar.
540 603 577 628 v.
594 596 677 629 not.
691 588 858 642 Ernstii)

322 644 485 685 Emetiri
516 642 743 696 (peragere)
761 657 771 682 ε
805 643 951 682 emensi
983 656 1073 696 quae
1090 643 1209 683 inter-

378 704 502 744 erant,
522 697 585 736 Fr.
599 700 624 738 7

323 750 505 791 Eminere
517 751 632 790 altius
644 749 889 804 (honoribus,
909 750 1099 803 potentia,
1113 748 1211 802 διο.)

310 839 312 843 .
379 805 448 852 xii,
466 809 491 845 8

324 859 514 899 Emittere
531 857 744 898 exercitum
771 857 814 896 iu
838 856 973 897 Asiam
1003 856 1212 910 (bellatum

379 909 554 963 mittere)
582 911 676 958 xvii,
705 915 731 952 2
776 911 944 950 animam
983 910 1212 964 (exspirare,

380 964 613 1017 exanimari)
641 978 707 1012 xv,
726 969 753 1006 9
797 964 923 1004 emitti
943 964 1022 1017 (sc.
1047 978 1094 1004 ex
1125 976 1214 1003 cus-

380 1018 512 1071 todia)
540 1032 579 1066 v,
598 1022 619 1059 l

327 1073 590 1126 Emphyletus
617 1071 697 1118 xix,
716 1073 743 1111 4

327 1127 516 1167 Enarrare
545 1125 666 1165 vitam
710 1124 789 1172 xvi,
810 1129 831 1166 l
873 1124 1046 1180 (oppon.
1082 1124 1217 1163 histor.

385 1179 501 1220 scrib.

330 1233 483 1273 Ennius
504 1179 563 1280 )Q.
580 1231 700 1285 poeta
717 1245 741 1271 a
759 1232 914 1273 Catone
931 1231 1050 1272 Rom.
1069 1231 1220 1271 deduc-

385 1294 448 1326 tus
471 1301 519 1327 ex
545 1287 736 1335 Sardinia,
766 1284 976 1339 magnique
1008 1286 1220 1325 aestimatus

386 1341 492 1388 xxiv,
514 1345 532 1381 1

331 1394 569 1434 Enumerare
600 1392 692 1446 (per
721 1393 856 1432 seriem
885 1391 1060 1444 narrare)
1105 1391 1160 1439 vi,
1178 1396 1220 1432 2.

385 1445 494 1495 x'xiii,
511 1453 535 1488 5
549 1447 734 1487 familiam
746 1448 815 1500 (de
827 1445 1052 1499 genealog.)
1063 1459 1152 1492 xxv,
1171 1450 1222 1485 18

271 1531 277 1534 -
333 1501 549 1542 Enuntiare
567 1501 752 1555 (deferre,
784 1501 953 1540 revelare
985 1512 1064 1539 rem
1095 1512 1221 1539 secre-

389 1556 491 1608 tam)
531 1555 586 1601 iv,
615 1558 641 1594 4
670 1554 730 1607 (v.
761 1560 844 1592 not.
871 1553 1000 1592 Ernst.
1028 1552 1093 1592 Sic
1117 1565 1222 1605 saepe

390 1609 478 1650 Cic.
505 1608 558 1647 It.
588 1607 691 1647 caes.
710 1607 760 1646 Β.
780 1606 832 1646 G.
860 1621 900 1654 v,
920 1611 988 1647 58.
1014 1606 1039 1647 J
1045 1606 1163 1645 ustin.
1184 1619 1222 1653 v,

347 1683 349 1685 ·
389 1667 430 1709 1,
452 1667 491 1703 1.
519 1661 629 1702 curt.
668 1660 726 1708 iii,
751 1664 793 1708 6,
813 1664 853 1700 7.
907 1660 1015 1700 Add.
1050 1659 1224 1700 Gronov.

389 1717 441 1755 ad
460 1715 546 1755 Liv.
562 1715 616 1761 ix,
632 1713 706 1767 16)

335 1769 396 1809 Eo
428 1769 492 1823 (in
510 1782 600 1808 eum
630 1766 798 1819 statum)
823 1781 832 1805 τ
861 1779 910 1806 eo
940 1766 1114 1806 deducta
1142 1772 1226 1806 erat

393 1823 462 1862 illa
479 1822 646 1862 militum
665 1821 874 1860 multitudo
893 1833 1018 1860 errore
1035 1821 1162 1867 ducis,
1182 1826 1229 1858 ut

393 1891 459 1924 xv,
478 1881 503 1917 7
546 1888 595 1915 eo
613 1888 672 1914 res
693 1881 942 1926 utrorumque
967 1875 1163 1926 perduxit,
1184 1881 1227 1912 ut

392 1944 459 1977 xv,
485 1934 511 1970 8
531 1929 590 1968 Eo
609 1929 680 1981 (ad
699 1928 796 1967 illud
817 1932 988 1980 tempus)
1005 1943 1014 1967 :
1035 1941 1159 1980 usque
1178 1942 1226 1967 eo

393 1984 534 2023 ferrum
566 1983 608 2022 in
635 1995 797 2035 corpore
812 1981 985 2029 retinuit,
1017 1983 1149 2034 quoad
1169 1995 1227 2020 re-

394 2038 618 2076 nuntiatum
649 2042 709 2075 est
739 2035 878 2075 vicisse
900 2035 1075 2076 Boeotios
1121 2049 1186 2082 xv,
1201 2039 1228 2076 9

396 2091 456 2130 Eo
488 2089 648 2145 (ideo):
685 2103 733 2129 eo
789 2090 977 2129 nolebant
1020 2090 1229 2142 confligere

395 2146 535 2192 classe,
565 2144 673 2196 quod
706 2143 950 2195 pedestribus
985 2143 1110 2196 copiis
1143 2144 1230 2195 plus

397 2212 514 2251 quam
533 2198 697 2236 navibus
716 2197 891 2237 valerent
917 2197 985 2243 vii,
1005 2201 1030 2237 8
1069 2210 1117 2236 eo
1150 2210 1231 2235 non

398 2252 557 2299 accidit,
590 2251 698 2304 quod
729 2263 930 2303 nunquam
961 2263 1050 2290 cum
1073 2250 1232 2290 fortiore

397 2319 483 2345 sum
497 2317 724 2356 congressus
740 2303 845 2350 xviii,
861 2308 909 2345 11
930 2303 990 2342 Eo
1005 2303 1233 2355 (intenden-

399 2359 443 2397 di
461 2359 538 2397 vim
556 2358 598 2396 in
617 2369 728 2409 seqq.
741 2356 882 2409 habet)
897 2371 906 2396 ε
926 2357 966 2395 id
981 2356 1172 2408 illiusque
1186 2371 1234 2395 eo

399 2413 676 2463 despexerunt,
713 2414 758 2448 ut
802 2410 925 2457 xvi,3
972 2409 1004 2448 is
1036 2422 1159 2462 usque
1186 2423 1233 2449 eo

401 2465 493 2503 vitae
521 2469 666 2503 statum
697 2469 975 2502 commutatum
1022 2463 1119 2503 ferre
1155 2477 1235 2502 non

402 2518 546 2571 potuit,
579 2523 623 2556 ut
665 2519 748 2564 x,4
795 2517 872 2556 hoc
905 2529 1028 2568 usque
1067 2530 1115 2556 eo
1152 2524 1236 2557 tota

401 2571 555 2612 Graecia
573 2571 676 2610 fama
693 2569 929 2610 celebratum
949 2576 1022 2616 est,
1043 2576 1086 2608 ut
1124 2570 1190 2617 xii,
1213 2574 1233 2610 l

402 2626 563 2680 (Usque
583 2638 647 2672 eo,
679 2637 748 2676 pro
768 2625 882 2663 adeo.
938 2624 1002 2663 Sic
1030 2636 1136 2676 saepe
1170 2624 1236 2664 Ci-

404 2678 529 2732 cero.)
547 2679 626 2717 Sed
646 2684 729 2718 tum
746 2677 885 2724 abfuit,
899 2690 1026 2729 eoque
1047 2677 1160 2730 pejus
1179 2691 1238 2718 res

403 2733 672 2772 administrata
690 2737 749 2770 est
776 2730 830 2778 ix,
848 2735 869 2771 1
899 2743 1028 2783 neque
1048 2744 1095 2770 eo
1115 2733 1238 2784 magis

403 2800 450 2827 ex
471 2786 605 2838 praelio
624 2785 788 2825 excessit
813 2784 962 2831 xviii‚4
988 2784 1079 2824 Sic:
1110 2797 1239 2838 neque

404 2853 452 2879 eo
483 2839 606 2892 magis
624 2851 751 2879 arcem
768 2837 967 2877 Thebanis
987 2838 1241 2878 reddiderunt

404 2894 483 2941 xvi,
506 2897 526 2933 l
572 2905 700 2945 neque
736 2905 784 2932 eo
805 2891 928 2943 magis
943 2893 1099 2932 carebat
1115 2893 1241 2944 suspi-

407 2947 521 2986 cione
549 2946 603 2993 iv,
623 2951 647 2986 3
695 2958 826 2997 neque
855 2958 903 2983 eo
935 2946 1059 2996 magis
1089 2946 1242 2997 potenti

405 3001 588 3039 adulatus
606 3005 666 3038 est
678 2999 855 3038 Antonio
884 3011 973 3044 xxv,
989 3003 1015 3038 8
1044 3012 1174 3052 neque
1194 3012 1240 3038 eo

405 3053 532 3094 secius
546 3052 851 3091 Atheniensibus
878 3051 1006 3091 officia
1035 3054 1244 3103 praestabat

408 3108 438 3155 i,
457 3113 483 3148 2
525 3119 655 3159 neque
685 3118 734 3145 eo
763 3105 891 3144 minus
919 3105 1078 3157 privatis
1115 3106 1242 3158 publi-

407 3162 542 3214 cisque
558 3161 671 3200 rebus
685 3159 862 3200 interfuit
887 3172 951 3206 xx,
970 3162 997 3200 4

355 3216 505 3254 Eodem
542 3215 603 3268 (in
630 3213 801 3254 eundem
819 3212 998 3266 locum):
1037 3218 1244 3265 postquam

412 3269 551 3307 eodem
573 3267 743 3319 perfugit
787 3280 826 3313 x,
863 3271 888 3306 5
943 3267 1100 3316 eodem,
1137 3268 1244 3305 unde

408 3329 490 3359 erat
503 3321 714 3371 profectus,
727 3333 768 3359 se
786 3319 934 3371 recepit
958 3321 1040 3367 xiii,
1059 3323 1090 3360 3r

358 3373 652 3427 Epaminondas
683 3374 908 3421 Thebanus,
933 3375 1096 3414 honeste
1127 3379 1243 3413 natus

411 3441 477 3473 xv,
496 3431 522 3466 2
562 3427 770 3478 diligenter
782 3428 987 3476 educatus,
1005 3426 1104 3467 ibid.
1130 3427 1243 3467 bonis

413 3479 534 3520 animi
570 3492 616 3518 ac
655 3481 860 3519 virtutibus
893 3481 1072 3533 egregius
1114 3494 1179 3528 xv,
1215 3485 1241 3521 3

416 3532 661 3576 abstinentia}
707 3534 929 3587 exemplum
974 3533 1059 3575 edit
1112 3548 1178 3583 xv,
1214 3538 1239 3576 4

1153 252 1356 292 INDEX

1326 374 1434 415 dicta
1448 374 1534 428 ejus
1548 380 1664 414 acuta
1690 387 1755 421 xv,
1774 378 1815 415 5.
1832 378 1860 415 6
1906 373 2060 427 patiens
2075 374 2150 414 fuit
2172 402 2177 406 -

1323 428 1547 482 injuriarum
1566 443 1630 476 xv,
1646 432 1670 469 7
1684 429 1826 468 retinet
1842 427 2047 481 imperium
2063 429 2151 467 diu-

1325 482 1403 522 tius
1421 496 1538 535 quam
1554 496 1623 535 per
1641 483 1747 535 leges
1766 483 1924 530 licebat,
1941 481 2042 521 ibid.
2081 495 2151 522 ac·

1326 544 1483 576 cusatus
1503 544 1548 576 ut
1564 550 1606 576 se
1633 537 1863 576 defenderet
1889 550 1954 583 xv,
1973 539 2000 576 8
2042 535 2154 575 fortis

1323 590 1365 629 in
1402 596 1523 630 morte
1568 604 1633 636 xv,
1668 594 1695 631 9
1760 603 1918 629 uxorem
1954 602 2155 642 nunquam

1325 644 1438 684 duxit
1482 658 1545 691 xv,
1582 649 1634 685 10
1679 644 1782 683 bello
1818 643 1923 683 civili
1954 643 2156 689 abstinuit,

1325 697 1422 737 ibid.
1463 698 1619 737 Thebas
1654 698 1758 738 solus
1791 695 2014 744 illustravit,
2061 695 2157 736 ibid.

1326 751 1612 803 Epaminondae
1630 751 1801 803 impetus
1827 751 1882 798 xi,
1895 755 1922 791 2

1272 805 1460 858 Ephebus
1485 805 1612 844 factus
1637 811 1698 843 est
1714 804 1787 858 (ad
1813 805 2010 856 pubertat.
2025 803 2157 855 venit)

1327 872 1392 904 xv,
1411 862 1438 898 2
1479 857 1538 911 (v.
1567 857 1746 910 Interpp.
1775 858 1827 897 ad
1853 857 1943 898 Ter.
1974 857 2099 899 Andr.
2131 857 2160 904 i,

1275 910 1462 1019 Ephesus)
1485 963 1577 1011 xvii,
1594 968 1619 1005 3
1658 963 1785 1017 (Olim
1804 977 1828 1004 a
1846 963 2010 1005 Caribus
2026 969 2068 1003 et
2085 963 2160 1002 Le·

1330 1019 1482 1071 legibus
1512 1019 1701 1065 habitata,
1732 1025 1823 1070 post
1847 1017 2003 1058 colonia
2033 1017 2161 1056 Athe-

1332 1074 1526 1113 niensium
1555 1079 1598 1112 et
1625 1071 1784 1120 Ionum,
1810 1071 1988 1124 principe
2006 1070 2162 1110 Andro-

1334 1127 1413 1173 clo,
1434 1126 1554 1167 Codri
1573 1125 1759 1178 postremi
1786 1126 1886 1178 regis
1914 1124 2041 1165 Attici
2066 1124 2164 1171 filio,

1334 1187 1464 1227 aucta,
1482 1181 1584 1219 inter
1600 1181 1712 1219 urbes
1730 1179 1855 1219 Ioniae
1873 1185 1964 1231 post
1977 1177 2164 1218 Miletum

1335 1235 1467 1273 multis
1490 1233 1642 1272 saeculis
1669 1233 1849 1281 maxima,
1869 1232 2073 1278 ditissima,
2091 1245 2166 1284 po·

1335 1286 1566 1334 tentissima,
1585 1286 1692 1326 Asiae
1724 1287 1845 1326 totius
1871 1286 1974 1326 intra
1995 1285 2167 1326 Taurum

1336 1348 1508 1382 montem
1523 1341 1738 1393 emporium
1750 1339 2045 1381 nobilissimum.
2061 1339 2168 1379 Ubb.

1337 1395 1512 1434 Emmius
1530 1402 1626 1434 tom.
1659 1395 1689 1436 i.
1707 1401 1788 1434 vet.
1814 1393 1943 1433 Graec.
1962 1406 2053 1446 pag.
2072 1392 2173 1443 106)

1283 1448 1517 1502 Ephemeris
1563 1461 1653 1493 xxv,
1690 1451 1741 1487 13
1797 1447 1998 1501 (diurnum
2038 1445 2169 1485 Latini

1339 1509 1508 1551 vocant3
1546 1501 1742 1554 significat
1766 1501 1830 1540 hic
1863 1500 2039 1540 libellum
2070 1513 2170 1552 quo-

1339 1556 1572 1595 tidianarum
1610 1567 1865 1606 expensarum
1906 1560 1948 1593 et
1977 1555 2170 1606 erogatio-

1339 1622 1448 1647 num.
1475 1622 1512 1646 v.
1528 1608 1646 1647 Thes.
1662 1608 1818 1647 Buchn.
1837 1614 1878 1647 et
1895 1607 2026 1647 Ernst.
2059 1609 2110 1647 ad
2129 1609 2170 1646 h.

1340 1662 1368 1701 1.
1387 1663 1479 1701 add.
1496 1661 1666 1701 Loccen.
1683 1660 1806 1701 Aliud
1825 1660 1990 1714 signific.
2018 1667 2030 1685 ‘
2045 1661 2175 1700 diurni

1341 1715 1621 1756 commentari?
1639 1728 1702 1767 ap.
1735 1715 1844 1755 Suet.
1873 1714 1980 1770 Aug.
2014 1718 2102 1761 64„
2130 1716 2173 1753 in

1342 1783 1441 1822 quos
1459 1770 1578 1809 etiam
1592 1769 1699 1808 dicta
1716 1775 1758 1808 et
1785 1782 1982 1809 sermones
2009 1775 2174 1808 annota-

1342 1825 1440 1863 bant
1456 1838 1465 1862 :
1495 1838 1532 1862 v.
1549 1823 1716 1863 Casaub.
1729 1823 1782 1862 ad
1799 1823 1909 1862 illum
1927 1821 2026 1876 loc.)

1288 1876 1438 1933 Ephori
1487 1877 1871 1916 Lacedaemoniorum
1911 1876 1956 1924 ii,
1986 1880 2012 1918 7
2054 1888 2176 1928 penes

1344 1934 1416 1972 hos
1434 1944 1625 1971 summum
1643 1931 1861 1982 imperium,
1887 1930 1985 1970 ibid.
2040 1930 2176 1982 ephot.

1346 1986 1440 2025 licet
1457 1998 1587 2037 regem
1605 1984 1772 2024 vinculis
1791 1985 1927 2024 indere
1954 1984 2009 2032 iv,
2028 1987 2053 2024 3
2100 1983 2175 2037 (de

1345 2041 1483 2079 horum
1522 2043 1714 2090 potestate
1751 2043 1794 2077 et
1829 2037 1931 2078 offic.
1965 2051 2002 2077 v.
2042 2036 2176 2076 Nicol.

1350 2093 1533 2145 Cragium
1570 2093 1622 2132 de
1657 2105 1739 2143 rep.
1772 2091 1993 2131 Lacedaem.
2031 2091 2100 2130 lib.
2136 2094 2177 2131 2.

1304 2154 1308 2156 ’
1348 2160 1436 2199 cap.
1466 2150 1507 2186 4.
1549 2147 1640 2185 add.
1674 2145 1780 2186 Ubb.
1818 2145 1960 2184 Emmii
1991 2150 2087 2184 tom.
2122 2144 2180 2183 iii.

1350 2200 1516 2242 Graeciae
1530 2207 1608 2240 vet.
1634 2213 1725 2252 pag.
1747 2203 1838 2240 122.
1866 2211 1976 2251 seqq.
2011 2198 2178 2237 Arnisae.

1350 2255 1402 2294 de
1433 2254 1589 2306 Repub.
1617 2254 1658 2300 ii,
1687 2258 1729 2301 6,
1758 2258 1798 2294 2.
1833 2261 1864 2302 §.
1897 2256 1964 2293 30.
1997 2264 2108 2304 seqq.
2138 2257 2179 2291 et

1351 2308 1502 2346 Meurs.
1522 2306 1692 2345 Miscell.
1712 2307 1859 2346 Lacon.
1885 2304 1930 2353 ii,
1949 2304 1999 2357 4)

1295 2360 1544 2414 Epigramma
1556 2358 1792 2412 (inscriptio,
1813 2358 1963 2406 titulus,
1981 2357 2149 2410 elogium
2169 2372 2181 2406 ;

1350 2413 1483 2506 quallia
1497 2413 1878 2519 So‘nisladggn'mr's
1893 2425 1997 2504 quae¹
2012 2411 2102 2518 {Mis
2120 2423 2180 2450 sa-

1351 2480 1416 2507 cra
1444 2479 1493 2505 an
1559 2479 1612 2513 lv,
1758 2478 1841 2506 uss.
1874 2478 2011 2504 ormu.

1296 2520 1439 2573 Epirus
1466 2518 1594 2572 (regio
1615 2518 1781 2558 Graeciae
1800 2525 1904 2558 trans
1932 2518 2068 2558 Sinum
2085 2518 2182 2557 Am-

1355 2574 1525 2614 bracium
1580 2585 1711 2612 versus
1747 2571 2005 2612 Occidentem
2042 2572 2084 2611 in
2115 2585 2184 2611 ora

1351 2628 1476 2667 Maris
1494 2626 1612 2665 Ionii.
1629 2626 1735 2666 Ubb.
1747 2626 1922 2665 Emmius
1939 2633 2034 2665 tom.
2058 2626 2086 2665 i.
2103 2632 2185 2665 vet.

1354 2681 1484 2721 Graec.
1515 2693 1606 2732 pag.
1624 2679 1700 2732 54)
1721 2695 1730 2719 :
1760 2681 1801 2719 in
1837 2679 1957 2732 Epiro
1977 2678 2184 2734 Olympias

1353 2735 1505 2774 habitat
1531 2734 1637 2781 xviii,
1656 2737 1684 2774 6

1300 2788 1482 2841 Epirotes
1501 2788 1676 2841 Pyrrhus
1704 2786 1783 2834 xxi,
1803 2790 1829 2827 2
1857 2785 2029 2839 Epirotas
2056 2784 2139 2832 xiii,
2158 2789 2185 2826 2

1301 2842 1513 2896 Epiroticae
1533 2840 1797 2892 possessiones
1815 2840 1936 2894 (quas
1963 2841 2083 2880 habet
2110 2839 2182 2878 ali-

1356 2897 1443 2949 quis
1459 2896 1500 2934 in
1513 2894 1654 2946 Epiro)
1683 2907 1770 2940 xxv,
1792 2897 1844 2936 14

1302 2950 1483 3003 Epistola
1531 2947 1805 2988 Themistoclis
1836 2947 1886 2986 ad
1933 2945 2187 2986 Artaxerxem

1356 3002 1399 3050 ii,
1417 3007 1444 3044 9
1488 3002 1668 3053 epistolae
1685 2999 1842 3040 vincula
1861 3000 2030 3040 lacerare
2046 3000 2185 3060 (vulgo

1358 3056 1506 3107 laxare)
1534 3054 1587 3102 iv,
1605 3059 1631 3095 4
1677 3054 1883 3106 epistolam
1901 3054 2052 3093 solvere
2078 3052 2187 3099 xxiii,

1359 3113 1409 3151 11
1457 3108 1663 3161 epistolam
1693 3108 1870 3160 accipere
1895 3108 1945 3146 ab
1974 3106 2107 3159 aliquo
2134 3106 2187 3144 ad

1358 3163 1529 3215 aliquem
1556 3161 1609 3209 iv,
1627 3166 1655 3203 4
1699 3161 1876 3213 epistolas
1909 3159 2108 3201 Ciceronis
2134 3159 2185 3198 ad

1357 3216 1534 3258 Atticum
1574 3229 1663 3264 xxv,
1683 3219 1735 3257 16
1779 3215 1956 3268 epistolae
1991 3212 2186 3253 verbosio-

1357 3283 1417 3310 res
1445 3284 1534 3315 xxv,
1551 3274 1606 3310 20

1304 3324 1467 3376 Epulari
1485 3323 1713 3362 luxuriosius
1739 3322 1793 3369 iv,
1811 3325 1837 3363 8

1305 3378 1476 3431 Epulum
1502 3378 1793 3430 magistratuum
1823 3373 2094 3414 Thebanorum
2124 3386 2187 3412 so-

1358 3432 1475 3470 lenne
1502 3431 1580 3477 xvi,
1599 3434 1626 3471 2

1304 3484 1504 3538 Equestris
1531 3482 1701 3536 dignitas
1727 3494 1816 3526 xxv,
1836 3484 1854 3521 1
1903 3479 2020 3534 (ordo
2038 3479 2188 3521 medius

1358 3538 1570 3592 tertiusque
1603 3535 1745 3579 Romae
1782 3534 1896 3579 Plebi
1928 3539 1968 3577 et
2004 3533 2185 3578 Patribus
