2306 3900
728 267 950 307 RERUM
995 265 1071 309 13‘1·
1111 264 1480 310 vunuoauM.
1914 242 1999 308 liii

161 389 344 444 (Ellipsis
372 391 540 432 nominis
569 391 748 436 Pactum,
778 390 841 428 vel
864 389 1047 443 similis):

218 445 320 492 Quae
350 459 391 484 re
419 446 431 484 i
460 458 549 484 cum
582 443 892 484 Lacedaemoniis
921 451 1051 483 essent

218 498 288 546 vii,
303 502 356 541 10
382 502 401 552 (
447 500 543 546 avis,
558 499 619 538 vel
638 495 822 549 similis):
855 502 899 535 ut
931 498 1049 537 babe-

216 557 289 599 ret,
307 565 386 606 qua
403 553 558 606 fugeret
573 553 624 591 ad
643 551 807 591 salutem
849 563 888 597 x,
906 554 934 590 9
979 551 1051 590 Est

183 623 191 630 ’
215 605 385 646 civitatis
403 606 502 660 ejus,
537 605 704 658 partium
733 606 883 651 harum,
915 604 1049 656 pluris,

215 660 369 700 virtutis
386 666 488 712 tuae3
511 660 599 713 (ubi
619 670 771 711 semper
788 658 1049 697 nominativus

214 713 266 752 ali
296 713 355 753 nis
371 714 677 753 subaudiendus.
706 725 744 750 v.
763 712 859 751 Esse
877 711 1048 765 civitat.)

212 765 284 821 (El
301 767 395 820 ipsis
422 780 599 821 pronom.
626 765 802 819 frequ.):
835 766 1050 806 miseranda

213 820 413 926 &23:¹0¹
441 820 943 927 {gmfftugugugmmangarg
967 830 1050 925 ’,ΤΞ

411 903 422 922 ,
579 904 590 922 ,
742 900 753 912 .
823 903 833 914 .
889 901 899 912 .
945 900 956 911 .
1015 901 1025 912 .

215 941 256 975 x,
277 933 305 969 9
332 928 424 968 Sic:
463 927 719 974 conveniunt,
757 927 870 980 cujus
905 927 957 966 de
979 940 1048 979 pe-

213 981 338 1021 riculo
354 981 547 1023 timebant
562 984 654 1035 (pro
673 981 759 1034 ejus
783 993 915 1028 causa,
935 980 1050 1033 cujus

214 1036 255 1075 d.
274 1048 317 1088 p.
335 1035 388 1087 t.)
405 1049 444 1083 x,
463 1040 489 1076 8
519 1035 650 1089 (Talia
676 1041 768 1075 sunt
794 1036 836 1082 ii,
864 1039 904 1075 9.
923 1033 990 1082 xii,
1009 1039 1049 1074 4.

213 1089 295 1136 xit,
324 1093 367 1130 9.
392 1088 487 1136 xvii,
517 1093 558 1130 3.
589 1093 697 1137 xx,2
730 1087 829 1141 &c.)
870 1087 1050 1141 (Ellipsis

212 1141 334 1182 Verbi
379 1142 610 1183 substantivi
646 1155 825 1182 unacum
841 1141 1050 1195 nomine):

212 1207 295 1235 non
325 1196 494 1236 liberalis
537 1198 606 1236 sed
650 1196 746 1237 levis
798 1196 1051 1235 arbitrabatur

211 1262 302 1299 xxv,
323 1254 371 1291 1⁵
401 1250 638 1290 continentis
666 1251 786 1290 debet
824 1248 917 1288 duci
959 1257 1049 1296 xxv,

214 1307 268 1344 13
295 1303 575 1358 (subaudiend.
605 1317 690 1343 esse
719 1317 814 1349 rem,
832 1303 1049 1355 negotium,

168 1399 172 1405 ,
212 1369 313 1409 opus
327 1358 453 1398 ὅταν.
471 1357 602 1410 Esse).
645 1357 824 1411 (Ellipsis
836 1355 956 1396 Verbi
965 1356 1050 1408 jam

212 1419 306 1450 ante
338 1410 503 1464 positi)e
550 1411 647 1449 nihil
679 1410 944 1458 commutavit,
975 1411 1050 1448 nisi

211 1463 308 1516 quid
342 1470 535 1505 vetustate
572 1471 730 1504 coactus
747 1470 808 1503 est
837 1464 913 1516 (sc.
942 1474 1048 1502 com-

211 1517 383 1572 mutare)
428 1530 517 1564 xxv,
539 1521 590 1558 13
636 1530 718 1556 non
753 1515 1049 1569 concupiscere,

211 1573 321 1624 quod
357 1585 382 1612 a
413 1571 589 1624 plurimis
619 1572 754 1611 videas
773 1571 879 1625 (scil.
899 1583 1045 1610 concu-

211 1625 350 1679 pisci),
368 1625 465 1665 ibid.
501 1626 625 1678 parati
642 1626 783 1671 facere,
797 1626 904 1677 quod
917 1623 1048 1676 ipsum

209 1679 400 1720 vidissent
415 1679 522 1733 (sub.
538 1679 687 1731 facere)
707 1680 785 1725 xiv,
801 1682 828 1719 9
845 1691 935 1718 cum
951 1684 1048 1717 tem-

213 1744 308 1785 pore
320 1733 406 1787 ipso
426 1732 705 1786 pervenissent,
721 1745 801 1786 quo
819 1733 1049 1771 studuerant

210 1787 288 1839 (sc.
315 1786 537 1840 pervenire)
567 1787 686 1832 xvi‚2
741 1800 788 1825 eo
820 1786 942 1832 venit,
967 1798 1047 1837 quo

207 1841 410 1880 studuerat
427 1841 503 1891 (sc.
531 1839 686 1893 venire)
715 1841 834 1886 xiv‚4
864 1839 1046 1892 (Ellipsis

207 1893 405 1958 participii
447 1893 627 1933 Existens
683 1894 745 1933 vel
803 1893 912 1932 verbi
956 1890 1047 1931 sub-

209 1947 371 1987 stantin
403 1961 493 1988 cum
530 1948 715 1988 adverbio
762 1946 909 2000 Cum):
960 1948 1045 1985 seni

209 2001 331 2054 8511ae
349 2002 426 2040 fuit
449 2001 758 2055 jucundissimus
776 2000 932 2040 Atticus
951 2001 1047 2039 ado-

208 2055 358 2095 lescens
394 2056 506 2109 (cum
554 2062 658 2094 esset
698 2055 940 2101 adolescens,
977 2054 1047 2093 Gr.

209 2109 394 2163 vab-repos-
428 2109 502 2162 tw)
529 2122 619 2155 xxv,
657 2113 709 2149 16
752 2109 848 2161 (nisi
883 2107 970 2160 quis
999 2107 1047 2147 τὸ

207 2162 436 2202 adolescens
452 2175 523 2216 pro
556 2161 763 2215 participio
795 2162 936 2201 habere
966 2175 1047 2200 ma-

209 2214 292 2268 lit).
345 2216 542 2255 Eumenes
578 2222 668 2268 post
696 2214 910 2254 Alexandri
944 2226 1045 2254 mor-

210 2275 303 2316 tem,
343 2270 564 2322 imperator,
585 2267 774 2309 exercitus
795 2267 907 2308 duxit
935 2267 1045 2320 (cum

209 2330 313 2362 esset
347 2323 574 2375 imperator)
618 2322 725 2369 xviii,
758 2325 806 2362 is
869 2322 1045 2361 tribunus

205 2376 335 2430 plebis
367 2376 593 2416 interfectus
620 2382 680 2415 est
714 2376 826 2430 (cum
845 2382 946 2415 esset
980 2375 1046 2414 tri-

209 2432 336 2470 bunus
370 2429 517 2483 plebis)
563 2443 652 2477 xxv,
684 2433 711 2470 2
747 2442 883 2482 ,quem
930 2443 1045 2481 puer·

207 2497 273 2524 um
308 2484 523 2524 Pausanias
567 2484 755 2522 dilexerat
796 2486 910 2535 (cum
943 2491 1045 2522 esset

209 2537 328 2589 puer)
355 2536 410 2584 iv,
429 2540 456 2576 4
497 2536 782 2589 Epaminondas
818 2536 1045 2588 eloquentia

208 2590 333 2630 eluxit
373 2590 535 2642 Spartoe,
581 2589 699 2642 legati
744 2595 836 2628 ante
870 2602 1042 2642 pugnam

208 2643 452 2684 Leuctricam
481 2644 591 2697 (cum
610 2649 713 2683 esset
737 2643 908 2696 legatus)
937 2657 998 2690 xv,
1015 2648 1042 2684 6

233 2697 368 2737 ultima
388 2703 519 2736 tamen
538 2698 654 2736 verba
671 2708 823 2748 suspec.
853 2697 935 2735 vid.
952 2696 1045 2737 VV.

289 2750 310 2803 )
329 2750 524 2790 Eumenes
535 2763 723 2789 annorum
741 2762 840 2788 xtv.
861 2750 936 2802 (sc.
955 2763 1044 2789 cum

207 2804 333 2858 esset)
365 2802 474 2852 xviii,
504 2808 555 2844 13
598 2804 666 2856 qui
694 2816 742 2843 ex
769 2803 914 2842 intimis
945 2803 1045 2856 regis

208 2859 260 2898 ab
278 2858 451 2898 amicitia
468 2856 555 2910 ejus
583 2858 780 2897 defecerat
808 2857 918 2910 (cum
942 2864 1045 2898 esset

208 2925 256 2952 ex
289 2910 434 2951 intimis
451 2911 572 2964 regis)
609 2910 708 2959 ix,2
755 2910 935 2965 (Ellipsis
972 2913 1044 2950 ad-

211 2965 333 3006 verbii
350 2965 501 3017 Utpote
515 2965 577 3004 vel
597 2964 780 3018 Quippe)
796 2979 805 3003 z
824 2964 904 3012 ille,
920 2965 989 3018 qui
1002 2965 1041 3004 in

211 3017 344 3080 aliqua
361 3031 400 3079 re
420 3019 538 3058 vellet
554 3024 704 3071 patrem
721 3017 878 3066 imitari,
897 3031 1042 3059 morem

208 3072 836 3187 ἓαῗῗὶἓΐῗόέιξιῗᾝᾷυἳῗζέἳ
853 3073 1043 3179 ἓέἲξέἰῖξὲἶῗ

210 3180 342 3232 attigit
355 3178 537 3231 poeticen
550 3192 562 3227 3
579 3179 788 3231 credimus,
807 3192 858 3219 ne
872 3179 959 3232 ejus
972 3194 1040 3219 ex-

209 3231 778 3338 2⁰53>⁶⁸332⁸⁰32²⁸3J323231
791 3231 1042 3326 ’iffiuioeffssi

210 3340 347 3379 Potius
389 3340 553 3378 :statuit
569 3338 770 3391 congredi,
796 3350 914 3390 quam
939 3340 1042 3378 refu-

214 3404 303 3443 gere
355 3404 440 3446 pro,
467 3392 586 3432 satius
613 3392 751 3431 statuit
778 3391 873 3443 &c.)
911 3392 990 3440 xiv,
1015 3397 1042 3434 8

211 3446 299 3498 (Sic
325 3459 429 3500 saepe
445 3445 630 3487 Tacitus.
680 3459 717 3484 v.
735 3445 852 3486 Voss.
878 3447 929 3485 de
947 3459 1042 3486 con-

213 3505 347 3539 struet.
366 3509 454 3553 cap.
469 3501 532 3553 9.)
558 3499 738 3555 (Ellipsis
756 3499 1041 3553 praepositionis

213 3547 320 3607 Ex):
348 3554 536 3607 persuasit
559 3555 723 3610 populo.
746 3561 789 3596 ut
805 3567 852 3598 ea
870 3554 1039 3608 pecunia

1168 391 1300 431 classis
1314 389 1569 430 aedificaretur
1586 390 1655 443 (ex
1670 399 1717 429 ea
1786 389 1925 444 cunia)
1954 392 1997 437 ii,

1166 449 1193 485 2
1235 444 1541 498 (praepositionis
1561 445 1638 484 Per
1655 443 1716 483 vel
1735 400 1863 494 ffiua)
1880 458 1891 483 ι
1927 457 1998 483 an-

1167 511 1240 537 nos
1266 512 1377 538 xxX.
1402 498 1598 537 medicina
1613 510 1694 537 non
1713 496 1884 549 indiguit
1909 498 1995 552 (in-

1167 557 1226 591 tra
1243 564 1366 591 annos
1397 551 1494 606 &c.)
1521 565 1610 599 xxv,
1630 554 1682 592 21
1731 551 1998 604 (praepositio-

1167 606 1226 643 nis
1245 605 1342 658 In):
1376 606 1478 645 bello
1509 607 1708 658 cognitum
1734 611 1793 643 est
1816 606 1923 658 (pro,
1955 606 1997 645 in

1166 658 1291 712 bello)
1319 659 1361 707 ii,
1380 663 1406 699 2
1434 666 1476 698 et
1494 661 1587 698 mari
1602 665 1644 698 et
1660 664 1760 698 terra
1772 659 1917 698 bellum
1935 658 1998 698 in-

1167 713 1264 752 ferre
1282 713 1390 764 (pro,
1409 713 1448 751 in
1466 713 1573 759 mari,
1592 714 1632 752 in
1651 710 1772 765 terra)
1798 712 1841 759 ii,
1859 715 1886 753 2
1914 725 1999 753 esse

1167 767 1339 817 periculo
1366 767 1425 819 (v.
1442 766 1572 818 Esse).
1593 771 1793 806 senectute
1811 767 1918 806 obire
1938 767 1999 820 (v.

1165 819 1340 873 Senect.)
1348 821 1487 860 incidit
1498 821 1538 859 in
1553 821 1752 867 invidiam,
1765 833 1880 872 quam
1891 826 2002 872 pater

1167 886 1258 912 suus
1276 873 1382 926 (pro,
1401 874 1440 913 in
1459 873 1598 927 quam)
1634 886 1675 921 V,
1694 877 1719 915 3
1743 878 1745 880 ’
1761 873 1854 913 Huc
1880 870 1999 926 perti-

1166 933 1262 966 nent
1279 932 1290 950 ‘
1309 941 1356 967 ea
1374 928 1519 975 aetate‚'
1539 934 1550 951 ‘
1565 925 1758 981 dignitate
1777 927 1882 980 regia
1900 928 1999 967 esse'

1167 980 1433 1034 &c.(Ellipsis
1450 981 1738 1034 conjunctionis
1757 980 1830 1034 Et)
1849 995 1858 1020 ε
1874 981 2000 1034 equiti,

1168 1035 1296 1082 armis,
1324 1035 1428 1083 viris,
1466 1036 1634 1090 pecunia
1677 1034 1850 1075 Africam
1889 1035 1999 1078 locu·

1168 1088 1333 1140 pletavit
1375 1090 1468 1138 xxii,
1498 1094 1525 1130 4
1572 1089 1800 1128 adolescens
1829 1088 2000 1136 illustris,

1166 1142 1356 1182 formosus
1366 1145 1460 1190 xxii,
1470 1148 1493 1184 3
1509 1143 1586 1196 (sic
1602 1156 1706 1195 saepe
1722 1142 1880 1191 Cicero,
1895 1142 1999 1196 alii).

1167 1196 1479 1248 (conjunctionis
1497 1197 1572 1248 Ut)
1589 1212 1598 1237 ι
1629 1197 1763 1244 suasit,
1788 1209 1838 1236 ne
1857 1210 1899 1237 se
1917 1209 2000 1236 mo-

1166 1256 1274 1289 veret
1291 1257 1331 1289 et
1354 1257 1578 1304 expectaret
1606 1251 1711 1296 xviii,
1739 1255 1766 1292 6
1805 1249 2003 1303 petierunt

1167 1316 1191 1342 a
1226 1317 1330 1356 rege,
1366 1319 1417 1344 ne
1460 1305 1764 1344 inimicissimum
1802 1317 1914 1343 suum
1941 1317 2002 1353 se-

1167 1370 1256 1396 cum
1275 1359 1447 1405 haberet,
1466 1359 1619 1411 sibique
1634 1359 1797 1397 dederet
1823 1356 1931 1404 xxiii,
1948 1361 2000 1401 12

1167 1411 1332 1463 scripsit,
1365 1424 1416 1451 ne
1445 1412 1610 1459 timeret,
1644 1412 1854 1464 statimque
1881 1411 1933 1450 ad
1960 1424 2002 1451 se

1167 1465 1320 1504 veniret
1346 1479 1436 1512 xxv,-
1458 1470 1511 1506 10
1551 1465 1649 1519 (nisi
1679 1464 1788 1505 dicas
1817 1465 1936 1504 latere
1959 1465 2000 1504 in

1165 1518 1225 1556 his
1242 1524 1285 1558 et
1301 1519 1488 1558 similibus
1506 1518 1554 1559 τὸ
1571 1526 1616 1558 ut
1643 1518 1683 1558 in
1713 1519 1881 1571 praeced.
1913 1517 2001 1571 ne).

1165 1572 1224 1611 his
1255 1572 1324 1612 dat
1355 1575 1572 1626 negotium,
1611 1574 1663 1612 ad
1694 1572 1867 1612 Dionem
1909 1579 2002 1611 eant

1166 1624 1273 1678 (pro,
1302 1633 1347 1665 ut
1365 1628 1414 1666 ad
1442 1626 1637 1680 Dionem)
1665 1640 1706 1678 x,
1725 1630 1752 1666 9
1787 1625 2000 1680 (conjunc-

1166 1679 1283 1719 tionis
1302 1679 1454 1733 Quam)
1471 1695 1550 1720 non
1565 1693 1627 1720 am
1659 1681 1732 1719 lius
1751 1687 1912 1720 centum
1930 1681 2000 1718 ad-

1166 1733 1396 1773 olescentuli
1409 1735 1486 1782 xvi,
1503 1735 1602 1788 2(v.
1663 1732 1845 1786 mplius).
1881 1733 2000 1786 (con-

1159 1786 1377 1838 junctionis
1396 1787 1451 1835 Si,
1483 1789 1600 1828 verbo
1618 1793 1747 1826 tamen
1767 1787 1808 1826 in
1842 1787 2000 1839 partici-

1164 1840 1273 1892 pium
1316 1841 1487 1896 mutato)
1505 1857 1514 1881 t
1557 1842 1699 1896 quibus
1733 1854 1777 1880 se
1813 1853 2000 1893 oppresso

1165 1895 1271 1933 nulla
1299 1908 1388 1947 spes
1420 1896 1555 1935 salutis
1584 1895 1866 1948 relinqueretur
1893 1896 2001 1949 (pro,

1165 1948 1195 1987 si
1216 1962 1423 2002 oppressus
1440 1949 1564 2003 esset)
1593 1948 1622 1996 i,
1637 1951 1660 1989 ³

1110 2002 1346 2054 Eloquentia
1365 2004 1488 2058 (inter
1511 2010 1613 2042 artes
1640 2000 1712 2040 viri
1746 2001 1870 2040 civilis
1888 2006 1929 2040 et
1948 2003 1999 2040 ad

1164 2070 1306 2109 magna
1323 2055 1504 2110 nitentis)
1535 2070 1571 2104 ν,
1589 2061 1614 2096 2
1645 2054 1872 2108 eloquentia
1890 2053 1999 2106 Epa-

1163 2111 1361 2150 minondae
1397 2111 1510 2150 armis
1529 2111 1638 2164 paria
1670 2108 1778 2155 facit,
1808 2108 1905 2148 ibid.
1938 2108 1999 2161 (v.

1163 2165 1343 2205 Paschal.
1358 2165 1583 2218 Legatum).
1598 2165 1702 2216 eloq.
1717 2160 1894 2205 Platonis
1913 2172 1952 2208 x,
1973 2165 1998 2202 3

1163 2218 1323 2258 antistat
1339 2218 1564 2272 eloquentia
1582 2216 1816 2257 innocentiae
1835 2215 1896 2269 (id
1925 2222 2001 2262 est,
2075 2253 2080 2263 ἢ

1163 2278 1322 2325 superat
1338 2286 1438 2320 eam,
1459 2271 1567 2312 valet
1584 2278 1720 2312 contra
1744 2268 1854 2322 eam)
1895 2267 1952 2316 iii,
1974 2273 1995 2309 1

1163 2327 1274 2380 (cum
1288 2326 1369 2366 scil.
1389 2326 1474 2379 ejus
1486 2325 1622 2366 fraude
1640 2326 1874 2364 damnantur
1887 2323 1997 2370 boni,

1163 2386 1206 2420 ut
1225 2380 1415 2428 Quinctil.
1458 2379 1514 2419 ait
1541 2377 1582 2428 ii,
1615 2377 1704 2432 16).
1762 2377 1997 2430 eloquentiae

1162 2433 1424 2486 principatum
1438 2440 1570 2473 tenere
1599 2446 1689 2480 xxv,
1702 2437 1726 2472 5
1757 2431 1995 2483 eloquentiae

1162 2487 1254 2526 satis
1286 2488 1457 2526 habebat
1475 2486 1616 2526 Cimon
1644 2499 1683 2531 v,
1703 2489 1729 2525 2
1759 2485 1920 2538 (modus
1939 2484 1997 2522 lo-

1162 2540 1309 2592 quendi
1322 2541 1465 2592 passim
1482 2541 1553 2578 scri
1586 2538 1698 2577 torib.
1713 2537 1768 2577 fre
1798 2543 1996 2584 uenustus,

1162 2607 1201 2635 v.
1246 2593 1377 2632 Savar.
1423 2594 1474 2632 ad
1509 2593 1550 2632 Si
1581 2605 1644 2631 on.
1686 2594 1727 2631 9.
1804 2591 1896 2643 pist.
1933 2589 1996 2642 9).

1165 2647 1393 2700 eloquentia
1422 2647 1565 2698 linguae
1599 2645 1747 2686 Graecae
1790 2644 1996 2684 disertissi-

1161 2713 1245 2740 mus
1264 2699 1436 2741 0mnium
1456 2700 1554 2755 (vel,
1586 2706 1630 2739 ut
1649 2699 1729 2746 alii,
1762 2698 2002 2751 ditissimus)

1161 2754 1228 2803 vii,
1243 2758 1269 2796 2

1106 2808 1285 2862 Elpinice
1299 2804 1474 2848 Cimonis
1494 2819 1599 2846 soror
1626 2819 1665 2855 v,
1686 2810 1707 2847 1

1106 2862 1338 2903 Elucescere
1357 2861 1561 2901 virtutibus
1597 2857 1868 2913 inclarescere)
1895 2858 1948 2906 iv,
1972 2863 1993 2899 l

1159 2916 1290 2956 elucet
1303 2929 1351 2956 ex
1365 2916 1425 2954 his
1439 2915 1537 2955 illud
1555 2915 1586 2970 (i
1606 2915 1674 2954 lud
1690 2912 1935 2968 potissimum
1953 2919 1996 2952 et

1159 2971 1210 3009 ad
1239 2969 1399 3023 gloriam
1432 2968 1580 3009 illustre
1599 2968 1680 3023 est)
1708 2965 1776 3014 xii,
1804 2969 1826 3007 1
1874 2966 1996 3006 eluxit

1159 3023 1386 3077 eloquentia
1403 3023 1489 3075 ejus
1507 3022 1580 3063 &c-
1611 3037 1674 3071 xv,
1693 3027 1720 3064 6
1761 3018 1921 3075 (illustri
1933 3033 1993 3058 ar·

1159 3083 1345 3130 gumento
1364 3077 1524 3129 cognita
1539 3082 1600 3116 est

1106 3130 1226 3170 Emax
1238 3130 1491 3183 (quiemendi
1505 3131 1635 3169 studio
1650 3125 1827 3179 ducitur)
1841 3138 1931 3182 xxv,
1941 3128 1992 3166 13

1105 3185 1243 3224 Emere
1261 3185 1302 3222 in
1320 3184 1424 3224 diem
1441 3185 1499 3236 (v.
1518 3195 1623 3234 supr.
1640 3180 1763 3234 Dies)

1103 3237 1324 3277 Emendate
1367 3234 1595 3290 (dicuntur)
1636 3233 1733 3273 vitia
1786 3231 1993 3273 virtutibus

1159 3291 1345 3343 (quorum
1369 3289 1571 3342 turpitudo
1592 3301 1660 3341 per
1678 3286 1838 3326 virtutes
1853 3293 1995 3340 postea

1159 3344 1330 3383 extincta
1347 3354 1392 3381 ac
1411 3340 1614 3381 obliterata
1631 3339 1711 3394 est)
1737 3339 1785 3389 ii,¹
1800 3340 1823 3381 1

1106 3395 1311 3449 Emergere
1334 3395 1450 3435 altius
1478 3394 1625 3450 (attolli
1664 3393 1888 3443 honoribus,
1922 3407 1994 3446 po·

1160 3449 1296 3498 tentia,
1316 3447 1567 3502 auctoritate)
1594 3448 1662 3498 xii,
1683 3452 1709 3490 8
1737 3448 1822 3503 (Sic
1849 3449 1995 3487 habent

1161 3517 1227 3558 qu.
1242 3504 1334 3545 edd.
1351 3518 1363 3555 ;
1381 3515 1454 3543 nos
1465 3517 1488 3544 e
1507 3502 1609 3544 Mss.
1624 3501 1847 3544 melioribus
1865 3498 1994 3540 edidi-

1159 3570 1261 3610 mus,
1293 3558 1461 3600 eminere
1486 3557 1621 3613 altius)
1650 3567 1842 3608 emergere
1874 3566 1914 3594 sc
1943 3567 1990 3592 cx
