2306 3900
762 249 982 289 RERUM
1028 248 1103 288 ET
1143 249 1505 289 VERBORUM.

191 368 413 410 Inveterata
431 371 566 423 gloria,
586 369 744 411 licentia
771 371 878 418 xviii,
897 375 922 410 8
951 371 1069 410 servi·

249 430 311 461 tus
339 438 402 471 xx,
425 427 446 463 1

192 475 368 515 Invictus
396 476 538 516 morior
566 477 660 531 (vox
682 476 820 528 Epam.
851 476 1069 529 morientis)

251 542 313 575 xv,
332 534 360 570 9

192 579 378 621 Invidere
409 582 558 634 aliquid
582 582 690 634 (pro,
717 581 770 621 ob
787 581 959 634 aliquid)
986 582 1068 628 viii,

245 637 271 675 4
300 635 405 739 §vich
430 641 559 675 tamen
578 635 692 674 Voss.
710 635 760 674 de
780 635 1003 676 construet.
1032 648 1067 675 c.

191 739 354 787 Invidus
371 739 559 792 potentiae

213 811 219 817 .
243 792 418 845 invidet)
444 794 528 841 xiii,
548 798 573 835 3

192 845 372 888 Invidia:
418 846 632 886 aulicorum
664 845 851 885 invidiam
887 845 1068 898 excipere

245 899 324 946 xiv,
342 904 366 939 5
413 899 556 939 civium
587 913 742 940 suorum
773 899 958 939 invidiam
988 912 1067 938 non

246 952 387 1004 effugit
412 952 455 999 ii,
475 957 501 993 8
544 954 730 992 invidiam
761 953 867 1005 vulgi
895 952 1068 1004 effugere

245 1005 313 1052 xii,
332 1010 357 1046 8
397 1006 582 1045 invidiam
601 1007 816 1052 verebatur,
834 1018 950 1058 quam
969 1006 1068 1045 effu-

246 1072 336 1110 gere
370 1072 450 1098 non
486 1060 615 1110 potuit
641 1060 747 1104 xviii,
766 1063 790 1099 7
852 1058 992 1100 incidit
1027 1059 1068 1097 in

196 1136 201 1141 ι
245 1113 411 1151 eandem
441 1111 642 1158 invidiam,
682 1125 799 1164 quam
834 1119 944 1163 pater
977 1125 1068 1151 suus

245 1178 285 1209 v,
301 1168 326 1204 3
372 1165 414 1203 in
429 1165 616 1204 invidiam
640 1165 780 1205 recidit
808 1166 874 1211 vii,
892 1169 917 1205 7
964 1165 1067 1204 cives

195 1252 201 1257 ,
243 1223 402 1269 propter
426 1217 614 1257 invidiam
639 1232 730 1258 eum
747 1217 943 1270 praeficere
960 1232 1068 1258 exer-

196 1302 199 1304 .
245 1270 338 1309 citui
359 1270 568 1311 noluerunt
595 1285 659 1318 xv,
678 1276 704 1312 7
749 1270 896 1310 invidia
923 1272 1067 1311 ducum

245 1322 449 1376 Antigono
480 1331 540 1363 est
568 1325 724 1363 deditus
744 1325 830 1376 (sc.
862 1338 941 1376 qua
968 1325 1068 1363 invi·

245 1377 364 1427 dent)
390 1377 500 1423 xviii,
520 1381 573 1417 10
618 1378 785 1431 (Cicero
805 1377 924 1417 Tusc.
952 1377 1009 1424 iii,
1028 1382 1068 1418 9.

198 1460 204 1464 -
243 1430 378 1471 manet
395 1431 563 1469 vitandae
582 1429 844 1483 ambiguitatis
870 1443 961 1482 ergo
980 1437 992 1454 ‘
1008 1431 1066 1469 in-

197 1514 200 1517 ,
243 1481 605 1535 videntiam’dici).
620 1496 762 1522 corona
777 1497 801 1522 a
812 1484 961 1535 populo
976 1484 1069 1523 data

245 1535 392 1575 nullam
437 1537 575 1576 habuit
609 1536 795 1576 invidiam
837 1536 919 1583 viii,
955 1541 980 1577 4
1026 1537 1067 1575 id

245 1589 393 1628 factum
427 1596 576 1642 mag‘nae
602 1589 864 1628 fuitinvidiae
900 1596 1067 1643 tyranno

245 1655 285 1688 x,
303 1647 331 1683 4
371 1642 413 1682 id
441 1644 589 1695 dic-tum
608 1656 748 1694 magna
764 1643 913 1681 invidia
930 1648 1067 1682 conse-

244 1701 336 1735 cuta
349 1702 410 1735 est
426 1709 465 1743 x,
480 1700 507 1736 6
534 1695 720 1735 invidiam
732 1695 852 1735 lenire
865 1695 1067 1747 obsequio,

245 1748 342 1788 ibid.
369 1762 458 1788 mox
470 1762 638 1811 oppon-z
659 1748 845 1788 invidiam
860 1749 1069 1795 acerbitate

247 1802 478 1854 opprimere,
496 1803 592 1842 ibid.
622 1803 772 1841 invidia
789 1801 920 1854 glorias
938 1815 1068 1842 comes

245 1853 313 1902 xii,
328 1859 353 1895 3
397 1855 555 1894 invidiae
581 1857 726 1895 crimen
743 1856 813 1908 (ex
831 1855 980 1895 invidia
996 1855 1069 1894 im-

246 1908 431 1960 positum,
449 1909 545 1955 sive,
565 1909 634 1949 ubi
646 1909 795 1948 invidia
821 1921 890 1960 pro
908 1909 1068 1948 crimine

247 1961 410 2014 sufficit)
448 1962 516 2008 vii,
543 1966 568 2003 4
627 1961 776 2001 invidia
804 1961 952 2001 minore
984 1975 1068 2001 esse

245 2014 395 2067 (minus
427 2016 569 2055 sentire
597 2015 799 2062 invidiam,
832 2015 959 2054 minus
988 2015 1071 2066 peti

244 2067 415 2120 invidia)
443 2069 550 2116 xviii,
567 2073 592 2109 7
629 2069 778 2108 invidia
795 2067 939 2107 civium
958 2069 1069 2107 debi-

246 2120 349 2160 litari
375 2121 482 2168 xxiii,
499 2125 522 2161 1
570 2122 717 2160 invidia
747 2122 902 2160 laudem
920 2121 1070 2160 virtutis

245 2173 426 2214 nonnulli
442 2175 672 2214 obterebant
698 2188 762 2220 xx,
784 2178 805 2214 l
850 2180 1002 2213 tantum
1019 2175 1070 2213 ab

247 2227 394 2319 iggidia
423 2241 464 2267 se
483 2228 676 2280 putabant
691 2227 855 2274 futuros,
881 2234 1069 2279 quantum

312 2307 323 2318 .
343 2279 410 2327 x'ii,
429 2284 455 2321 3

194 2333 374 2378 Invitus:
402 2333 527 2374 invito
556 2333 688 2386 aliquo
718 2333 820 2373 elabi
850 2346 928 2373 non
953 2347 1070 2386 posse

249 2386 358 2434 xviii,
372 2390 399 2428 4

194 2438 373 2481 Invocati
390 2439 493 2494 (non
511 2439 642 2480 vocati
660 2441 710 2479 ad
730 2440 902 2492 coenam)
933 2454 970 2487 v,
989 2444 1015 2480 4

194 2491 340 2532 Inutile
375 2493 419 2540 ii,
446 2497 471 2534 7
519 2494 715 2545 (Schopp.
735 2493 914 2532 Verisim.
950 2494 978 2543 i,
1003 2497 1070 2532 20.

248 2547 477 2585 damnosum
490 2559 581 2598 exp.
600 2545 699 2584 illud
715 2544 855 2584 Lucilii
874 2546 1069 2597 allegans:

248 2605 258 2622 ⁴
277 2597 418 2638 Servus
435 2611 510 2638 nec
529 2599 672 2637 infidus
690 2598 865 2644 domino,
890 2611 964 2638 nec
984 2599 1070 2637 inu-

250 2650 330 2692 tilis
350 2651 456 2704 ulli')

193 2706 339 2746 Jocus:
396 2718 446 2744 ne
484 2703 579 2757 joco
619 2703 777 2756 quidem
815 2704 1072 2744 mentiebatur

247 2757 386 2810 Epam.
415 2772 478 2805 xv,
498 2762 523 2798 3

195 2812 311 2851 lones
339 2812 367 2858 i,
390 2816 417 2853 4
439 2837 442 2841 ⁴

194 2865 307 2903 Ionia
337 2864 465 2917 (Asiae
484 2863 641 2903 minoris
670 2864 798 2917 regio)
826 2863 853 2911 i,
873 2867 913 2904 3.
942 2863 1012 2911 vii,
1030 2868 1070 2904 5.

249 2917 302 2963 ix,
322 2922 363 2958 2.
384 2923 425 2958 5.
452 2917 532 2964 xiv,
552 2921 579 2958 2

195 2970 410 3023 Iphicrates
427 2970 574 3010 Athen.
601 2969 810 3021 disciplina
827 2970 980 3009 militari
998 2983 1070 3009 no·

248 3022 336 3062 bilis
364 3024 458 3071 xi‚l
504 3024 543 3063 in
579 3037 658 3075 qua
687 3023 809 3062 multa
842 3022 1000 3062 meliora
1030 3031 1071 3063 et

250 3088 354 3115 nova
381 3076 527 3123 attulit,
556 3076 651 3116 ibid.
695 3077 905 3127 presertim
937 3076 978 3115 in
1010 3089 1070 3116 ar·

247 3135 409 3174 matura,
435 3142 551 3181 quam
576 3129 856 3181 expeditiorem
882 3129 1067 3176 reddidit,

248 3180 344 3220 ibid.
373 3180 459 3233 ejus
476 3194 537 3221 res
554 3188 675 3234 gestae
701 3182 756 3228 xi,
774 3186 801 3222 2
830 3183 943 3222 dotes
969 3183 1023 3229 xi,
1042 3186 1068 3222 8

247 3234 412 3280 dictum,
449 3233 546 3273 ibid.
594 3234 800 3286 plurimum
831 3234 874 3274 in
903 3234 1069 3274 Thracia

248 3287 348 3326 vixit
374 3287 441 3333 xii,
461 3290 486 3326 3

195 3341 479 3392 Iphicratenses
499 3339 638 3379 milites
662 3339 755 3392 (pro
773 3338 1067 3391 praestantibus)

251 3393 303 3439 xi,
323 3398 349 3434 2
502 3405 507 3413 ·
862 3407 866 3414 ’

198 3445 289 3497 Ipse
333 3447 471 3499 (auget
516 3446 591 3485 vim
628 3444 881 3498 exprimendi,
910 3445 1067 3497 >addita

591 741 760 794 populus
787 739 876 794 (qui
904 741 955 779 ob
983 747 1067 792 pot.

1827 238 2011 290 lxxxv

1186 372 1292 410 velut
1311 370 1512 421 ἐμφάσεως
1530 369 1644 422 nota)
1665 385 1673 408 ε
1703 369 1768 410 ille
1805 370 1903 424 ipse,
1942 373 2011 423 qui

1186 431 1267 463 tum
1285 425 1404 464 fiebat
1431 425 1497 472 vii,
1515 428 1543 465 ὃ
1586 424 1644 462 illi
1672 424 1748 476 ipsi
1777 437 1868 464 eum
1893 425 1932 463 in
1951 426 2011 464 his

1185 476 1351 516 maxime
1368 477 1656 516 admirabantur
1681 476 1750 523 vii,
1770 481 1821 517 11
1857 477 1916 517 illi
1933 477 2011 530 ipsi

1185 531 1367 570 custodes
1394 544 1434 576 x,
1452 534 1480 570 9
1525 530 1611 582 ipse
1629 541 1671 568 se
1699 529 1887 569 indicavit
1911 530 1967 578 iv,
1985 535 2012 572 4

1136 609 1138 611 -
1185 582 1271 633 ipsa
1289 595 1348 622 res
1377 595 1418 622 se
1437 583 1562 634 aperit
1589 583 1641 628 iv,
1658 586 1682 622 8
1728 583 1815 633 ipso
1845 589 2008 635 aspectu

1184 634 1308 674 cuivis
1337 634 1539 686 injiciebat
1557 634 1851 674 admirationem
1869 637 1928 675 sui
1957 638 2010 684 xi,

1183 691 1210 727 3
1237 687 1324 740 ipso
1338 688 1403 727 die
1421 687 1530 734 xxiii,
1549 691 1601 728 10
1629 686 1715 739 ipso
1727 693 1903 740 tempore
1930 690 2011 736 xvi,

1185 743 1211 780 2
1256 741 1419 794 (definit
1454 741 1614 793 praecise
1648 747 1801 793 tempus
1836 741 1910 781 ὅτε.
1945 742 2012 782 Sic

1184 805 1342 846 quoque
1360 800 1566 846 usurpatur
1592 793 1701 841 xxiii,
1719 798 1772 834 6:
1807 806 1905 845 quos
1931 808 2012 834 non

1185 847 1309 886 solum
1329 846 1481 899 effugit,
1509 847 1577 886 sed
1595 847 1711 886 etiam
1729 846 1835 900 ipsos
1852 861 2013 900 oppres-

1130 899 1256 992 1325
1286 901 1354 991 32¹¹
1369 913 1498 992 .ἷὲὲέ
1516 900 2013 1005 Ἅὶῗέωὲἑῗᾷἓῗὲἓὲἓῖζ

1185 1019 1274 1053 xxv,
1297 1010 1345 1047 17
1391 1007 1504 1046 irasci
1531 1006 1666 1059 patrias
1691 1008 1802 1047 nefas
1829 1008 1942 1047 duxit
1958 1007 2012 1047 E-

1185 1071 1288 1110 pam.
1315 1071 1380 1106 xv,
1399 1063 1424 1099 7

1131 1110 1258 1151 Iratus
1278 1126 1326 1151 ex
1345 1125 1392 1151 ea
1420 1125 1460 1151 re
1487 1112 1591 1159 xxiv,
1610 1116 1636 1154 2

1131 1163 1194 1203 Ire
1213 1165 1324 1218 (cum
1341 1165 1511 1205 exercitu
1529 1166 1634 1218 scil.)
1662 1165 1756 1213 xvii,
1771 1170 1795 1206 3
1822 1166 1886 1206 Sic
1903 1181 1912 1205 ε
1941 1167 2013 1206 ob-

1138 1241 1141 1243 -
1186 1219 1288 1258 viam
1322 1219 1499 1258 hostibus
1543 1219 1571 1265 i,
1601 1222 1628 1259 4
1687 1219 1803 1259 alicui
1839 1219 2012 1259 subsidio

1186 1272 1280 1318 xvii,
1299 1275 1325 1311 8
1364 1272 1418 1311 ire
1437 1273 1487 1310 ad
1507 1284 1677 1318 scenam,
1695 1272 1812 1312 Praef.
1859 1278 2012 1325 specta-

1186 1331 1270 1363 tum
1288 1325 1401 1364 ludos
1429 1325 1509 1371 xxi,
1529 1329 1555 1365 2
1599 1325 1655 1365 ire
1672 1326 1712 1364 in
1726 1325 1794 1377 jus
1813 1326 1865 1365 de
1882 1339 1923 1366 re
1940 1326 2012 1365 ali-

1186 1378 2014 1483 {m}2÷2nss¹3¹3p⁶¹3⁰532123²¹¹⁶tv2521

1185 1488 1278 1522 sunt
1289 1497 1355 1522 ver
1382 1496 1406 1522 a
1421 1483 1613 1530 solennia,
1623 1484 1764 1536 quibus
1781 1484 2012 1536 experiundi

1181 1535 1280 1588 juris
1311 1549 1446 1583 cansa,
1475 1543 1623 1576 veteres
1655 1538 1705 1576 ad
1739 1546 1941 1589 praetorem
1970 1552 2013 1576 se

1185 1595 1322 1629 mutuo
1353 1591 1594 1629 evocabant:
1625 1591 1693 1629 ‘in
1719 1590 1786 1642 jus
1804 1603 1952 1637 eamus,
1970 1590 2012 1629 in

1181 1642 1249 1694 jus
1266 1643 1450 1682 ambula!
1493 1644 1543 1682 de
1561 1643 1671 1695 quib.
1688 1656 1727 1682 v.
1746 1643 1865 1683 Briss.
1884 1644 2012 1683 Form.

1185 1695 1253 1734 lib.
1274 1701 1312 1735 5.
1341 1709 1365 1734 a
1382 1709 1440 1747 pr.
1474 1695 1635 1748 Boecl.)

1132 1749 1245 1789 Irrita
1256 1749 1400 1796 futura,
1409 1762 1498 1801 quae
1512 1749 1593 1802 regi
1605 1761 1692 1788 cum
1706 1749 2012 1790 Lacedaemoniis

1187 1810 1318 1842 essent
1336 1802 1438 1855 (non
1455 1802 1638 1855 valitura)
1666 1802 1738 1849 vii,
1758 1807 1812 1843 10

1130 1856 1198 1895 Is:
1230 1855 1330 1894 dixit
1358 1869 1401 1895 se
1428 1869 1518 1895 eum
1549 1869 1648 1902 esse,
1677 1856 1745 1907 qui
1770 1856 1846 1896 διο.
1872 1857 1964 1903 xvii,
1984 1861 2009 1897 5

1183 1908 1269 1962 (Sic
1285 1923 1295 1947 ε
1325 1915 1337 1932 ‘
1351 1922 1432 1948 non
1451 1922 1536 1948 sum
1554 1909 1602 1955 is,
1618 1909 1698 1961 qui’
1715 1909 1790 1949 &c.
1809 1923 1889 1949 non
1907 1909 2012 1961 ejus-

1186 1962 1293 2000 modi
1312 1964 1444 2009 homo,
1474 1962 1537 2001 vel
1571 1963 1639 2000 tali
1669 1961 1800 2002 animo
1825 1964 2012 2015 praeditus

1185 2014 1259 2054 &c.
1277 2014 1342 2055 Sic
1361 2015 1500 2055 Cicero
1522 2019 1559 2055 1.
1574 2014 1703 2054 Acad.
1721 2022 1859 2067 quaest.
1877 2022 1890 2039 ‘
1906 2016 2011 2055 Zeno

1185 2068 1295 2107 nullo
1313 2069 1431 2107 modo
1450 2069 1482 2106 is
1500 2074 1596 2116 erat,
1614 2068 1683 2120 qui
1704 2082 1843 2108 nervos
1861 2068 2012 2108 virtutis

1186 2121 1402 2161 incideret.'
1455 2121 1586 2160 Vorst.
1616 2122 1710 2161 add.
1741 2121 1828 2173 ejus
1859 2123 1927 2162 lib.
1957 2123 2009 2162 de

1186 2174 1347 2214 Latinit.
1365 2175 1463 2214 falso
1481 2188 1588 2227 susp.
1602 2188 1690 2227 cap.
1708 2174 1770 2227 5).
1798 2175 1835 2214 ei
1850 2175 1905 2214 rei
1921 2182 2012 2214 sunt

1185 2227 1333 2267 indicio
1360 2241 1451 2275 xxv,
1485 2231 1538 2268 16
1573 2227 1634 2280 (v.
1666 2227 1763 2268 Esse
1795 2228 1936 2283 auxil.)
1963 2242 2012 2268 ea

1186 2281 1320 2320 tribuit
1337 2281 1408 2328 illi,
1428 2287 1474 2320 ut
1488 2281 1600 2333 plura
1617 2294 1642 2320 a
1659 2287 1819 2333 parente
1837 2282 2012 2334 proficis-

1185 2334 1223 2373 ci
1241 2347 1321 2372 non
1341 2335 1538 2386 potuerint
1565 2334 1680 2388 (talia
1695 2347 1743 2374 ac
1761 2334 1892 2396 tanta>
1919 2349 2008 2382 xxv,

1186 2391 1214 2427 9
1256 2387 1357 2437 (vid.
1384 2387 1460 2426 Th.
1494 2387 1648 2428 Linacr.
1666 2387 1734 2427 lib.
1751 2391 1792 2428 2.
1811 2401 1924 2440 cujus
1941 2401 2011 2427 ex-

1185 2440 1304 2491 empl.
1324 2446 1454 2479 tamen
1473 2454 1522 2480 ex
1539 2441 1650 2493 Virg.
1668 2441 1766 2479 AEn.
1783 2446 1804 2481 1
1839 2446 1851 2464 ⁴
1868 2454 1948 2480 non
1962 2455 2011 2481 ea

1185 2493 1243 2531 vis
1273 2492 1421 2539 animi,'
1451 2493 1638 2545 rejectum
1677 2506 1701 2531 a
1725 2493 1921 2545 Scaligero
1957 2496 2010 2534 de

1185 2557 1291 2584 caus.
1310 2545 1396 2584 Lat.
1416 2546 1511 2596 ling.
1527 2546 1593 2584 lib.
1608 2549 1649 2586 6.
1668 2558 1704 2584 c.
1725 2546 1793 2584 ult.
1808 2546 2010 2599 Boecler.)

1186 2611 1234 2637 ea
1252 2598 1344 2650 (per
1362 2611 1450 2638 eam
1467 2598 1592 2651 viam)
1619 2598 1662 2644 ii,
1681 2603 1704 2638 5
1735 2599 1820 2651 (Sic
1837 2613 1847 2637 ι
1877 2604 1888 2622 ‘
1903 2601 2009 2651 qua.’

1187 2651 1393 2703 utrobique
1411 2652 1576 2691 subaud.
1595 2657 1607 2674 ‘
1623 2652 1715 2699 via,'
1735 2653 1797 2691 vel
1827 2658 1839 2676 ‘
1858 2652 1899 2691 in
1914 2652 2007 2700 via‚'

1187 2705 1288 2743 sicut
1312 2711 1354 2744 et
1381 2703 1422 2744 in
1441 2719 1478 2744 v.
1500 2711 1511 2727 ¹
1527 2705 1629 2744 hac.'
1657 2718 1786 2757 neque
1815 2706 1920 2745 enim
1937 2708 2007 2745 ad-

1186 2757 1318 2797 verbia
1354 2763 1459 2805 sunt,
1497 2764 1541 2797 ut
1573 2758 1690 2811 vulgo
1726 2760 1905 2807 credunt,
1936 2760 2005 2799 sed

1187 2812 1415 2862 pronomina
1435 2812 1532 2851 sexti
1551 2812 1685 2865 casus)

1132 2863 1321 2903 Ismenias
1332 2871 1470 2917 captus
1495 2865 1576 2912 xvi,
1595 2870 1619 2905 5

1132 2916 1231 2956 Ister
1247 2918 1415 2971 (Europ.
1432 2918 1549 2971 fluv.)
1575 2917 1604 2964 i,
1624 2921 1648 2957 3

1131 2969 1244 3009 Istria
1259 2971 1389 3023 (unde
1407 2971 1550 3023 dicta),
1569 2971 1633 3010 Fr.
1651 2973 1678 3011 7

1131 3023 1195 3062 Ita
1212 3023 1350 3076 (adeo,
1371 3024 1605 3078 admodum)
1622 3038 1632 3063 z
1674 3037 1754 3063 non
1774 3025 1829 3064 ita
1854 3038 2005 3077 magnas

1183 3077 1310 3129 copias
1338 3079 1415 3124 xvi,
1433 3082 1459 3118 2
1487 3079 1590 3117 haud
1606 3077 1690 3130 (vel
1710 3078 1810 3130 non)
1827 3077 1881 3116 ita
1900 3091 2005 3130 mag-

1184 3143 1238 3168 na
1251 3143 1339 3169 cum
1358 3143 1475 3169 manu
1502 3131 1556 3176 iv,
1576 3135 1617 3171 1.
1646 3130 1724 3176 xiv,
1745 3134 1773 3169 6
1817 3131 1920 3169 haud
1950 3131 2008 3170 ita

1186 3183 1303 3235 longe
1334 3185 1467 3223 abesse
1495 3183 1628 3230 xvii,4
1674 3183 1776 3221 hanc
1805 3189 1895 3234 post
1925 3196 2005 3223 rem

1185 3242 1332 3287 gestam
1351 3249 1431 3275 non
1451 3236 1507 3274 ita
1535 3234 1667 3274 multis
1687 3234 1825 3274 diebus
1851 3236 1960 3284 xxiii,
1978 3242 2003 3278 5

1185 3293 1287 3338 post,
1313 3301 1441 3339 neque
1475 3288 1530 3325 ita
1565 3288 1688 3326 multo
1726 3301 1765 3334 v,
1797 3292 1824 3329 8
1869 3290 1978 3330 Alibi
1995 3306 2004 3328 :

1183 3352 1312 3391 neque
1348 3341 1402 3380 ita
1432 3340 1555 3379 multo
1592 3347 1680 3392 post
1706 3341 1784 3388 xxi,
1817 3346 1842 3382 8
1903 3344 2005 3397 (vid.

1183 3392 1389 3432 Tursellin.
1407 3394 1459 3432 de
1476 3393 1653 3446 partimi.
1672 3406 1760 3446 cap.
1777 3395 1854 3445 84)

1133 3444 1274 3498 Itaque
1287 3446 1394 3498 (pro,
1413 3459 1545 3499 quare,
1564 3460 1672 3501 ugo,
1690 3447 1827 3502 igitur)
1847 3449 2000 3501 passim.
