2306 3900
695 246 785 285 XI.

851 246 1267 299 lrfflcRATnM,
1306 250 1379 290 cA
1392 252 1443 290 P.
1485 239 1533 291 1.

1917 241 2027 294 543

609 634 742 695 ΧΙ.
829 635 1599 705 IPHICRATES.

249 815 360 857 Cu».
379 820 416 856 1.
440 815 618 858 Initium
637 817 765 871 hujus
797 818 861 859 ita
888 819 1076 861 scriben-

194 878 296 920 dum
322 885 407 933 est,
434 880 720 923 haicam-es
746 882 1077 926 Arnamausts.

198 944 295 985 Non
321 949 406 985 tam
425 946 699 996 magnitudine
715 959 848 988 reram
862 952 1080 1000 gestarum,

202 1020 316 1059 quam
328 1009 627 1062 disciplinaffiw.
647 1023 860 1054 consensu
870 1013 1081 1055 Codicum

199 1073 306 1113 Mss-
332 1085 515 1126 quorum
545 1075 683 1115 nullus
700 1075 748 1115 τὸ
768 1089 912 1128 genere
930 1089 1082 1130 agnos·

195 1136 273 1186 cit,
289 1138 584 1190 excogitatum
603 1152 629 1180 a
648 1140 884 1194 Longoli03
917 1154 943 1182 a
958 1142 1083 1182 Lam·

197 1197 298 1238 hino
313 1211 416 1239 vero
431 1201 556 1241 avide
571 1208 810 1255 arreptum,
823 1209 869 1244 et
879 1202 1084 1245 uberiore

193 1262 486 1315 corruptionis
498 1264 642 1305 indole
654 1271 954 1318 propagatum.
968 1267 1085 1308 Nam

195 1324 313 1376 quod
330 1325 593 1378 Iphicratem
611 1333 767 1380 putant
780 1327 912 1370 fuisse
925 1330 1083 1371 sutoris

195 1385 348 1440 filium,
365 1391 541 1440 errant3
571 1391 772 1444 quoniam
791 1405 942 1434 nasum
971 1393 1084 1435 Atti-

195 1462 294 1491 cum
313 1463 398 1492 non
417 1452 740 1496 intellexerunt.
798 1455 928 1498 Quod
956 1461 1083 1509 aptos

195 1514 428 1556 admodum
461 1518 630 1558 calceos
679 1517 807 1559 militi
843 1518 1082 1570 invenerit3

194 1577 297 1620 inde
327 1577 473 1620 forsan
493 1592 544 1621 eo
576 1581 734 1622 cavillo
764 1587 834 1623 est
860 1595 1081 1635 aspersus:

195 1640 296 1683 hinc
313 1647 360 1683 et
393 1642 406 1665 ‘
427 1642 719 1695 Iphicratides
746 1645 893 1686 calcei'
921 1647 966 1687 in
987 1659 1079 1700 pro-

195 1705 319 1747 verb.
349 1713 588 1750 cesserunt.
634 1709 853 1750 Diodorus
889 1710 967 1751 lib.
1005 1723 1083 1753 xv.

196 1766 274 1809 Τάς
302 1784 350 1810 τε
379 1769 582 1812 ὑποδύσεις
611 1773 697 1813 τοῖς
729 1767 985 1826 στρατιῶταις
1022 1775 1083 1816 εὔ-

196 1829 338 1874 λύτους
363 1831 428 1873 καὶ
447 1832 594 1886 κούφας
614 1835 786 1889 ἐποίησε,
798 1837 871 1879 τὰς
887 1836 1004 1892 μέχρι
1018 1840 1085 1880 νῦν

196 1892 456 1948 ’Ῑφικρατίδας
468 1898 537 1938 ἀπ’
551 1899 698 1940 ἐκείνου
708 1900 959 1953 καλουμένας.
979 1904 1084 1944 Geb-

197 1958 312 2000 hard.
358 1959 458 2001 vid.
472 1961 640 2004 Polluc.
659 1963 851 2016 Suidam,
869 1965 1086 2019 Photium,

198 2027 246 2061 et
274 2021 426 2063 Procli
455 2023 696 2067 Chrestom.
727 2027 882 2069 Scitote.
941 2029 1085 2083 Atque

197 2084 279 2126 hoc
314 2091 398 2137 est,
432 2087 650 2130 ‘cerdone
688 2097 838 2132 natum
875 2092 998 2145 esse,'
1036 2098 1087 2135 ut

197 2150 298 2190 olim
317 2151 492 2203 scripsit
517 2153 570 2193 ad
599 2154 794 2195 Curtium
823 2156 889 2196 vir
916 2156 1086 2198 doctus.

197 2213 353 2254 Discas
389 2220 532 2256 tamen
564 2229 619 2257 ex
647 2218 881 2260 Plutarcho
908 2225 955 2260 et
974 2220 1087 2271 aliis,

197 2277 462 2329 Iphicratem
483 2280 639 2320 sutoris
657 2280 791 2323 tilium
806 2281 954 2324 fuisse.
973 2283 1086 2325 Vide

198 2339 316 2380 illum
344 2341 486 2393 ἂποφθ.
512 2347 758 2396 στροτιγγῶν.
806 2346 1086 2388 Aristotelem

194 2414 229 2443 1.
248 2404 423 2445 Rhetor.
461 2405 797 2459 Xenophontem
815 2420 878 2450 vr.
916 2409 1088 2462 Polyae-

200 2479 301 2508 num
318 2468 452 2509 Strat.
474 2481 548 2511 111.
575 2469 834 2513 Athenaeum
852 2485 916 2515 ιν.
934 2481 980 2515 et
1002 2486 1087 2516 ιιι.

200 2530 444 2586 Attianum,
462 2534 691 2588 AElianum,
709 2535 970 2589 AEschinem,
994 2539 1089 2579 Sui-

199 2594 316 2647 dam,
344 2595 433 2637 Jul.
458 2597 698 2647 Pollucem,
727 2599 936 2640 Senecam
956 2601 1088 2643 Rhet.

201 2658 471 2709 Frontinum,
507 2660 744 2712 Justinum,
775 2662 995 2704 Plutarch.
1043 2671 1090 2705 et

199 2721 320 2762 alios.
351 2721 516 2764 Savaro.
573 2723 661 2764 Hic
696 2724 954 2777 Iphicrates,
991 2738 1089 2767 cum

201 2785 464 2827 Harmodius
496 2787 687 2840 quidam,
711 2789 937 2833 Harmodii
959 2790 1090 2832 Athe·

201 2848 357 2890 niensis
376 2850 581 2902 abnepos,
599 2851 642 2891 in
672 2863 770 2892 enm
803 2857 1004 2905 tanquam
1027 2855 1089 2905 lg-

202 2911 388 2953 nobilem
404 2913 592 2954 convitia
619 2912 810 2955 faceret:
843 2913 891 2954 τὸ
912 2913 983 2965 μὲν
1001 2916 1091 2966 ἐμὸν

201 2974 380 3029 (iuquit)
410 2976 468 3015 ἐπ’
495 2976 588 3026 ἐμοῦ
621 2976 736 3028 γένος
767 2977 946 3031 ἄρχεται,
974 2979 1022 3020 τὸ
1049 2979 1090 3021 δὲ

202 3037 274 3079 σὸν
293 3040 333 3079 ἐν
350 3038 413 3080 σοὶ
431 3038 608 3081 παύεται.
664 3042 797 3083 Plura
815 3047 861 3083 et
880 3044 1091 3095 praeclara

202 3103 296 3153 ojus
327 3102 648 3155 strategemata
681 3117 708 3145 a
740 3105 948 3146 Frontino
982 3105 1090 3146 refe·

204 3171 384 3206 runtur:
414 3165 502 3206 vid.
522 3167 597 3208 lib.
618 3179 650 3208 1.
670 3172 764 3210 4.5.
780 3172 820 3209 6.
854 3175 901 3210 et
931 3168 1010 3210 lib.
1036 3180 1088 3210 ιι.

159 3264 170 3273 ,ι
204 3232 243 3268 l.
263 3233 303 3268 5.
325 3233 370 3268 et
391 3231 455 3269 12.
484 3227 614 3270 Aliud
631 3230 795 3271 factum
815 3230 950 3273 refert
969 3233 1000 3272 l.
1016 3244 1089 3273 ιιι.

203 3296 268 3334 12.
296 3293 390 3333 etl.
412 3304 475 3332 tv.
494 3295 535 3332 6.
566 3293 731 3344 Longae.

258 3356 387 3402 Quam
422 3357 631 3408 disciplina
663 3356 851 3408 militari]
894 3357 993 3398 Fuit
1029 3363 1090 3399 ta·

204 3431 302 3460 men
323 3419 436 3459 idem
454 3424 500 3459 et
534 3418 667 3459 bonus
703 3419 882 3470 Rhetor,
902 3425 1090 3461 exstant-

205 3494 288 3533 que
305 3483 437 3523 multa
456 3482 570 3534 apud
592 3481 875 3524 Aristotelem
895 3483 936 3524 in
960 3484 1086 3525 Rhet.

1142 825 1197 854 ex
1216 813 1308 868 ejus
1328 815 1611 857 Orationibus
1628 817 1811 870 prolata.
1851 818 2029 860 Suidas:

1143 876 1370 931 Ἰφικράτης
1414 878 1614 929 Ἀθηναῖος
1670 879 1841 921 σκυτέως
1875 881 2033 938 πατρὸς,

1143 940 1270 996 ῥήτωρ
1297 942 1361 984 καὶ
1387 942 1622 996 στρατηγός.
1650 945 1879 985 Lambinus.
1932 946 2032 988 Jus-

1146 1006 1262 1047 tinus
1297 1007 1373 1050 lib.
1393 1019 1457 1049 vt.
1477 1013 1518 1049 5.
1574 1009 1628 1050 In
1665 1008 1887 1061 Iphicrate
1918 1008 2033 1050 ‘non

1144 1069 1436 1123 imperatoriae
1469 1076 1650 1124 tantum,
1683 1083 1832 1113 verum
1865 1077 1912 1112 et
1941 1084 2036 1114 ora-

1146 1134 1276 1176 toriae
1294 1140 1410 1177 artes
1433 1134 1584 1177 fuere!
1612 1135 1726 1177 Vide
1746 1137 1971 1179 Plutarch.
1988 1137 2034 1178 in

1146 1197 1362 1252 Politicis.

1207 1262 1263 1302 Ut
1290 1275 1367 1303 non
1383 1263 1506 1304 solam
1533 1263 1667 1303 aetatis
1695 1262 1796 1315 suoe]
1837 1264 2034 1306 Justinus

1146 1323 1223 1365 lib.
1259 1337 1323 1367 VI.
1370 1327 1384 1350 ‘
1407 1326 1550 1379 Hujus
1579 1327 1868 1367 adolescentis
1903 1339 2034 1380 supra

1148 1390 1324 1428 aetatem
1357 1388 1494 1428 virtus
1525 1387 1790 1429 admirabilis
1811 1388 1924 1439 fuit3
1953 1402 2035 1431 nec

1146 1462 1334 1503 unquam
1353 1457 1456 1492 ante
1475 1463 1572 1492 eum
1602 1451 1906 1504 Athenienses,
1923 1454 2038 1494 inter

1147 1517 1215 1553 tot
1234 1517 1465 1567 tantosque
1480 1514 1630 1567 duces,
1645 1521 1722 1556 aut
1739 1516 1833 1569 spei
1853 1518 2039 1570 maioris,

1147 1581 1222 1617 aut
1251 1577 1408 1617 indolis
1445 1578 1691 1619 maturioris
1729 1579 2034 1632 imperatorem

1146 1639 1418 1681 habuerunt!
1439 1640 1623 1682 Orosius
1635 1642 1709 1683 lib.
1721 1653 1794 1683 ιιι.
1809 1647 1848 1683 1.
1871 1643 2035 1684 Savum.

1203 1703 1409 1756 Nusquam
1426 1706 1538 1757 culpa
1555 1706 1655 1746 male
1672 1718 1752 1746 rem
1775 1707 1919 1759 gessit]
1949 1708 2039 1749 Xe-

1146 1767 1318 1818 nophon
1341 1772 1485 1808 tamen
1517 1770 1795 1821 reprehendit
1824 1771 1919 1822 ejus
1939 1783 2038 1812 con-

1147 1829 1286 1870 silium
1306 1831 1351 1871 in
1381 1843 1428 1872 re
1458 1832 1636 1873 militari
1657 1833 1730 1874 lib.
1749 1845 1813 1875 v1.
1834 1834 1887 1874 de
1908 1834 2036 1875 rebus

1148 1892 1292 1934 Graec.
1313 1894 1357 1934 in
1372 1900 1583 1936 extremo.
1611 1895 1794 1937 Lambini.

1203 1957 1366 2010 Semper
1396 1959 1557 1998 consilio
1582 1959 1698 2011 vicit]
1739 1960 1926 2001 Diodor.
1963 1961 2038 2002 lib.

1151 2029 1256 2060 1111.
1304 2017 1431 2062 Οὗτος
1454 2021 1531 2074 ’γὰρ
1548 2020 1802 2074 παραδέδοται
1827 2036 2040 2077 στρατηγι-

1149 2081 1221 2132 ιιήν
1236 2098 1283 2124 τε
1297 2083 1501 2135 ἀγχίνοιαν
1519 2083 1741 2136 ἐσχηκέναι.
1771 2087 1970 2129 Gebhard.

1204 2147 1445 2200 Tantumque
1471 2159 1515 2188 eo
1542 2148 1686 2199 valuit]
1742 2149 1892 2190 Idem:
1939 2150 2040 2202 Πρὸς

1149 2209 1281 2250 πᾶσαν
1314 2209 1484 2250 ἐπίνοιαν
1519 2209 1667 2260 ἀγαθὴν
1691 2209 1809 2262 φύσει
1827 2214 2040 2266 κεχρῆσθαι

1149 2272 1328 2325 διαφόρῳ.

1205 2337 1388 2389 Namque
1408 2336 1474 2376 ille
1501 2337 1700 2389 pedestria
1720 2350 1831 2378 arma
1851 2340 2039 2392 mutavit]

1154 2398 1370 2439 Diodorus
1400 2399 1592 2441 ibidem:
1629 2402 1712 2440 Τῶν
1741 2401 1818 2454 ’γὰρ
1842 2402 2042 2451 Ἑλλήνων

1150 2460 1340 2513 μεγάλαις
1356 2461 1495 2504 ἀσπίσι
1512 2461 1718 2515 χρωμένων
1735 2464 1800 2504 καὶ
1828 2465 1891 2506 διὰ
1921 2468 2042 2506 τοῦτο

1151 2524 1388 2574 δυσκινήτων
1419 2525 1555 2578 ὄντων,
1582 2528 1737 2568 συνεΐλε
1755 2527 1827 2568 τὰς
1861 2529 2042 2582 ἀσπίδας,

1151 2587 1215 2628 καὶ
1233 2587 1499 2630 κατεσκεύασε
1525 2587 1675 2630 πέλτας
1702 2588 1952 2643 συμμέτρους,
1968 2592 2040 2641 ἆμ-

1151 2652 1324 2705 φοτέρων
1341 2651 1383 2694 εὖ
1401 2653 1714 2706 στοχασάμενοι,
1731 2657 1803 2695 τοῦ
1818 2671 1865 2695 τε
1883 2654 2040 2696 σκέπειν

1153 2714 1286 2756 ἱκανῶς
1302 2716 1356 2756 τὰ
1380 2715 1556 2767 σώματα,
1572 2717 1637 2756 καὶ
1655 2719 1727 2757 τοῦ
1743 2717 1924 2759 δύνασθαι
1949 2718 2041 2761 τοὺς

1151 2777 1369 2831 χρωμένους
1387 2782 1474 2821 ταῖς
1497 2778 1660 2822 πέλταις
1682 2781 1746 2821 διὰ
1759 2781 1833 2829 τὴν
1850 2782 2043 2835 κουφότη-

1150 2859 1203 2883 τα
1222 2846 1421 2885 παντελῶς
1452 2843 1671 2893 εὖκινήτους
1691 2844 1892 2897 ὑπάρχειν.
1920 2846 2040 2887 Lam-

1152 2906 1232 2947 bin.
1289 2907 1399 2950 Quae
1419 2907 1515 2948 heic
1536 2908 1590 2949 ad
1612 2908 1791 2949 verbum
1821 2910 2042 2951 transtulit

1152 2971 1392 3014 Cornelius.

1205 3034 1380 3075 Minucia
1404 3035 1574 3087 gladiis]
1620 3035 1834 3087 Intelligit
1864 3036 2040 3088 spathas

1153 3105 1199 3140 et
1217 3100 1517 3153 semispathas,
1545 3113 1725 3154 quarum
1749 3101 1941 3141 meminit
1962 3101 2041 3141 lsi-

1152 3165 1282 3206 dorus
1315 3165 1387 3206 lib.
1408 3176 1545 3206 xvm.
1565 3169 1607 3205 6.
1626 3166 1785 3218 Veget.
1805 3176 1870 3206 x1.
1893 3170 1959 3207 15.
1995 3172 2042 3207 et

1151 3230 1289 3270 Tacit.
1312 3230 1355 3269 in
1374 3228 1487 3270 Ann.
1518 3229 1723 3271 Keuchen.

1206 3292 1366 3332 Pellam
1394 3303 1467 3343 pro
1509 3292 1668 3343 parma]
1726 3292 1873 3343 Pelta,
1908 3293 2040 3334 breve

1152 3361 1338 3406 scutum,
1372 3362 1418 3396 et
1451 3354 1547 3396 fere
1565 3357 1834 3409 quadratum,
1854 3364 1930 3397 aut
1949 3357 2039 3399 folii

1152 3420 1324 3460 hederae
1345 3419 1523 3472 figuram
1545 3433 1631 3472 prae
1649 3433 1695 3461 se
1717 3420 1875 3473 ferens,
1894 3434 2040 3473 parma

1155 3483 1324 3525 brevius
1347 3489 1392 3524 et
1412 3483 1621 3525 mobilius.
1681 3484 1885 3525 Claudius
1914 3484 2038 3526 AElia·
