2306 3900
761 275 930 316 RERU
941 276 983 314 M
1028 276 1104 315 ET
1145 275 1508 319 VERBORUM.

261 398 413 459 precari
429 398 579 462 ‘malam
598 391 935 449 existimationem,
969 403 1099 455 sequi-

211 465 367 546 Ροῗὲιιιέ
372 453 590 560 υῗιιέειέξιήξ
591 458 664 548 Ι’1118
678 507 836 547 civitate
851 523 862 557 ;
892 508 1001 557 elias,
1030 510 1100 562 qui

231 589 235 592 -
260 559 437 605 ‚multum
468 560 621 614 potest)
651 560 744 607 xvii.
766 565 787 602 1
832 564 999 603 Athenis
1027 564 1096 609 xii,

234 622 236 624 ’
269 615 296 653 ⁸
327 621 466 666 potens
502 614 688 667 (florem)
715 629 805 662 xxv,
834 620 860 656 8
906 618 1098 668 potentis-

270 667 398 707 simus
425 669 600 709 omnium
636 676 825 722 tyrannus
855 670 937 718 xiii,
962 675 989 712 4
1031 684 1097 711 rex

269 720 378 773 xxiii,
395 725 424 763 2

215 773 402 815 Potentia
434 775 578 816 civium
610 775 934 830 (Atheniensium
966 778 1100 818 formi-

269 828 433 882 dabilis)
461 830 491 877 i,
518 834 544 871 Β
590 830 975 872 lacedemoniorum
998 845 1098 885 -per-

266 894 384 922 cussa
402 884 600 936 paucitate
629 885 707 938 (sc.
737 886 992 939 armatorum)
1020 885 1099 934 xvi,

269 938 298 977 2
322 937 527 991 singularis
554 938 786 992 (μοναρχία,
818 941 1022 992 imperium
1052 948 1099 978 u·

269 989 382 1044 nius)
410 1006 448 1039 x,
466 996 494 1033 9
521 993 710 1045 potentiae
728 993 925 1033 aemulatio
953 995 996 1041 ii,
1014 998 1055 1034 6.
1073 998 1098 1034 '7

268 1046 459 1095 potentiae
486 1045 644 1085 invidus
673 1047 844 1100 populus
871 1047 955 1095 xiii,
973 1053 999 1089 3
1028 1060 1101 1100 po·

270 1098 706 1152 tentia.ndministratur
731 1101 901 1154 respubl.
928 1102 1102 1156 (oppon.

265 1149 357 1203 jure
375 1153 617 1206 administr.)
640 1156 744 1203 xxiv,
763 1159 789 1196 2

217 1204 398 1247 Potestas
437 1209 682 1262 (imperium,
724 1207 976 1262 praefectura)
1003 1209 1056 1257 ix,
1077 1214 1099 1250 1

269 1260 508 1314 (magistrat.
540 1263 726 1313 censura)
755 1263 858 1311 xxiv,
875 1267 902 1304 2
930 1269 1103 1315 potestas

273 1315 381 1368 regia
407 1316 461 1363 vi,
490 1319 516 1356 3
558 1323 732 1369 potestas
769 1317 943 1356 omnium
978 1330 1104 1357 rerum

271 1369 446 1422 (summa
494 1369 670 1423 imperii)
717 1371 772 1418 vi,
811 1375 832 1412 1
890 1378 1105 1423 potestates

228 1457 232 1460 ,
273 1436 435 1475 summae
464 1423 541 1471 xvi,
563 1428 602 1464 1.
630 1425 709 1472 xix,
727 1430 746 1466 1
765 1425 854 1478 -(de
872 1426 1105 1477 magistrati-

272 1475 383 1529 bus).
425 1477 467 1516 in
511 1484 745 1530 potestatem
776 1477 952 1531 redigere
979 1479 1058 1526 xvi,
1077 1485 1102 1520 5

274 1531 398 1571 alibi:
428 1531 501 1570 sub
518 1532 753 1584 potestatem
783 1533 906 1584 redig.
934 1532 963 1580 i,
981 1537 1022 1574 2.
1050 1533 1106 1581 ἰν,

274 1589 302 1626 2
329 1585 462 1627 venire
488 1586 568 1633 xiv,
586 1590 612 1627 ³
641 1587 773 1634 omnia
800 1586 843 1625 in
872 1599 943 1625 sua
974 1593 1106 1639 potes·

275 1644 357 1679 tate
375 1653 459 1679 esse
479 1640 563 1679 vult
590 1654 630 1687 x,
648 1645 675 1680 6
702 1640 958 1693 (periphrasis
975 1642 1110 1680 subest

274 1693 591 1747 dominationis).
616 1695 658 1733 in
673 1693 872 1747 'potestate
889 1706 959 1733 sua
977 1701 1109 1735 tenere

277 1747 470 1800 populum
501 1748 604 1802 (non
634 1748 797 1801 imperio
825 1747 909 1788 scil.
926 1749 996 1788 sed
1015 1762 1107 1789 auc-

275 1803 432 1842 toritate
482 1801 590 1856 apud
694 1800 830 1854 pulum
875 1803 1108 1843 benevolum

278 1855 488 1909 plurimum
520 1869 636 1908 posse
687 1870 728 1904 v,
745 1861 772 1897 2
813 1856 856 1895 in
881 1869 952 1896 sua
976 1863 1109 1909 potes-

277 1917 360 1952 tate
384 1924 482 1951 non-
498 1911 606 1959 suut,
629 1910 758 1963 quise
777 1910 956 1950 civilibus
979 1911 1110 1950 flucti-

278 1966 352 2005 bus
367 1964 619 2014 committunt
636 1967 740 2018 (non
757 1970 850 2004 sunt
866 1965 926 2003 sui
942 1964 1112 2018 arbitrii)

278 2032 370 2067 xxv,
388 2023 416 2060 6
440 2018 616 2072 (oppon.
642 2019 811 2059 libertati
841 2019 1039 2059 actionum
1069 2026 1112 2059 et

275 2073 566 2126 commotum).
618 2078 852 2126 potestatem
888 2073 948 2112 sui
984 2073 1113 2113 facere

277 2128 657 2182 (offerresepugnae
668 2127 767 2180 διο.)
794 2126 887 2174 xvii,
903 2130 928 2167 3
954 2126 1113 2183 (sistere

283 2195 341 2229 se,
372 2181 425 2220 de
455 2181 666 2232 presentia
698 2181 774 2220 &c-
809 2191 905 2232 opp.
936 2180 1041 2232 fugae
1073 2187 1116 2220 et

281 2234 580 2287 demigrationi)
598 2234 708 2282 xxiii,
722 2238 749 2275 0
774 2241 948 2288 potestas
961 2233 999 2274 ei
1011 2235 1116 2274 facta

280 2288 467 2328 manendi
485 2288 673 2342 (facultas
701 2290 795 2328 data
825 2287 923 2342 &c.)
950 2301 1042 2336 xxv,
1061 2292 1111 2329 11

280 2348 516 2396 potestatem
547 2343 689 2382 habere
718 2342 891 2394 cujusvis
918 2342 1115 2382 conditio-

284 2397 346 2437 nis
376 2410 468 2444 xxV,
488 2400 541 2437 12
572 2397 741 2451 (deeo,
775 2395 889 2449 cujus
917 2397 1114 2436 matrimo-

255 2466 257 2468 ·
284 2451 396 2490 nium
415 2457 458 2490 et
475 2450 642 2489 affinitas
659 2451 806 2502 ubique
825 2455 963 2502 optata
979 2449 1078 2502 &c.)

231 2504 357 2546 Potiti
369 2505 482 2558 (curn
496 2515 588 2543 casu
605 2502 840 2556 generandi)
856 2518 865 2541 ι
896 2503 1015 2542 totius
1030 2503 1115 2556 ejus

286 2559 410 2611 partis
439 2556 582 2596 Siciliae
612 2557 761 2610 potitus
791 2563 853 2596 est
879 2570 919 2603 x,
946 2561 971 2597 ὅ
998 2558 1118 2609 potiri

285 2611 421 2652 classis
450 2610 622 2650 hostium
653 2611 707 2658 vi,
736 2613 757 2652 1
801 2609 953 2663 imperii
980 2610 1073 2657 xvii,
1090 2615 1117 2652 2

285 2678 411 2705 rerum
431 2665 492 2719 (v,
509 2664 615 2718 Res)
642 2678 732 2712 xxv,
748 2668 775 2706 9
800 2664 950 2704 summi·
965 2664 1120 2717 imperii

284 2720 392 2767 xviii,
409 2723 435 2761 7
464 2718 571 2759 urbis
601 2733 666 2767 xx,
685 2722 711 2759 2
739 2718 800 2771 (v.
819 2717 935 2758 Voss.
953 2718 1005 2758 de
1023 2731 1118 2758 con·

289 2779 424 2814 struct-
459 2786 496 2814 c.
532 2772 623 2827 31).
672 2772 792 2826 potiri
831 2771 945 2825 (cum
980 2779 1120 2825 quarto

287 2827 429 2881 casu):
460 2827 577 2880 potiri
588 2839 777 2867 summam
793 2826 944 2879 imperii
960 2826 1119 2879 (ceteris

287 2881 502 2936 imperare)
529 2881 639 2928 xviii3
668 2885 693 2922 3
736 2879 855 2932 potiri
881 2880 994 2933 (curn
1034 2893 1120 2920 sex-

231 2965 236 2971 .
290 2934 381 2988 to):
416 2935 567 2989 oppido
595 2935 714 2989 potiri
742 2935 770 2983 i,
789 2938 813 2975 7
857 2934 991 2988 proeda
1019 2948 1061 2983 v,
1080 2939 1121 2976 2.

232 3023 235 3027 .
292 2990 387 3037 xvii,
406 2993 432 3030 8
460 2988 621 3043 regione
646 2989 674 3037 i,
693 2993 720 3030 2

236 3043 405 3083 Potiusz
435 3056 504 3083 cur
533 3043 672 3083 nonin
694 3042 827 3095 prmlio
854 3040 1029 3082 cecidisti
1049 3055 1122 3096 po·

290 3096 383 3143 tius,
414 3109 532 3149 qnam
559 3096 712 3136 venires
730 3096 806 3137 &m
834 3097 974 3151 (quaxn
993 3103 1038 3136 nt
1056 3110 1123 3136 vc-

292 3149 418 3203 nires)
446 3149 555 3197 xviii,
575 3155 623 3192 11
665 3151 902 3203 postulabat,
934 3156 978 3189 ut
991 3149 1123 3203 potius

231 3227 236 3231 .
293 3205 346 3243 de
365 3209 555 3256 praesente
573 3203 737 3257 questio
755 3205 974 3251 haberetur,
1005 3216 1121 3256 quarn

293 3259 435 3297 absens
467 3263 714 3297 accusaretur
739 3257 808 3304 vii,
826 3262 854 3299 4
890 3256 1024 3309 potius
1052 3269 1124 3308 pa-

295 3311 379 3351 tr‘ue
412 3323 510 3364 opes
542 3310 675 3364 augeri
706 3322 823 3364 quam
854 3310 956 3362 regis
987 3310 1125 3349 maluit

295 3366 349 3412 ix.
380 3371 405 3406 5
452 3363 721 3418 potissimum:
765 3376 845 3416 quo
882 3362 1124 3415 potissimum

295 3419 397 3459 duce
410 3425 609 3458 uterentur
637 3419 664 3466 i,
681 3422 701 3457 1
733 3431 812 3455 non
826 3416 1012 3456 videbant
1057 3417 1123 3455 uid

298 3473 542 3524 potissimum
561 3473 727 3511 vitarent
745 3470 850 3517 xxiii,
873 3474 919 3511 11
941 3469 1022 3522 egit
1080 3470 1125 3509 iis

246 3541 250 3546 ¹
301 3526 455 3578 gratias,
483 3528 590 3579 quod
618 3541 659 3566 se
689 3525 929 3577 potissimum
950 3537 1035 3564 csse
1051 3525 1125 3563 du-

1931 285 2040 326 CXV

1212 415 1297 442 cem
1336 400 1549 444 voluissent
1593 418 1657 451 xx,
1691 407 1716 444 4
1772 405 1885 458 quod
1918 406 1958 445 in
1995 420 2044 446 ea

1215 457 1458 508 potissimum
1479 459 1572 497 urbe
1591 464 1705 497 natus
1723 466 1782 499 est
1808 474 1896 507 xxv,
1915 464 1944 501 3·
1970 473 2042 513 po·

1215 510 1403 550 tissimum
1445 511 1535 564 ejus
1581 512 1772 564 diligebat
1815 514 2042 555 affinitatem

1214 577 1303 610 xxv,
1325 569 1376 605 12
1906 583 1910 586 ·
1946 574 1949 578 '

1160 618 1248 659 Prae
1281 616 1348 667 illo
1379 631 1514 657 omnes
1545 619 1654 670 parvi
1681 619 1831 660 futuros
1859 619 2045 661 videbant

1213 671 1394 724 (notatur
1409 673 1634 724 contentio)
1661 673 1769 722 xviii,
1788 678 1840 714 10

1161 726 1341 767 Praebere
1369 725 1487 764 alicui
1510 726 1629 766 fidem
1651 726 1881 780 (praestare)
1910 742 1998 776 xxv,
2018 731 2044 768 4

1214 777 1332 817 alicui
1361 779 1621 831 suspicionem
1651 779 1877 827 insidiarum
1896 783 2046 836 (facere

1216 837 1262 872 ut
1279 833 1498 885 suspicetur
1523 832 1706 889 insidias)
1738 835 1814 882 xiv,
1841 840 1893 877 10
1927 836 2045 876 alicui

1216 898 1358 941 panem
1387 886 1430 934 ii,
1459 891 1511 928 10
1541 889 1690 939 praebet
1719 890 1805 928 haec
1833 903 1893 929 res
1920 890 2048 942 suspi-

1175 963 1179 968 -
1215 938 1368 980 cionem
1406 940 1495 980 talis
1526 941 1694 981 hominis
1734 942 1853 996 (facit
1883 950 1929 982 ut
1960 943 2049 982 talis

1216 994 1483 1048 suspectetur)
1511 995 1603 1043 xvii,
1623 1000 1649 1036 8
1678 998 1850 1049 praebere
1868 1011 1911 1037 se
1929 997 2047 1037 talem

1216 1047 1504 1100 imperatorem,
1521 1055 1566 1088 ut
1583 1050 1758 1103 (gerere)
1788 1049 1921 1098 xvii,6
1950 1054 2049 1104 prae-

1216 1101 1304 1153 buit
1318 1116 1359 1141 se
1376 1101 1461 1155 pari
1479 1102 1683 1155 diligentia
1699 1103 1741 1142 in
1759 1118 1808 1144 eo
1825 1105 2050 1158 magistratu

1219 1168 1266 1195 ac
1307 1156 1434 1195 fuerat
1462 1157 1505 1196 in
1537 1157 1640 1197 belo
1682 1158 1791 1205 xxiii,
1821 1163 1846 1200 7
1890 1158 1976 1212 pari
2006 1172 2049 1197 se

1218 1210 1361 1250 virtute
1379 1217 1518 1263 postea
1536 1225 1614 1264 prae
1643 1212 1702 1250 uit
1729 1208 1808 1265 (sc.
1825 1225 1872 1252 ac
1890 1214 2051 1265 se'prae-

1219 1262 1356 1303 buerat
1369 1265 1409 1303 in
1431 1265 1534 1305 bello
1553 1266 1734 1305 adversus
1753 1267 1944 1307 Cadusios
1964 1279 2051 1319 ges-

1220 1324 1261 1356 to
1314 1318 1392 1366 xiv,
1411 1323 1438 1359 2

1168 1317 1386 1424 Praegipere
1421 1373 1495 1426 (de
1530 1385 1717 1425 responso
1753 1374 1920 1427 oraculi)
1964 1373 1992 1420 i,
2027 1378 2050 1414 1

1220 1426 1432 1478 praecipere
1459 1427 1666 1479 lectoribus
1693 1426 1768 1480 (de
1786 1428 2053 1467 admonitione

1221 1478 1434 1519 studiosius
1463 1480 1589 1533 facta)
1618 1494 1682 1528 xv,
1704 1485 1725 1521 1
1770 1482 1978 1534 praecipere
2012 1481 2053 1519 in

1221 1533 1356 1572 schola
1372 1535 1424 1574 de
1439 1536 1591 1586 pudore
1609 1541 1651 1575 et
1667 1536 1912 1574 continentia
1940 1549 2053 1588 argu-

1222 1586 1369 1627 tissime
1394 1587 1468 1640 (de
1486 1589 1765 1644 philosophis),
1782 1589 1814 1629 F
1816 1602 1844 1627 r.
1864 1595 1888 1629 5
1917 1589 2054 1642 praeci-

1224 1653 1317 1692 pere
1344 1642 1523 1694 (docere,
1553 1649 1764 1683 monstrare
1789 1643 1884 1695 quid
1907 1643 2054 1682 facien-

1222 1695 1318 1734 dum
1347 1695 1420 1749 sit)
1452 1694 1505 1743 iv,
1525 1700 1551 1736 4
1579 1697 1757 1750 (proprie
1787 1697 2055 1749 magistrorum

1223 1749 1383 1788 verbum
1401 1756 1477 1789 est.
1502 1749 1583 1788 vid.
1614 1751 1713 1789 thes.
1741 1750 1954 1790 Buehneri.
1986 1750 2056 1789 In-

1225 1803 1377 1842 terdum
1407 1810 1450 1843 et
1477 1804 1529 1843 de
1558 1803 1804 1844 inferioribus
1836 1811 2057 1857 usurpatur,

1224 1862 1362 1910 estque
1378 1858 1482 1897 idem
1501 1870 1548 1897 sc
1567 1859 1746 1904 suadere,
1773 1871 1946 1905 monere,
1965 1871 2056 1910 sug-

1227 1923 1359 1963 gerere
1387 1912 1470 1951 sine
1499 1911 1580 1950 ulla
1601 1911 1772 1965 jubendi
1798 1912 2055 1961 auctoritate3

1226 1971 1273 2004 ut
1306 1965 1349 2012 ii,
1365 1970 1407 2006 6.
1439 1965 1494 2005 sic
1518 1965 1743 2005 Alexander
1768 1979 1834 2018 ap.
1859 1966 1971 2006 Curt.
2003 1966 2058 2012 iv,

1229 2022 1296 2066 13,
1316 2023 1342 2060 8
1370 2025 1383 2044 ‘
1400 2020 1530 2059 furum
1560 2020 1635 2061 ista
1661 2020 1818 2060 solertia
1834 2026 1909 2068 est,
1938 2032 2057 2073 quam

1230 2073 1443 2127 praecipitis
1460 2073 1591 2128 mihi')

1174 2126 1422 2180 Praeceptum
1452 2140 1585 2168 curare
1603 2126 1811 2181 diligenter
1828 2126 1929 2180 (rem
1948 2139 2060 2166 man·

1228 2180 1378 2229 datam,
1407 2182 1694 2235 praescriptam)
1725 2182 1832 2228 xviii,
1849 2185 1877 2221 9
1911 2181 2060 2234 (Diod.

1230 2236 1354 2276 ποιεῖν
1386 2235 1436 2275 τὸ
1469 2234 1732 2288 προσταχθέν.
1787 2235 1930 2287 virgil.
1961 2236 2061 2275 AEn.

1229 2288 1284 2336 ix,
1301 2292 1354 2329 45
1384 2294 1396 2312 ’
1417 2296 1616 2344 praecepta
1632 2289 1873 2341 facessere').
1892 2288 1958 2327 illa
1976 2288 2062 2327 fieri

1231 2350 1431 2395 praecepto
1462 2355 1534 2383 suo
1569 2357 1609 2391 x,
1637 2348 1664 2385 8
1702 2343 1797 2383 Sic:
1826 2342 2061 2382 Hannibalis

1230 2404 1430 2488 praecepto
1466 2396 1620 2460 (jussu)
1657 2397 1766 2444 xxiii,
1797 2399 1847 2437 11
1886 2408 2061 2448 praecep-

1223 2456 1316 2489 tum
1346 2450 1445 2489 ilud
1481 2463 1523 2489 tn
1559 2450 1696 2489 animis
1734 2450 1908 2488 omnium
1943 2450 2064 2489 'debet

1232 2515 1317 2542 esse
1336 2503 1410 2556 (de
1427 2504 1590 2550 monito,
1616 2503 1823 2549 sententia,
1849 2502 1956 2542 dicto
1975 2503 2061 2542 vul-

1232 2556 1335 2610 gari)
1364 2557 1446 2604 viii,
1465 2562 1490 2598 2
1523 2563 1721 2610 praecepta
1742 2557 2063 2608 philosophorum

1233 2622 1324 2657 xxv,
1344 2614 1394 2652 17
1425 2617 1622 2664 praecepta
1653 2610 1846 2650 beneficia
1862 2611 2064 2664 (προληφ-

1232 2663 1363 2717 Θέντα,
1380 2673 1472 2705 ante
1490 2664 1676 2717 accepta)
1701 2677 1791 2711 xxv,
1811 2668 1832 2704 1
1863 2666 1992 2717 (saepe
2010 2665 2066 2703 ita

1234 2719 1310 2758 hoc
1328 2719 1445 2759 verbo
1463 2718 1556 2760 usus
1575 2719 1747 2760 Curtius.
1765 2730 1803 2758 v.
1822 2717 1912 2758 Iud.
1932 2718 2064 2758 Frein-

1234 2773 1355 2812 obem.

1180 2771 1406 2881 Praecipuiis
1436 2826 1474 2867 ei
1503 2827 1630 2867 honos
1653 2825 1810 2867 habitus
1824 2833 1884 2866 est
1901 2825 2067 2879 (ἐξαίρε-

1233 2895 1319 2928 τος,
1355 2881 1582 2934 singularis)
1610 2880 1664 2928 ix,
1683 2885 1706 2922 1
1743 2880 1838 2920 Sic:
1866 2881 2067 2934 praecipua

1236 2934 1353 2975 laude
1371 2936 1492 2975 fertur
1510 2936 1757 2987 gubernator,
1786 2934 1854 2987 qui
1873 2934 1947 2974 &c.
1976 2947 2066 2979 xxv,

1239 2992 1290 3029 10
1318 2990 1556 3042 proecipumn
1585 2988 1705 3027 habet
1734 2989 1890 3027 laudern
1908 2988 2066 3039 amplis·

1236 3043 1345 3082 simae
1376 3042 1723 3096 pulcherrimaeque
1742 3042 1913 3094 corporis
1933 3041 2068 3080 forman

1238 3096 1289 3149 (i.
1307 3109 1344 3137 e.
1362 3097 1608 3150 potissimum
1637 3096 1817 3135 laudatur
1834 3096 1886 3134 ob
1904 3095 2068 3133 formam

1236 3150 1410 3202 corporis
1440 3150 1539 3203 διε.)
1567 3149 1648 3196 xxi,
1672 3153 1695 3190 1
1738 3147 1941 3200 praecipuo
1965 3148 2068 3200 peri-

1238 3204 1330 3243 culo
1362 3216 1433 3243 suo
1465 3215 1595 3243 muros
1624 3201 1793 3242 restituit
1821 3202 1899 3255 (ita
1922 3207 1966 3241 ut
1981 3201 2069 3255 ipse

1239 3256 1485 3308 potissimum
1515 3254 1817 3308 periclitaretur)
1845 3255 1887 3304 ii,
1903 3259 1934 3296 6
1969 3267 2070 3309 prae·

1238 3310 1356 3362 cipua
1383 3310 1462 3350 fide
1489 3309 1566 3348 suit
1594 3322 1643 3349 ea
1670 3307 1806 3349 civitas
1834 3321 1926 3363 erga
1943 3309 2070 3348 Athe-

1239 3364 1392 3402 nienses
1424 3363 1475 3416 (i.
1506 3376 1544 3403 e.
1572 3361 1734 3415 majore,
1767 3375 1885 3416 quam
1911 3363 2069 3414 reliqum

1239 3416 1437 3466 civitates)
1467 3416 1559 3464 vi,2
1587 3417 1714 3470 (Nam
1729 3418 1883 3457 recteh.
1900 3417 2069 3455 Lobscr-

1240 3476 1306 3509 vat
1321 3470 1383 3510 Cl.
1399 3470 1575 3511 Vorstius
1592 3478 1603 3495 ⁸
1621 3471 1830 3524 praecipua'
1845 3483 1956 3509 casus
1972 3468 2070 3507 sexti

1241 3534 1376 3565 vocem
1420 3538 1519 3576 esse,
1564 3530 1700 3565 contra
1730 3538 1844 3575 quam
1881 3522 2068 3561 Boc-clero
