2306 3900
642 301 734 340 xl.

134 418 287 461 eadem
308 419 473 471 origine
488 416 703 461 joviniani
723 422 771 459 et
790 415 1021 458 Herculia-

132 484 178 525 ni
221 484 337 538 apud
363 485 579 526 Zosimum
612 489 659 524 et
695 481 1020 524 Mamertinum.

133 548 207 589 Sic
222 547 504 589 Alexandrini
520 547 774 599 Caracallae,
791 547 847 587 de
867 545 1021 599 quibus

137 612 330 652 disertim
358 612 444 653 Dio
471 616 518 652 et
543 611 847 660 Herodianus;
874 609 1023 650 Hono-

136 674 260 729 riani,
276 674 571 726 Theodosiani,
597 673 885 724 Constantini,
913 671 1024 713 Gra·

136 737 367 788 timemus,
386 736 807 786 Valentinianeuses,
835 736 880 776 in
910 733 1025 775 noti-

137 799 201 840 tia
232 799 458 852 utriusque
490 798 688 851 Imperii.
743 797 872 841 Quod
891 798 1025 838 etiam

138 864 184 903 in
238 863 409 915 populis
466 875 517 904 ac
576 863 716 916 portis
773 862 1024 904 adhibitum.

142 925 347 967 Kena-hen.

194 989 380 1042 Furiae]
407 989 554 1030 Editio
566 988 1027 1041 Parisiensiasumnt.

195 1052 308 1093 Idem
337 1052 511 1094 subsidio
546 1052 874 1106 Laeedoemoniis]
919 1051 1029 1092 Post

142 1116 309 1157 cladem
336 1117 622 1164 Leuctricam,
649 1116 883 1157 victoribus
913 1114 1029 1156 Tbe-

142 1181 281 1234 banis,
311 1193 490 1233 quorum
519 1181 606 1221 dux
639 1185 735 1221 erat
771 1178 1028 1232 Epaminon-

142 1244 249 1285 das:
277 1255 362 1297 qua
389 1248 587 1296 accepta,
605 1242 1030 1283 Lacedaemoniorum

142 1319 248 1361 opes
266 1305 441 1347 afflictae
462 1311 577 1348 sunt.
616 1305 797 1346 Lambini.

198 1370 436 1412 &tardavit
473 1370 660 1423 impetus]
703 1369 915 1421 Incoeptus,
951 1379 1030 1420 pro

142 1434 323 1486 incepto,
341 1434 511 1486 integre
531 1434 741 1485 scriptum
757 1434 800 1473 in
820 1432 1030 1473 membra·

144 1498 211 1538 nis
228 1497 405 1547 nostris,
423 1509 474 1538 ac
491 1496 686 1538 fortassis
718 1496 949 1537 Savaronis
970 1495 1031 1535 sic

145 1560 328 1602 edentis.
380 1560 453 1601 Sic
467 1572 598 1613 supra
611 1560 656 1600 in
676 1558 925 1609 Alcibiade,
940 1559 953 1581 ‘
970 1559 1033 1598 Si-

145 1623 255 1666 cssiae
281 1625 508 1676 amissum,’
529 1636 608 1676 pro
633 1624 857 1676 amissione,
876 1623 1035 1664 dixisse

145 1687 404 1730 notavimus.
431 1688 585 1728 δώσει.

202 1751 313 1792 CA».
348 1755 391 1792 3.
435 1752 579 1793 Animo
612 1763 755 1802 magno
789 1754 829 1791 et
859 1761 1035 1801 corpore,

146 1814 474 1867 imperatoriaque
491 1815 646 1866 forma]
674 1814 878 1867 Corporis
899 1814 1037 1866 digni-

152 1884 217 1917 tas
234 1876 335 1918 duci
349 1878 676 1918 admirationem
696 1883 783 1917 tam
803 1877 918 1930 apud
939 1889 1036 1917 suos

150 1933 277 1994 quam
307 1941 422 1992 apud
449 1940 594 1981 hostes
619 1941 838 1981 conciliat.
895 1940 1039 1981 Tacit.

150 2003 266 2044 Aun.
286 2015 391 2044 xm.
412 2007 454 2046 8.
480 2006 494 2027 ‘
512 2005 596 2056 Ne,
623 2004 659 2044 si
679 2004 734 2044 ad
764 2003 1039 2056 accipiendas

152 2068 302 2121 copias
334 2068 500 2121 Syriam
545 2068 794 2108 intravisset
840 2067 1040 2117 Corbulo,

151 2130 340 2171 omnium
378 2142 454 2171 ora
484 2130 528 2170 in
557 2142 603 2170 se
640 2135 832 2171 verteret
857 2141 1040 2183 corpore

150 2194 466 2248 ingens,verbis
473 2193 739 2247 magnificus,
749 2199 810 2246 et,
822 2206 953 2246 super
967 2206 1041 2235 ex·

150 2259 405 2311 perientiam
423 2258 783 2311 sapientiamque,
801 2258 931 2298 etiam
944 2269 1040 2310 spe·

151 2322 220 2362 cie
257 2321 448 2362 inanium
481 2318 678 2362 validus!
733 2323 806 2363 De
835 2321 1041 2362 Caecinna

150 2384 267 2425 idem
285 2383 450 2425 Histor.
466 2384 541 2424 lib.
559 2395 612 2424 n.
628 2387 697 2424 30.
719 2384 948 2425 Claudian.
963 2383 1039 2424 lib.

154 2460 188 2489 1.
207 2448 262 2488 de
282 2447 466 2490 Laudib.
501 2447 748 2489 Stiliconis:
778 2449 791 2471 ‘
807 2447 908 2489 Jam
936 2453 1040 2488 tunc

153 2516 427 2563 conspectus,
437 2510 529 2564 jam
545 2517 646 2552 tunc
659 2511 918 2552 venerahilis
931 2511 1042 2564 ibas,

153 2573 492 2628 Spondebatque
522 2573 676 2615 ducem
706 2575 813 2615 celsi
846 2575 964 2616 nitor
981 2574 1043 2627 ig-

87 2656 93 2662 ·
156 2647 263 2676 neus
301 2636 405 2689 oris,
446 2637 827 2692 Membrorumque
874 2637 1044 2688 modus,

157 2699 328 2751 qualem
366 2712 448 2741 nec
484 2700 674 2742 carmina
712 2700 883 2753 fingunt
913 2701 1045 2742 Semi-

159 2762 281 2803 deis:
312 2775 563 2816 quacunque
598 2765 685 2805 alte
715 2766 948 2817 graderere
968 2777 1047 2817 per

159 2824 304 2871 urbes,
335 2824 553 2866 Cedentes
578 2825 729 2877 spatiis
754 2831 1047 2879 assurgentes·

161 2899 244 2941 que
263 2888 470 2930 videbas)
525 2889 689 2932 Justin.
716 2889 791 2930 lib.
811 2901 914 2932 xut.
935 2893 975 2932 1.
991 2889 1047 2931 de

162 2949 325 2992 Amicis
344 2949 599 2992 Alexandri.
630 2951 834 2993 Gebhard.

215 3014 550 3067 Imperator-mque
572 3014 729 3067 forma]
775 3015 1049 3069 Imperatore

162 3078 308 3130 digua,
335 3089 430 3130 quae
460 3078 594 3119 veluti
627 3078 756 3132 longe
789 3079 960 3133 lateque
980 3093 1048 3121 os-

163 3145 305 3182 tentat
341 3139 672 3194 Imperatorem,
706 3147 756 3183 ut
782 3141 838 3183 de
868 3143 1049 3196 Trojano

164 3207 276 3248 Plin.
313 3207 526 3260 Panegyr.
563 3219 627 3249 ιν.
699 3209 833 3250 Dioni
871 3210 1051 3262 egregia

163 3283 271 3312 voce
290 3271 551 3323 σεμνοπρεπὲς
562 3270 635 3310 τοῦ
650 3270 856 3323 προσώπου
873 3271 1048 3313 dicitur.

166 3335 300 3377 Boecl.
357 3334 626 3387 Capitolinus
661 3334 704 3374 in
741 3333 912 3375 Pertin.
951 3333 1051 3375 vide

167 3397 273 3439 Not.
303 3399 347 3438 in
376 3398 519 3439 Sidon.
551 3399 633 3451 Ep.
659 3397 794 3438 2.1ib.
816 3409 848 3440 1.
884 3397 1051 3440 Sauara.

225 3461 507 3515 Theopompus]
549 3462 655 3515 Sup.
690 3461 734 3501 in
763 3460 978 3502 Alcibiad.
998 3461 1051 3502 de

169 3536 252 3576 quo
287 3525 415 3565 etiam
452 3524 607 3566 Athen.
639 3524 712 3565 lib.
737 3521 819 3566 x1'1.
851 3525 946 3565 vide
972 3525 1052 3566 Ca-

802 298 1215 350 nrmcRA'rEM,
1257 298 1392 339 cAP.
1430 286 1484 340 3.

1867 287 1975 340 547

1089 416 1210 457 saub.
1229 415 1284 456 ad
1318 415 1480 458 Athen.
1516 415 1594 457 lib.
1615 427 1687 458 111.
1702 419 1743 456 8.
1773 420 1819 456 et
1837 415 1911 457 lib.
1930 428 1975 458 x.

1089 483 1156 521 12.
1203 481 1427 520 Plutarch.
1449 480 1493 520 in
1517 480 1765 521 Timoleone
1793 485 1838 521 et
1863 480 1978 521 Har-

1088 548 1255 596 pocrat.
1282 543 1327 583 in
1347 555 1450 584 voce
1476 542 1685 595 ἆμιίδοκος,
1704 544 1749 584 in
1767 543 1975 596 Ἀττικεῖς,

1087 609 1134 648 in
1167 606 1422 659 Ἀλόννησος,
1445 606 1489 647 in
1521 606 1794 659 ἀμφικτυόνες.
1825 609 1975 662 steph.

1088 671 1143 711 de
1159 671 1250 712 urb.
1268 671 1314 711 in
1333 682 1440 712 voce
1456 669 1586 712 Ἀσαί.
1613 671 1781 712 Sauara.

1141 733 1349 788 Amyntoe]
1404 734 1537 787 Cujus
1577 732 1690 775 filins
1736 734 1978 787 Philippus,

1089 804 1218 852 pater
1236 798 1475 841 Alexandri
1486 798 1652 851 Magni.
1710 798 1798 839 Hic
1821 799 1982 852 Amyn·

1090 868 1157 904 tas
1177 868 1320 904 autem
1339 862 1599 904 Pausaniam
1621 862 1892 904 Macedoniae
1912 876 1981 904 re-

1092 937 1205 978 gem,
1239 926 1388 980 AEropi
1417 926 1530 980 regis
1568 925 1704 966 filium
1737 925 1979 975 interfecit,

1092 989 1375 1044 regnavitque
1389 1001 1521 1032 annos
1534 993 1602 1032 24.
1643 988 1773 1032 Diod.
1788 989 1862 1032 lib.
1882 1001 1980 1032 xlv.

1091 1052 1230 1094 Lamo.

1148 1117 1332 1170 Namque
1349 1116 1569 1171 Eurydice]
1598 1118 1715 1170 Lege
1747 1117 1802 1158 de
1833 1118 1913 1159 hac
1933 1129 1982 1159 re

1092 1180 1472 1222 luculentissimam
1489 1181 1743 1223 Orationem
1762 1181 1986 1236 AEoehinis,

1091 1242 1178 1296 περὶ
1194 1247 1441 1296 παραπρεσβ.

1150 1308 1250 1346 Cum
1282 1307 1345 1347 his
1374 1306 1524 1348 duobus
1547 1306 1702 1359 liben's]
1733 1307 1901 1348 Habuit
1921 1312 1983 1348 ta-

1094 1383 1193 1411 men
1212 1383 1267 1411 ex
1295 1371 1486 1424 Amynta
1517 1378 1606 1412 tres
1630 1371 1760 1423 filios,
1793 1371 1984 1412 Alexan-

1063 1481 1069 1486 ,
1095 1435 1234 1485 drum,
1253 1433 1526 1488 Perdiccam,
1559 1442 1605 1477 et
1635 1437 1898 1489 Philippum,
1924 1436 1985 1476 A·

1095 1497 1288 1538 lexandri
1307 1498 1372 1539 M.
1397 1498 1648 1539 Macedonis
1675 1502 1857 1550 patrem,
1876 1503 1922 1538 et
1939 1496 1986 1537 fi-

1097 1561 1199 1601 liam
1231 1561 1490 1604 Eurionemf
1534 1562 1694 1604 sustin.
1723 1561 1798 1602 lib.
1829 1573 1914 1603 vn.
1942 1565 1984 1603 4.

1095 1623 1183 1665 Sed
1202 1635 1256 1664 ex
1275 1624 1340 1665 his
1361 1624 1611 1666 Alexander
1633 1625 1747 1679 patri
1767 1637 1985 1666 successe-

1098 1680 1167 1728 rat
1181 1688 1225 1727 in
1242 1699 1433 1740 regnum.

1155 1752 1326 1791 Causam
1343 1751 1486 1804 capitis
1508 1753 1625 1794 semel
1645 1752 1772 1805 dixit]
1801 1752 1985 1793 Causam

1099 1815 1215 1867 apud
1245 1815 1361 1855 cives
1382 1827 1480 1856 suos
1506 1816 1629 1857 simul
1644 1829 1740 1857 cum
1758 1817 1988 1857 Timotheo

1099 1877 1260 1917 dixisse
1278 1876 1561 1929 Iphicratem‚
1595 1884 1641 1919 et
1671 1880 1874 1919 multatos
1893 1891 1986 1919 esse

1099 1940 1236 1980 tradit
1254 1940 1476 1981 Diodorus
1498 1942 1571 1983 lib.
1599 1953 1695 1983 xvr.
1731 1942 1782 1982 ot
1808 1941 1850 1982 δὲ
1873 1942 1986 1990 Ἀθη-

1101 2004 1199 2043 ναῖοι
1239 2001 1534 2055 παροξυνθέντες
1587 2003 1806 2055 ἐζημίωσαν
1847 2004 1988 2045 αὐτοὺς

1101 2066 1268 2105 πολλοῖς
1303 2063 1528 2115 ταλάντοις,
1556 2065 1621 2106 καὶ
1645 2068 1719 2116 τῆς
1747 2066 1989 2119 στρατηγίας

1102 2127 1346 2177 ἀπέστησαν.
1389 2128 1677 2170 Athenienses
1711 2136 1853 2170 autem
1885 2131 1988 2171 irati

1102 2191 1369 2245 Iphicratem
1403 2198 1450 2232 et
1485 2192 1762 2233 Timotheum
1792 2194 1835 2232 in
1872 2193 1990 2245 judi-

1101 2256 1216 2297 cium
1254 2259 1432 2296 vocatos
1461 2255 1606 2295 multis
1638 2255 1812 2296 talentis
1836 2255 1990 2294 multa-

1102 2323 1221 2369 runt,
1253 2323 1299 2358 et
1333 2316 1574 2370 imperandi
1610 2329 1786 2371 munere
1818 2317 1990 2358 abdica-

1102 2387 1219 2422 runt.
1272 2380 1502 2433 Polyaenus
1523 2392 1618 2421 cum
1643 2380 1787 2421 Probo
1807 2391 1991 2433 congru-

1103 2458 1195 2496 ens,
1226 2444 1492 2497 Iphicratem
1533 2450 1578 2484 et
1612 2449 1858 2485 accusatum
1897 2455 1991 2484 esse

1102 2507 1334 2562 significat,
1350 2512 1396 2548 et
1411 2507 1662 2549 absolutum.
1683 2507 1865 2548 Lambin.
1894 2507 1991 2547 Me-

1104 2572 1230 2613 minit
1257 2572 1352 2624 ejus
1373 2576 1420 2611 et
1446 2570 1732 2613 Quintilianus
1761 2571 1835 2612 lib.
1857 2582 1904 2611 V.
1926 2573 1993 2611 12.

1106 2636 1177 2690 qui
1214 2646 1388 2675 causam
1415 2633 1528 2674 hauc
1570 2633 1685 2674 inter
1715 2633 1992 2687 probationes

1106 2698 1271 2752 adjicit,
1298 2710 1403 2752 quas
1429 2696 1642 2745 παθητικὰς
1664 2701 1836 2738 vocant.
1893 2696 1993 2738 Quo

1105 2762 1426 2815 strategemate
1433 2762 1629 2814 judicum
1655 2761 1878 2802 absolutus
1898 2759 1993 2801 fue-

1107 2826 1164 2866 rit
1182 2825 1440 2877 Iphicrates,
1453 2822 1589 2864 refert
1607 2823 1803 2876 Polyaen.
1822 2823 1899 2864 lib.
1916 2834 1995 2865 ιιι.

1108 2894 1156 2930 et
1192 2889 1347 2930 Senec.
1376 2887 1559 2928 Rhetor.
1575 2886 1648 2927 lib.
1669 2897 1755 2927 vn.
1793 2887 1992 2927 Declam.

1108 2959 1149 2995 ⁵.
1195 2953 1332 2995 Plura
1350 2952 1407 2994 de
1440 2952 1571 3006 ipsius
1600 2952 1846 3005 eloquentia
1873 2952 1993 2994 colli·

1110 3016 1175 3070 git
1193 3017 1394 3057 Muretus
1411 3015 1487 3057 lib.
1506 3026 1612 3056 vm.
1627 3015 1729 3056 Var.
1748 3016 1871 3056 Lect.
1894 3026 1991 3066 cap.

1108 3085 1177 3124 22.
1206 3082 1360 3122 Schott.
1418 3080 1580 3122 Noster
1601 3080 1646 3121 in
1667 3080 1884 3120 Phocion:
1914 3082 1927 3102 ‘
1952 3079 1995 3119 in

1102 3143 1280 3197 judiciis
1296 3155 1392 3184 cum
1409 3143 1564 3195 capitis
1583 3154 1754 3184 causam
1778 3142 1947 3182 diceret
1968 3144 1997 3181 ι·

1110 3219 1207 3248 reus
1227 3212 1368 3247 autem
1398 3205 1554 3258 capitis
1587 3210 1811 3246 accusatus
1839 3210 1921 3256 est,
1949 3209 1997 3244 et

1109 3275 1334 3311 accusatus
1363 3267 1633 3320 proditionis.
1694 3265 1816 3308 Infra
1848 3267 1892 3307 in
1922 3266 1997 3307 Ti·

1110 3333 1259 3374 moth.=
1290 3331 1410 3372 Plut.
1429 3331 1471 3371 in
1489 3330 1707 3383 Apophth.
1732 3329 1896 3371 &vm-0.

1165 3396 1280 3436 Bello
1313 3394 1467 3447 sociali]
1511 3394 1565 3434 In
1601 3393 1715 3447 quod
1749 3394 2000 3435 inciderunt·

1113 3458 1416 3509 Athenienses,
1435 3470 1533 3499 cum
1555 3457 1669 3508 Chii,
1694 3456 1867 3508 Rhodii,
1900 3456 1996 3504 Coi,

1112 3530 1157 3565 et
1195 3523 1422 3578 Bysantiui
1456 3523 1509 3564 ab
1541 3523 1592 3563 iis
1625 3522 1917 3574 descivissent,
1948 3526 2003 3560 ut⁴
