2326 3944
277 304 389 357 438

272 438 329 477 de
349 448 433 489 qua
448 447 545 475 mox
565 435 748 476 Probus.
794 434 884 475 Alii
912 440 1056 477 tamen
1075 448 1155 476 nec

271 499 560 552 Eurybiadem
589 499 692 539 satis
720 504 882 540 motum
915 511 1029 550 esse,
1059 512 1155 540 nar-

271 569 397 612 rant3
432 562 583 615 quibus
616 563 813 602 assentiri
849 561 1020 603 videtur
1053 563 1155 603 Plu-

271 626 443 666 tarchus
489 625 695 676 apophth.
750 626 908 665 Lacon.
971 625 1055 676 Ibi,
1099 625 1154 674 μὴ

269 688 409 729 πείθων
450 687 491 728 δὲ
533 687 772 741 Εὐρυβιάδην
815 690 856 729 ἐν
887 691 971 729 τοῖς
1004 692 1155 729 στενοῖς

270 755 535 804 ναυμαχῆσαι,
570 752 697 805 κρύφα
729 752 823 805 πρὸς
849 751 922 793 τὸν
957 751 1154 806 βάρβαρον

269 815 430 868 ἔπεμψε.
459 816 596 869 Lamb.
641 817 754 856 Vide
775 817 1013 869 sequentia.

327 881 537 920 Universos
550 893 666 932 pares
684 882 779 932 esse]
815 882 962 920 Caesar
988 881 1150 923 Comm.

266 943 323 984 de
348 945 400 985 Β.
420 944 474 984 G.
495 955 560 983 vr.
578 947 644 984 34.
679 944 791 983 Vide
813 945 1061 984 Frontinum
1075 945 1150 985 lib.

267 1020 299 1049 1.
323 1012 386 1049 10.
414 1009 573 1048 Locum
594 1008 636 1047 in
657 1014 800 1048 mente
815 1008 964 1048 habuit
976 1007 1149 1048 Cicero-

262 1071 334 1111 nis
350 1070 402 1110 ad
419 1069 612 1110 Atticum
633 1084 642 1110 :
674 1074 685 1092 ‘
701 1072 792 1111 Nos
804 1070 989 1122 disjecta
1021 1083 1148 1111 manu

260 1145 390 1186 pares
409 1133 663 1173 adversariis
681 1145 773 1174 esse
793 1146 875 1173 non
896 1135 1146 1186 possumus?

262 1196 318 1237 ld
349 1201 433 1247 est,
468 1196 671 1236 resistere
702 1202 749 1236 et
779 1196 936 1236 bellum
964 1209 1145 1238 summo·

262 1271 381 1300 vere.
457 1258 590 1310 Infra,
638 1258 891 1310 Alcibiade3
937 1263 949 1282 ‘
990 1260 1144 1314 Neque

263 1328 381 1362 terra
411 1322 550 1374 neq'ue
580 1323 686 1362 mari
719 1323 866 1363 hostes
899 1336 1022 1375 pares
1052 1337 1144 1365 esse

261 1385 523 1436 potuerunt.'
561 1386 782 1426 Eumene:
811 1388 824 1408 ‘
845 1386 944 1427 Hoc
963 1386 1144 1440 Antigo-

258 1459 341 1487 nus
367 1460 462 1488 cum
490 1448 768 1499 comperisset
797 1448 1143 1503 intelligeretque

261 1526 309 1554 se
341 1525 486 1565 parem
519 1526 602 1553 non
631 1525 727 1554 esse
759 1513 919 1565 paratis
948 1514 1142 1554 adversa·

262 1577 362 1618 riis-³
400 1577 563 1619 Annib.
601 1578 1144 1630 ‘Doloeratpugnandum,

264 1654 364 1682 cum
399 1654 477 1694 par
512 1654 595 1682 non
636 1646 751 1681 esset
788 1641 945 1682 armis!
999 1643 1143 1682 Caesar

261 1706 422 1747 Comm.
437 1706 492 1745 de
507 1706 614 1746 Bell.
631 1705 745 1745 Gall.
757 1704 831 1745 lib.
847 1715 878 1745 1.
897 1709 963 1745 40.
985 1705 1139 1746 Cicero

258 1782 338 1822 pro
357 1769 476 1821 Lege
499 1769 703 1808 Manilia:
735 1768 748 1790 ‘
768 1767 827 1808 Hi
847 1768 963 1807 nullo
982 1768 1025 1807 in
1045 1769 1138 1809 loco

257 1843 382 1886 pares
393 1833 486 1885 jam
506 1831 782 1884 praedonibus
801 1843 894 1871 esse
912 1833 1141 1883 poterant.'

255 1897 285 1938 J
290 1896 416 1937 ustin.
443 1896 516 1936 lib.
532 1907 614 1935 vu.
633 1907 728 1946 cap.
747 1899 787 1935 6.
841 1896 929 1934 Par
946 1908 1050 1948 ergo
1070 1904 1138 1937 est

255 1957 462 2007 ἰσοπαλής.
496 1959 695 1999 Gebhard.
753 1959 812 1998 Et
832 1959 1032 1999 universos
1057 1972 1137 2001 esse

249 2037 368 2076 pares
384 2023 532 2076 aiebat]
549 2024 685 2063 Recte
704 2021 876 2073 feceris,
895 2023 930 2063 si
946 2024 1135 2077 Excerp-

254 2092 395 2127 torum
416 2086 675 2127 auctoritate
705 2086 929 2126 immiseris
961 2100 1132 2129 vocem:

253 2152 313 2190 Et
349 2151 549 2190 universos
580 2162 697 2201 pares
730 2163 813 2190 esse
842 2163 955 2201 posse
990 2151 1132 2192 aiebat.

253 2213 341 2255 Sed
371 2215 414 2254 in
445 2214 569 2254 aliis:
608 2218 647 2254 et
678 2215 721 2254 in
752 2214 984 2266 universum,
1014 2217 1131 2257 salvo

250 2289 378 2318 sensu
399 2282 445 2317 et
473 2277 638 2318 ordine.
685 2278 851 2319 Glossae
876 2283 1062 2332 veteres,
1089 2281 1133 2321 in

250 2341 486 2393 universum,
517 2339 622 2391 ὅλος,
656 2342 727 2382 ubi
764 2341 865 2382 ὅλως
892 2343 1130 2384 rescriben-

251 2403 369 2455 dum,
413 2417 497 2446 non
543 2405 819 2456 dubitabunt,
855 2407 927 2459 qui
973 2406 1129 2448 Graece

247 2466 467 2508 sciverint.
500 2468 700 2508 Keuchen.

306 2530 518 2582 Dispersus
552 2531 770 2571 testabatur
801 2532 1017 2584 perituros]
1056 2534 1130 2574 Sa-

248 2591 559 2643 pientissimum
578 2594 799 2634 monitum.
856 2595 928 2635 Sic
947 2596 1054 2636 Tac.
1073 2596 1129 2636 de

246 2656 468 2698 Britannis
494 2657 536 2696 in
558 2658 646 2698 vita
665 2657 883 2710 Agricola*
913 2663 978 2699 12.
1022 2659 1035 2682 ‘
1057 2660 1129 2699 Ita

247 2719 346 2759 dum
383 2720 538 2771 singuli
568 2727 776 2772 pugnant,
814 2722 999 2762 universi
1038 2722 1127 2762 vin-

245 2781 427 2823 cuntur.’
475 2783 753 2835 Thucydides
786 2783 859 2824 lib.
891 2796 956 2825 lv.
1011 2783 1128 2836 Εἴπερ

243 2844 307 2883 καὶ
325 2845 409 2885 καθ’
425 2843 612 2886 ἑκάστους
628 2846 896 2897 βλαπτόμενοι
913 2846 1129 2898 ξύμπαντες

243 2907 520 2958 κινδυνεύομεν.
573 2910 696 2950 Gebh.

300 2973 382 3019 Qui
424 2976 507 3012 tum
542 2985 702 3013 summae
737 2974 894 3024 imperii
935 2975 1126 3027 praeerat]

242 3036 567 3078 Atheniensium
588 3041 632 3076 et
642 3037 936 3079 Themistoclis
950 3050 1125 3078 conces-

241 3113 316 3149 su;
348 3105 395 3139 ut
415 3104 562 3138 narrat
590 3098 836 3138 Herodotus
867 3100 939 3139 lib.
960 3112 1061 3141 vm.
1082 3102 1123 3141 in

241 3163 479 3214 principio:
529 3160 599 3207 τὸν
636 3160 678 3201 δὲ
714 3162 940 3214 στρατηγὸν
971 3164 1042 3204 τὸν
1076 3163 1124 3203 τὸ

238 3225 428 3276 μέγιστον
440 3226 579 3278 κάρτος
589 3226 735 3276 ἔχοντα
746 3226 981 3279 παρείχοντο
994 3231 1122 3281 Σπαρ,

239 3291 386 3339 τιῆται,
416 3290 650 3340 Εὐρυβιάδεα
688 3291 759 3331 τὸν
789 3291 1059 3345 Εὐρυκλείδεω·
1087 3294 1124 3333 οἶ

239 3352 318 3404 -γὰρ
335 3351 534 3403 σύμμαχοι
549 3353 618 3393 οὐκ
638 3351 802 3404 ἔφασαν,
822 3354 870 3402 ἢν
881 3354 936 3404 μὴ
954 3356 976 3395 ὁ
987 3354 1123 3396 Λάκων

238 3414 704 3470 ᾖγεμονεύῃ,Ἀθηναίοισι
717 3415 875 3469 ἕψεσθαι
885 3418 1119 3471 στράτευμα.

239 3479 419 3528 Lambin.
442 3480 607 3532 Longvl.
637 3482 696 3527 Et
717 3482 976 3528 Plutarchus
997 3483 1122 3537 dicit,

663 318 841 357 No'rAE
881 318 1214 360 VARIORUM
1257 320 1320 360 IN
1365 322 1418 362 C.
1458 322 1722 364 NEPOTIS

1221 437 1416 491 Graecos,
1451 440 1722 493 maximeque
1755 439 2104 484 Lacedaemonios

1218 501 1455 554 Eurybiadi
1521 503 1744 555 imperium
1808 504 2104 547 demandasse.

1217 565 1413 606 Justinus
1460 567 1716 619 Eurybiadis
1763 579 1845 608 non
1890 568 2103 609 meminit.

1218 627 1396 677 Magius.

1273 690 1397 735 Quem
1411 703 1527 743 quum
1547 693 1690 743 minus,
1702 691 1791 744 εμπ]
1823 693 2005 733 Causam
2026 694 2102 734 ad-

1215 752 1278 792 dit
1293 753 1455 794 Herod.
1473 755 1514 794 in
1531 756 1744 808 principio
1759 756 1916 796 Octav.
1936 757 2099 808 Longol.

1134 830 1137 833 ·
1215 815 1472 856 Plutarchus
1488 818 1564 868 ait,
1583 819 1876 871 Eurybiadem
1898 819 2095 860 timidum

1214 876 1499 931 ignavumque
1525 878 1660 920 fuisse
1683 882 1725 921 in
1747 881 1954 922 adeundis
1981 883 2097 934 peri-

1214 941 1336 992 culis,
1346 947 1391 982 et
1401 941 1498 983 ideo
1508 943 1621 984 intra
1632 944 1843 984 Isthmum
1853 957 1948 986 cnm
1960 946 2098 999 copiis

1213 1017 1259 1044 se
1279 1005 1475 1058 recipere
1496 1006 1756 1048 decrevisse.
1783 1008 1959 1059 Magius.
2005 1009 2098 1051 Ad·

1213 1067 1266 1107 de
1283 1068 1492 1108 AElianum
1515 1081 1620 1110 xm.
1641 1074 1705 1110 10.
2075 1088 2081 1097 ·

1264 1132 1329 1171 De
1345 1132 1469 1172 servis
1497 1133 1595 1184 suis,
1621 1146 1732 1185 quem
1749 1133 1885 1174 habuit
1902 1134 2098 1188 fidelissi-

1209 1194 1333 1246 mum]
1354 1195 1438 1236 Qui
1453 1202 1546 1236 erat
1561 1198 2097 1245 Eunuchus,et=renaa⁸ev

1207 1257 1468 1310 παιδαγωγὸς,
1479 1259 1648 1300 nomine
1664 1261 1882 1313 Syciuuus.
1900 1262 2092 1315 Polyaen.

1210 1321 1253 1359 in
1266 1322 1540 1364 Themistocl.
1557 1324 1714 1365 Comm.
1732 1325 1800 1365 lib.
1819 1337 1849 1366 1.
1863 1329 1899 1366 2.
1929 1324 2093 1380 Νύκτωρ

1205 1382 1276 1423 τὸν
1305 1383 1488 1427 Σύκιννον
1502 1387 1643 1427 τοῦτον
1670 1388 1720 1428 ὥς
1738 1387 1911 1434 βασιλέα
1933 1387 2091 1440 πέμπει.

1211 1447 1412 1490 Gebhard.
1462 1450 1686 1502 Captivus,
1705 1463 1863 1503 genere
1880 1453 2030 1505 Persa,
2045 1459 2093 1495 et

1205 1511 1481 1553 Themistocli
1518 1513 1725 1565 imprimis
1759 1515 1922 1556 charus.
1970 1516 2091 1570 Lege

1204 1575 1481 1618 Plutarchum
1500 1583 1545 1618 et
1565 1578 1812 1618 Frontinum
1830 1579 1962 1620 Strat.
1978 1590 2026 1621 ιι.
2043 1582 2089 1620 2.·

1206 1639 1451 1680 Herodotus
1485 1641 1596 1681 hunc
1633 1639 1786 1689 οἰκέτην
1825 1648 1966 1693 vocat,
1997 1654 2093 1683 ver-

1203 1706 1438 1758 nam,quod
1456 1706 1712 1747 Laurentius
1727 1707 1853 1746 Valla
1871 1707 1982 1748 male
2000 1719 2089 1747 con·

1204 1769 1442 1809 tubemalem
1477 1769 1619 1811 vertit.
1663 1770 1824 1820 Longol.
1853 1770 1967 1821 Mag.
2015 1768 2087 1811 Ab

1201 1833 1279 1873 hoc
1300 1833 1486 1885 Sycinno
1506 1833 1575 1872 vel
1602 1832 1774 1872 Sicinno
1798 1833 1997 1884 barbaro,
2015 1833 2089 1887 qui

1200 1896 1427 1936 liberorum
1473 1895 1770 1936 Themistoclis
1819 1895 2087 1950 paedagogus

1200 1959 1298 2011 fuit,
1312 1960 1431 2000 dicta
1445 1967 1511 2000 est
1523 1960 1696 2000 sicinnis
1715 1961 1901 2002 saltatio.
1922 1962 2088 2003 Metuit

1198 2025 1357 2064 astutia
1375 2037 1450 2064 sua
1474 2025 1588 2064 inter
1607 2025 1746 2064 claros
1774 2024 1957 2065 Graeciae
1980 2037 2082 2078 pro-

1197 2093 1459 2139 pugnatores
1479 2087 1648 2127 illorum
1677 2093 1919 2139 temporum
1948 2088 2084 2129 nomi·

1195 2150 1297 2191 nari.
1356 2151 1454 2193 Quo
1481 2149 1588 2190 facit
1632 2151 1866 2190 Clementis
1894 2149 2082 2192 Alexan·

1194 2214 1307 2253 drini
1350 2215 1488 2255 locus:
1550 2213 1626 2253 Καὶ
1656 2215 1736 2254 τῶν
1771 2213 2082 2263 Θεμιστοκλέους

1192 2275 1338 2316 παίδων
1379 2278 1400 2316 ὁ
1430 2276 1680 2328 παιδαγωγὸς
1714 2276 1885 2319 Σίκιννος
1929 2277 2083 2328 οἰκέτης

1191 2339 1357 2394 ῥᾴθυμος
1383 2339 1442 2389 ἦν·
1481 2340 1681 2394 ὀρχεῖσθαι
1713 2341 1834 2393 φασὶν
1861 2340 1980 2382 αὐτὸν
2016 2341 2082 2383 καὶ

1193 2403 1413 2456 σικιννίζειν
1431 2402 1644 2457 εὑρηκέναι.
1688 2406 1854 2446 Casuub.
2070 2424 2073 2430 ·

1244 2471 1310 2510 Ad
1339 2482 1471 2520 regem
1500 2469 1630 2520 misit]
1675 2469 1727 2509 Id
1761 2475 1842 2519 est,
1872 2469 2078 2511 Xerxem.

1191 2532 1287 2573 Vid.
1323 2532 1487 2572 Herod.
1518 2544 1617 2573 vm.
1655 2533 1767 2574 Just.
1791 2543 1843 2573 ιι.
1879 2533 2074 2575 Frontin.

1191 2608 1240 2636 11.
1262 2599 1304 2637 2.
1340 2596 1530 2648 Polyaen.
1552 2595 1625 2635 lib.
1647 2607 1682 2636 1.
1725 2595 1887 2636 savaro.

1247 2661 1401 2709 qu'ore
1437 2672 1526 2699 cum
1562 2659 1693 2699 labore
1734 2663 1773 2698 et
1809 2659 2079 2712 longinquiore

1192 2728 1361 2775 tempore
1391 2723 1529 2763 bellum
1558 2721 1836 2774 confecturum,
1853 2734 1968 2774 quum
1993 2723 2077 2763 sin-

1187 2788 1301 2838 gulos
1320 2788 1534 2827 consectari
1564 2786 1787 2837 cogeretur]
1835 2786 1944 2827 Haec
1964 2797 2077 2839 pene

1191 2852 1340 2891 eadem
1374 2852 1520 2891 Front.
1551 2850 1739 2903 Strateg.
1771 2850 1844 2890 lib.
1862 2862 1913 2891 n.
1932 2853 1970 2891 2.
2000 2862 2075 2891 ex·

1191 2915 1334 2966 emplo
1377 2914 1456 2954 ult.
1514 2914 1527 2936 ‘
1566 2911 1934 2965 difficilioremque
1980 2925 2073 2954 rem

1191 2978 1330 3017 Xerxi
1368 2976 1570 3025 futuram,
1602 2977 1636 3015 si
1663 2976 1846 3026 singulas
1874 2976 2074 3017 civitates

1189 3040 1408 3082 obsidione
1437 3038 1778 3090 aggrederetur!
1833 3038 1993 3079 Eadem
2015 3039 2073 3080 de

1188 3115 1317 3143 causa
1334 3104 1508 3145 laetatur
1522 3102 1770 3142 Alexander
1787 3103 1963 3143 Darium
1979 3103 2073 3144 uni·

1188 3178 1330 3205 versas
1349 3165 1467 3216 regni
1498 3165 1609 3204 vires
1632 3164 1863 3204 discrimini
1884 3163 2072 3207 offerre:

1187 3231 1199 3251 ‘
1218 3230 1380 3281 Magno
1400 3240 1444 3268 se
1474 3234 1579 3267 aestu
1611 3228 1836 3267 liberatum
1860 3229 1937 3278 ait,
1954 3229 2071 3282 quod

1186 3292 1317 3332 liceat
1334 3304 1430 3331 cum
1452 3290 1645 3330 omnibus
1667 3291 1789 3331 Darii
1809 3291 1943 3342 copiis
1964 3303 2065 3333 con-

1186 3353 1361 3406 fligere3
1393 3355 1576 3394 veritum
1605 3366 1651 3395 se
1672 3355 1840 3404 longam
1862 3353 1960 3396 belli
1981 3366 2068 3395 mo-

1186 3429 1291 3468 ram,
1308 3417 1344 3456 si
1366 3417 1512 3458 Persae
1530 3416 1764 3457 exercitum
1781 3415 2023 3458 divisissent
2037 3418 2067 3469 ς’

1184 3479 1294 3534 apud
1313 3480 1473 3528 Justin.
1504 3478 1576 3523 lib.
1596 3489 1646 3523 11.
1668 3482 1732 3522 13.
1797 3477 1933 3523 Addit
1954 3491 2065 3534 proe-
