2306 3900
702 307 927 348 RERUM
972 280 1050 347 in-
1090 305 1461 347 vmtssonuM.

216 431 352 475 etiam-
367 432 475 482 xviii,
492 436 534 476 8.
560 444 705 474 novum
727 432 936 474 consilium
954 433 1048 475 eod.

219 501 337 528 sensu
372 488 487 530 dixit.
547 487 638 528 Nec
669 487 897 540 discrepant
949 489 1051 529 Mss.

220 542 360 582 Boecl.
378 542 490 583 Leid.
509 548 551 582 et
566 540 747 582 Bavarici
761 542 799 581 h.
821 541 870 596 l.)

165 594 367 636 Arsidaeus
382 597 485 636 filius
502 595 682 635 Datamis
709 595 786 641 xiv,
806 599 833 636 6

173 653 177 655 “
222 649 338 690 liores
367 650 470 692 libri.
513 650 608 690 Vid.
626 648 720 690 VV.
740 649 823 688 LL.

218 702 443 796 Aridaeusg(

163 753 387 798 Artabanus
444 770 571 797 erxem
589 755 774 797 interficit
801 756 879 804 xxi,
899 760 922 797 1

163 810 382 851 Artabazus
424 811 615 851 Pharnaci
634 811 679 850 F.
697 810 883 865 Thucyd.
899 816 937 852 1.
966 810 1050 852 He-

218 865 347 908 rodot.
366 869 406 907 9.
444 878 468 905 a
484 865 614 906 Xerxe
629 866 680 905 ad
697 865 868 905 Pausan.
889 865 1053 906 mittitur

218 917 274 966 iv,
292 923 319 960 2

162 969 430 1024 Artaphernes
475 972 589 1013 classi
618 971 829 1026 praeficitur
858 986 884 1013 a
926 971 1052 1014 Dario

218 1026 247 1074 i,
267 1030 293 1067 4

162 1077 394 1120 Artaxerxes
416 1079 641 1122 Macrochir
658 1079 746 1135 (rex
766 1080 898 1135 Pers.)
928 1081 1006 1128 xxi,
1026 1084 1050 1123 1

218 1133 486 1186 pulcherrimae
518 1136 691 1187 corporis
724 1136 858 1175 formae
893 1135 1052 1176 laudem

216 1189 351 1236 habet,
393 1189 490 1228 ibid.
552 1188 782 1229 fortissimus
832 1189 1051 1237 Persarum,

215 1240 313 1281 ibid.
341 1243 475 1282 morbo
494 1243 667 1290 moritur,
685 1242 783 1282 ibid.
810 1242 966 1283 veniam
982 1245 1053 1283 dat

214 1294 471 1336 Themistocli
504 1297 556 1335 ad
585 1310 626 1336 se
659 1296 832 1337 venienti
858 1298 901 1344 ii,
928 1302 968 1338 9.
999 1301 1052 1340 10

161 1351 1050 1458 Αιῖἶξῖἑΐῖἓὲὲῗηῖἳῗῖἷὶῑῖἓ“ῗ.ξ,“ἰ>1.ῗ..)

215 1458 335 1506 xxi,2
372 1457 540 1511 justifiae
558 1458 663 1497 fama
680 1458 826 1505 floruit,
843 1457 942 1498 ibid.
971 1460 1050 1499 AE·

216 1511 366 1566 gyptiis
411 1511 558 1552 bellum
590 1512 767 1552 illaturus
809 1512 1050 1564 Iphicratem

215 1565 404 1607 exercitui
434 1565 610 1620 praefecit
636 1567 690 1612 xi,
727 1571 754 1607 2
797 1566 881 1606 obit
897 1565 989 1614 xxi,
1021 1570 1048 1608 2

215 1621 324 1672 apud
342 1633 433 1660 eum
446 1632 606 1660 numero
621 1620 756 1661 militis
771 1621 850 1660 fuit
859 1620 1049 1661 Datames

215 1673 296 1723 xiv,
318 1678 341 1715 1

158 1725 390 1768 Artaxerxes
408 1728 489 1768 duo
516 1727 596 1775 xxi,
616 1731 639 1769 1

159 1781 410 1822 Artemisium
441 1779 771 1836 (promontorium
797 1779 960 1824 Euboeae
977 1783 1050 1823 de-

218 1836 352 1890 script.
387 1849 413 1876 a
448 1836 650 1878 Plutarch.
683 1835 729 1876 in
762 1835 1049 1892 Themistocle)

213 1888 258 1937 ii,
277 1894 302 1932 3

158 1941 320 1984 Artibus
338 1943 497 1997 optimis
511 1944 706 1985 eruditum
733 1956 823 1991 xxv,
847 1948 897 1986 12

159 1997 342 2040 Artifices
368 1998 438 2046 xii,
458 2003 481 2040 1
529 2012 629 2052 quos
655 1997 785 2038 cultus
813 1997 1051 2040 domesticus

213 2052 412 2094 desiderat
437 2066 527 2100 ην,
555 2049 613 2094 13‘
635 2052 711 2107 (ad
739 2053 981 2105 voluptatem
1010 2061 1052 2094 et

213 2105 364 2147 lucrum
382 2106 511 2147 locata
523 2120 658 2148 eorum
675 2119 824 2159 opera„
861 2107 963 2158 Sunt
979 2121 1051 2148 au·

213 2165 294 2201 tem
311 2160 508 2214 ejusmodi
528 2174 725 2201 servorum
738 2161 922 2201 nomina:
953 2161 1051 2202 Gla·

213 2214 400 2263 diatores,
418 2215 640 2268 agitatores,
658 2214 892 2263 funambuli,
911 2217 1051 2269 palaes-

215 2268 332 2316 tritae,
364 2269 548 2321 pictores,
585 2269 801 2316 caelatores,
846 2269 920 2309 διο.
968 2270 1050 2311 vid.

210 2321 330 2379 Laut.
349 2322 395 2362 Pi
426 2336 508 2363 nor.
522 2323 574 2363 de
591 2323 724 2363 servis.
752 2322 932 2363 Boecler.
961 2324 1051 2365 Cic.

214 2389 286 2430 pro
303 2376 394 2417 Sex.
478 2377 574 2417 scio.
586 2390 622 2418 c.
639 2380 709 2418 41.
738 2381 750 2400 ’
769 2377 944 2418 omnium
957 2378 1051 2418 arti-

213 2443 280 2470 um
298 2429 494 2484 puerulos’
511 2431 632 2485 dixit)

156 2483 239 2525 Arx
274 2485 519 2526 Athenarum
558 2498 599 2532 V,
635 2488 663 2525 2
704 2483 942 2537 Simpliciter
979 2499 1048 2526 arx

213 2538 358 2579 dicitur
383 2539 427 2586 ii,
446 2543 472 2580 2
514 2537 601 2590 (De
632 2551 681 2577 ea
716 2539 818 2591 plur.
848 2539 1049 2580 Meursius

211 2592 363 2699 ἰιιιῗςῐο
381 2592 495 2640 libro,
508 2605 625 2646 quem
638 2591 871 2646 Cecropiam
884 2592 1051 2648 inscrip-

214 2647 264 2685 sit

158 2699 240 2740 Arx
259 2698 409 2739 munita
426 2700 477 2740 ad
497 2699 632 2740 urbem
649 2699 906 2741 obsidendam
937 2714 1003 2750 xx,
1021 2704 1047 2744 3

211 2753 324 2808 (mox
338 2768 355 2794 s
365 2753 704 2808 propugnaculum
722 2755 955 2808 tyrannidis,
974 2755 1048 2796 im-

213 2807 343 2861 posita
379 2809 596 2849 cervicibus
629 2808 748 2855 urbis,
785 2815 831 2848 ut
874 2809 1049 2863 loquitur

213 2862 370 2903 Curtius
385 2861 454 2910 vii,
471 2866 513 2910 7,
530 2866 569 2904 1.
597 2869 639 2902 et
655 2876 743 2916 cap.
761 2866 802 2904 6.
819 2863 1047 2905 ‘claustrum

212 2916 534 2969 perdomitorum'
559 2923 720 2957 vocatur
751 2918 842 2958 urbs
859 2918 977 2958 simili
995 2920 1048 2960 de

188 2969 192 2974 ’
213 2983 333 3010 causa
346 2971 519 3011 condita.
530 2970 626 3012 Tac.
639 2970 736 3025 Agr.
755 2971 837 3021 xvi,
850 2976 873 3014 l
891 2973 1047 3014 ‘sedem

213 3024 409 3064 servitutis
426 3025 639 3066 memorat.'
657 3023 818 3080 Boecl.)

161 3076 243 3117 Arx
264 3078 403 3130 oppidi
433 3079 513 3126 xvi,
533 3084 556 3121 1

158 3130 386 3172 Ascendere
402 3131 566 3185 gradum
590 3145 681 3173 eum
707 3132 780 3189 (ad
798 3146 889 3174 eum
919 3134 1047 3174 hono·

213 3184 316 3237 rem)
326 3185 404 3232 xix,
423 3189 451 3227 2
464 3185 544 3239 (sic
562 3192 604 3226 et
618 3186 705 3229 Cic.
724 3200 794 3240 pro
808 3188 919 3227 Mur.
931 3194 973 3228 et
984 3189 1046 3228 of-

217 3239 284 3280 fic.
301 3243 342 3281 2.
361 3239 434 3278 sub
451 3239 521 3279 fin.
552 3239 713 3294 Lamb.)
729 3254 866 3281 navem
882 3242 945 3296 (in
963 3241 1046 3282 Ms.

212 3291 327 3333 Leid.
358 3292 426 3332 ubi
442 3293 581 3348 reliqui
597 3293 759 3340 habent,
776 3300 788 3318 ‘
798 3294 1047 3348 conscend.')

213 3347 322 3394 xxiii,
340 3350 366 3387 ⁷
394 3347 436 3385 in
455 3361 594 3388 navem
621 3346 664 3394 ii,
680 3350 706 3387 8
746 3347 808 3399 (ἰιι
825 3348 920 3388 edd.
938 3348 1047 3401 vulg.

214 3399 293 3440 Sed
309 3400 373 3464 ibi·
383 3400 464 3441 vid.
482 3401 562 3455 leg.
581 3407 593 3426 ⁸
609 3400 880 3454 descendere’)
897 3401 938 3440 in
955 3402 1047 3442 trie-

103 3560 106 3562 *
160 3457 575 3570 Affqexzssimem
603 3508 688 3565 (jus
719 3507 902 3560 civitatis,
920 3508 1045 3551 civem

215 3558 321 3612 fien)
346 3574 432 3609 xxv,
446 3565 471 3602 8
572 3579 578 3585 ·

895 593 951 635 sic
971 608 1051 635 me-

923 649 972 690 iis
991 656 1053 690 est

1924 306 2013 346 ΧΥ

1113 432 1274 475 Ascitus
1310 431 1422 487 lepor
1456 428 1692 487 (opponitur
1726 425 1886 485 nativo)
1912 442 2007 481 xxv,

1112 541 1260 581 Asellis
1275 539 1457 593 (piscib.)
1476 538 1569 578 olim
1583 538 1784 593 praecipua
1797 539 2010 580 auctoritas

1169 594 1234 648 (in
1253 593 1388 646 cibis),
1408 593 1470 632 Fr.
1500 597 1553 634 10

1112 646 1211 688 Asia
1225 646 1325 701 (una
1343 661 1366 686 e
1381 647 1470 686 trib.
1489 646 1586 686 Orb.
1610 653 1688 686 vet.
1707 645 1903 700 partibus)
1931 647 1960 695 i,
1975 652 2002 690 3

1166 701 1376 741 succubuit
1407 700 1575 753 Europae
1603 700 1652 754 (i.
1676 714 1713 740 e.
1735 700 1910 740 Asiatica
1929 702 2003 750 vis,

1169 755 1388 802 Persarum,
1421 754 1639 806 Europaeis,
1659 753 1885 794 Graecorum
1918 756 2008 796 viri·

1168 810 1256 856 bus,
1272 809 1492 849 succubuit.
1507 807 1668 861 Boecl.)
1687 808 1731 855 ii,
1747 813 1771 848 5
1792 807 1900 847 Asiae
1919 822 2007 861 pars

1167 863 1277 911 xviii,
1296 867 1321 904 3
1353 863 1435 916 ¹qui
1455 862 1591 903 Asiam
1618 861 1846 902 incolebant
1865 861 2007 904 Graeca

1168 917 1266 970 ling.
1285 917 1492 969 loquentes
1517 916 1547 965 i,
1566 920 1592 957 3
1637 916 1681 956 in
1699 915 1836 956 Asiam
1868 917 2010 959 transit

1167 971 1302 1011 Alcib.
1331 971 1399 1019 vii,
1418 975 1445 1013 9

1112 1021 1309 1077 Aspendii
1335 1024 1415 1072 xiv,
1435 1030 1461 1067 8

1112 1077 1283 1132 Aspergi
1309 1079 1471 1119 infamia
1497 1078 1566 1127 vii,
1585 1081 1611 1120 3
1655 1077 1740 1134 (Sic
1759 1084 1800 1120 et
1817 1078 1905 1121 Cic.
1930 1093 2004 1133 pro

1167 1133 1267 1174 Coel.
1290 1147 1378 1186 cap.
1401 1138 1465 1174 10.
1487 1139 1623 1186 ‘asper
1652 1133 1861 1173 immone?
1894 1134 2008 1176 Curt.

1168 1201 1206 1235 x,
1228 1192 1281 1228 10
1309 1192 1322 1211 ‘
1334 1187 1600 1235 contumelia:
1618 1147 1780 1240 Apulei.
1808 1187 1870 1242 8.)

1111 1239 1315 1293 Asperitas
1359 1241 1611 1296 (difficillima
1669 1249 1822 1289 natura,
1868 1243 2006 1295 quales

1167 1294 1353 1337 δύσκολοι
1389 1301 1580 1336 vocantur
1623 1294 1794 1350 Graecis)
1847 1311 1941 1344 ην,
1965 1303 2003 1339 ’ὅ

1136 1395 1138 1397 ,
1164 1349 1346 1403 (disting.
1363 1363 1389 1388 a
1423 1350 1644 1396 severitate,
1677 1349 1793 1402 cujus
1824 1363 2005 1392 excessus

1166 1410 1250 1443 est:
1271 1418 1309 1443 ν.
1329 1403 1508 1444 Boecler.
1521 1403 1614 1442 Ind.
1627 1402 1801 1456 Vellei.)
1978 1420 1984 1425 ·

1108 1454 1323 1510 Aspernari
1341 1457 1608 1498 conditionem
1626 1456 1826 1511 (recusare
1852 1459 2006 1510 pactio·

1164 1510 1279 1565 nem)
1307 1525 1346 1559 ν,
1367 1515 1390 1552 1
1431 1517 1660 1564 aspernatur
1683 1524 1835 1565 pauper
1851 1512 2005 1567 (despi-

1165 1566 1280 1613 citur,
1299 1565 1486 1619 passive),
1505 1565 1570 1605 Fr.
1588 1571 1612 1606 5

1108 1617 1299 1672 Aspicere
1318 1621 1423 1660 hunc
1449 1620 1492 1660 in
1523 1620 1609 1660 acie
1640 1632 1757 1660 nemo
1784 1632 1901 1660 ausus
1927 1620 2006 1662 fuit

1165 1671 1455 1727 (ἀντιβλέπειν,
1510 1673 1817 1726 ἀντοφθαλμεῖν,
1867 1676 2006 1716 erectis

1165 1733 1208 1766 et
1231 1728 1415 1768 irretortis
1433 1728 1558 1768 oculis
1576 1729 1733 1767 intueri.
1749 1728 1909 1782 Lamb.)
1934 1743 2006 1778 xv,

1163 1784 1192 1822 8
1231 1782 1430 1836 aspiciunt
1443 1783 1550 1823 hunc
1575 1782 1718 1822 milites
1737 1781 2004 1838 (reverentur)

1162 1834 1232 1882 xii,
1249 1839 1276 1876 4
1311 1842 1474 1889 aspectu
1502 1836 1515 1876 i
1547 1849 1591 1876 so
1608 1836 1732 1877 cuivis
1750 1835 1913 1889 injicere
1931 1838 2003 1877 ad-

1163 1889 1410 1931 mirationem
1428 1890 1491 1931 sui
1515 1850 1588 1945 fob
1608 1891 1772 1930 formam
1792 1890 2005 1944 imperato·

1167 1942 1262 1983 riam
1280 1943 1388 1998 scil.)
1415 1945 1470 1993 xi,
1488 1948 1513 1986 3

1115 1994 1232 2050 Aspis
1245 1997 1468 2052 (Cataoniae
1487 1997 1698 2053 dynastes)
1723 1998 1802 2046 xiv,
1820 2002 1848 2040 4

1111 2049 1326 2104 Asportare
1340 2066 1412 2092 sua
1429 2053 1560 2106 aliquo
1590 2053 1707 2107 (illuc
1732 2050 1931 2107 conferre)
1958 2051 2006 2102 ii,

1168 2110 1194 2147 2
1223 2106 1373 2160 (Vetus
1386 2107 1677 2147 Onomasticon
1696 2107 1847 2147 Pricaeo
1861 2107 1902 2146 in
1919 2113 2006 2148 not.

1167 2159 1220 2199 ad
1239 2160 1361 2212 Apul.
1374 2174 1415 2213 p.
1427 2165 1523 2203 209.
1552 2161 1752 2201 laudatum
1771 2176 1782 2200 z
1809 2160 2003 2214 Asporta-

1167 2226 1223 2261 re,
1255 2213 1448 2269 ἑμφέρειν.
1505 2215 1568 2256 Cl.
1604 2215 1783 2256 Vorstius
1819 2215 2006 2265 malebat,

1166 2266 1353 2323 ἐκφέρειν.
1425 2269 1669 2310 Glossarium
1696 2283 1707 2309 ε
1773 2270 2005 2321 asportavit,

1166 2322 1456 2376 ἐξεφορήσατο.
1472 2329 1682 2377 'asportare
1694 2323 1841 2376 aliquid
1856 2324 2004 2364 secum'

1165 2376 1208 2416 in
1228 2377 1309 2417 Ms.
1326 2379 1479 2418 Schott.
1496 2384 1539 2418 et
1555 2391 1596 2431 q.
1613 2379 1709 2419 edd.
1736 2377 1845 2425 xxiii,
1863 2382 1904 2419 9.
1932 2379 2003 2418 sed

1165 2429 1243 2483 leg.
1262 2438 1324 2472 est
1338 2432 1533 2473 ‘ducere.'
1553 2446 1592 2472 v·
1622 2439 1707 2472 not.
1739 2431 1805 2472 Sic
1823 2445 1860 2472 a.
1878 2438 1920 2472 et
1937 2432 2006 2473 alii

1165 2485 1324 2537 passim.
1344 2487 1395 2527 de
1409 2499 1489 2539 quo
1507 2486 1627 2526 adisis
1641 2486 1774 2526 Vorst.
1792 2486 1845 2526 de
1869 2486 2002 2526 Latin.

1166 2551 1261 2578 mer.
1278 2552 1387 2593 susp.
1406 2553 1442 2580 c.
1461 2537 1550 2590 14.)

1111 2589 1274 2632 Assecla
1293 2594 1465 2646 praetoris
1484 2592 1559 2647 (de
1577 2592 1708 2645 legato
1728 2590 1836 2646 ejus)
1864 2605 1955 2641 xxv,
1970 2596 2000 2634 6

1189 2645 1255 2686 Sic
1290 2652 1303 2670 ‘
1317 2647 1475 2688 asseclae
1525 2645 1770 2699 legatorum,'
1828 2646 1915 2688 Cic.
1957 2646 2000 2686 in

1205 2713 1276 2740 err.

1109 2699 1350 2795 Assimulzrre
1404 2754 1732 2795 consuetudinem
1788 2760 2002 2795 castrorum

1165 2807 1298 2862 (factis
1345 2821 1402 2849 sc.
1443 2815 1656 2849 castrorum
1699 2808 1777 2850 ritu
1822 2807 2002 2863 ignibus)

1167 2860 1279 2910 xviii,
1298 2866 1325 2903 9

1111 2914 1214 2956 Astu
1234 2916 1438 2971 (Graecum
1456 2922 1516 2957 est
1532 2915 1650 2970 ἄστυ,
1670 2916 1776 2964 urbs,
1790 2916 2001 2969 oppidum,

1166 2971 1218 3011 de
1235 2970 1402 3011 Athenis
1426 2971 1672 3024 peculiariter
1698 2978 1740 3011 et
1760 2971 1900 3023 ἑξοχῆς
1922 2970 1999 3011 ritu

1163 3025 1335 3076 dictum)
1351 3024 1394 3074 ii,
1407 3028 1448 3066 4.
1466 3025 1534 3072 vii,
1550 3030 1577 3067 6
1594 3027 1651 3080 (v.
1663 3024 1842 3078 Interpp.
1861 3026 1912 3064 ad
1923 3025 2000 3063 Te·

1164 3086 1264 3119 rent.
1283 3079 1387 3119 Eun.
1417 3092 1454 3127 v,
1471 3084 1512 3127 6,
1532 3083 1596 3120 17.
1643 3079 1774 3118 Savar.
1792 3079 1842 3117 ad
1861 3078 1998 3117 Sidon.

1165 3136 1205 3174 l.
1225 3147 1291 3187 ep.
1309 3138 1350 3174 6.
1377 3133 1494 3174 Voss.
1505 3133 1637 3173 Instit.
1656 3132 1767 3172 Orat.
1793 3132 1849 3178 iv,
1870 3134 1936 3177 10,
1954 3135 1998 3178 6,

1165 3186 1241 3227 διο.
1269 3187 1364 3226 Non
1383 3187 1575 3227 contineri
1595 3193 1725 3225 tamen
1744 3186 1820 3224 hoc
1838 3183 1998 3225 nomine

1164 3240 1200 3279 P
1231 3254 1388 3287 raeeum,
1403 3247 1539 3280 censet
1555 3239 1711 3279 Buchn.
1723 3237 1864 3293 Thes.)

1113 3254 1232 3347 Asyii
1252 3291 1528 3347 (periphrasis)
1555 3293 1609 3339 iv,
1629 3296 1656 3333 4

1109 3346 1351 3387 Athamanes
1379 3346 1497 3400 (gens
1532 3345 1733 3400 Epirotica
1762 3343 1998 3387 Acarnania

1164 3407 1207 3441 et
1223 3400 1384 3440 AEtoliae
1404 3400 1548 3440 vicina.
1600 3400 1667 3441 Sic
1683 3399 1789 3440 enim
1819 3399 1898 3454 leg.
1921 3406 1998 3449 est,

1165 3467 1246 3494 non
1264 3453 1514 3507 Acarnanes)
1543 3453 1627 3502 xiii,
1647 3457 1674 3496 2

1110 3508 1279 3550 Athenas
1296 3506 1439 3549 civitas
1455 3507 1665 3548 clarissima
1691 3506 1772 3556 viii,
1791 3510 1818 3548 2
1864 3506 1997 3558 splen-

1165 3562 1367 3604 didissima
1381 3562 1450 3612 vii,
1470 3567 1520 3605 ll
1550 3562 1799 3617 antiquitate,
1817 3560 1996 3601 humani·
