2306 3900
732 250 952 291 RERUM
997 250 1071 291 ΕΤ
1112 252 1479 294 VERBORUM.

188 367 458 424 Longinquius
472 378 624 424 tempus
638 372 837 426 (longius)
865 374 907 421 ii,
925 378 950 415 4
979 374 1064 427 (Sic

243 429 254 446 ‘
275 424 490 478 longinqua
519 426 775 478 oppugnatio’
801 439 868 478 ap.
897 428 998 468 Caes.
1025 433 1064 469 8.

242 476 330 517 civ.
368 482 435 520 80.
469 485 511 519 et
545 479 776 531 ap.,Eund.
813 486 823 502 ‘
850 480 984 532 longin
1013 495 1065 521 ua

241 533 499 580 consuetudo,
510 531 772 585 longinquitas
784 534 980 585 temporis'
1029 548 1064 574 c.

239 596 277 622 v.
296 584 470 626 Gronov.
489 586 638 628 observ.
665 586 720 634 iv,
739 585 813 635 11)

187 634 346 688 Longus
379 638 557 679 Tiberius
584 638 689 686 xxiii,
721 643 749 682 4
791 638 980 694 (collega
1015 640 1063 680 P.

197 731 202 736 ,
240 689 359 731 Corn.
375 691 569 745 Scipionis
587 691 704 746 Cos.)

187 741 340 795 toqui:
368 757 485 797 quem
514 744 678 797 turpiter
707 744 818 798 diligi
846 744 1062 798 loqueban-

238 802 301 837 tur
342 797 633 850 (perhibebant,
679 798 878 850 ferebant)
914 799 1010 846 xxii,
1036 802 1060 839 3

236 849 347 903 loqui
364 850 504 892 Graeca
521 851 656 905 lingua
682 851 711 899 i,
726 856 768 893 8.
797 867 837 900 x,
854 856 875 892 1
906 851 1062 894 liberius

235 917 276 951 x,
294 907 320 944 7
347 905 485 945 fortius
511 919 627 958 quarn
647 918 819 958 pugnare
850 905 931 952 viii,
949 909 976 946 2
1003 906 1061 946 fa-

234 963 338 1020 cete.
366 958 545 1006 breviter,
573 966 688 1001 acute
706 960 779 1012 (de
799 959 904 1011 jocis
919 965 962 998 et
978 958 1059 998 dic-

182 1011 503 1110 Ιοιῐῖἓὲζέιιῖἑωό
512 1064 568 1112 xi,
588 1069 609 1106 1

182 1117 306 1157 lotus
320 1118 448 1165 arbor,
467 1117 529 1158 Fr.
550 1122 603 1160 10

182 1171 332 1218 Lucani
348 1171 441 1224 (pro
452 1171 610 1224 regione
621 1170 794 1224 Lucan.)
821 1170 931 1219 xxiii,
947 1176 970 1212 5
1000 1171 1062 1225 (v.

235 1223 370 1278 Gens)

182 1276 333 1322 Lucide
366 1278 408 1318 id
445 1284 610 1330 apparet
644 1277 896 1330 (perspicue)
937 1279 1014 1324 xvi,
1035 1282 1055 1318 1

192 1375 193 1378 Ἴ
232 1331 312 1383 (sic
330 1330 458 1372 Cicer.
476 1335 516 1375 2.
534 1331 586 1371 de
604 1331 715 1371 Orat.
743 1336 756 1355 ¹
776 1332 909 1372 lucide
937 1332 1059 1372 brevi-

234 1392 371 1436 terque
389 1384 540 1436 aliquid
561 1383 762 1437 definire’)
784 1426 786 1432 ,

180 1436 382 1482 Lucretius
410 1450 500 1484 xxv,
521 1442 573 1481 12
600 1437 752 1491 (Poeta
767 1437 926 1489 ingenio
943 1444 984 1479 et
1000 1438 1059 1478 fa-

232 1491 378 1535 cundia
390 1491 630 1543 praecellens.
642 1504 679 1530 v.
694 1490 800 1531 Gen.
830 1491 940 1538 i,21.
966 1492 1058 1533 add.

233 1543 369 1584 Barth.
386 1544 554 1589 Advers.
572 1544 643 1591 42,
661 1547 729 1587 26.
747 1549 790 1584 et
805 1547 875 1591 43,
892 1544 942 1596 2)

180 1598 376 1647 Lucrum:
404 1597 475 1638 ille
490 1598 668 1638 universa
696 1597 806 1650 (quae
834 1597 1059 1638 Alcibiades

233 1650 337 1693 bello
367 1651 657 1714 Peloponnesio
686 1652 878 1713 gesserat)
894 1650 1061 1691 naturali

233 1705 670 1811 ἓθῖἒέἳῗαῗεξοιὲἕῑιῖζοῖὶ
696 1703 1059 1810 ἰέῗξῗᾌῖῗιὲἔέῗ

234 1818 317 1852 turn
347 1817 421 1858 est,
450 1817 495 1851 ut
510 1812 601 1863 ipsi,
619 1825 674 1851 sc.
690 1810 951 1863 Thrasybulo,
978 1824 1059 1850 non

231 1864 448 1911 Alcibiadi,
467 1865 630 1917 collegae
648 1864 749 1915 ejus,
769 1865 955 1916 praeclare
972 1877 1058 1916 ges·

232 1924 275 1958 ta
291 1918 560 1967 tribuerentur.
615 1917 789 1958 Omnino
807 1918 912 1958 enim
926 1916 976 1959 τὸ
993 1918 1058 1957 ille

231 1971 517 2024 Thrasybulum
545 1971 677 2013 refert.
733 1971 916 2012 Ceterum
947 1978 1061 2023 putat

230 2025 273 2064 h.
291 2023 318 2064 l.
352 2025 422 2066 Vir
437 2025 578 2067 doctus
605 2031 616 2049 ⁸
640 2025 789 2077 aliquid
820 2025 1056 2065 lucrifacere’

233 2078 315 2119 dici
345 2091 416 2132 pro
445 2084 456 2101 ‘
475 2078 602 2120 facere
627 2078 775 2118 lucrum
794 2078 960 2129 alicujus
978 2078 1059 2117 rei!

231 2131 380 2175 Verum
397 2132 494 2184 quid
528 2145 628 2184 opus
654 2132 742 2173 est?
797 2132 940 2171 Malim
970 2133 1061 2170 sub-

233 2185 369 2229 audire
407 2191 418 2209 ‘
441 2186 551 2231 rem‚’
592 2184 654 2223 vel
683 2184 845 2225 similem
873 2186 1062 2225 accusati-

235 2251 341 2285 vum,
358 2237 484 2291 qualis
502 2244 543 2282 et
562 2238 603 2277 in
621 2237 706 2278 aliis
725 2237 918 2290 ejusmodi
939 2243 1063 2277 struc-

231 2292 326 2336 turis
358 2292 447 2333 κατ’
476 2290 656 2343 ἔλλειψιν
690 2291 938 2332 subtrahitur.
993 2291 1064 2330 Est

231 2345 338 2386 enim
369 2345 410 2386 in
443 2344 511 2389 illa
546 2345 747 2386 locutione
774 2349 787 2367 ‘
806 2343 923 2384 facio’
960 2343 1063 2383 aesti-

228 2397 368 2439 mandi
395 2399 568 2446 verbum,
596 2398 699 2439 sicut
719 2403 763 2438 et
793 2397 834 2438 in
853 2398 914 2436 his
931 2396 1062 2438 Plaut.

230 2451 409 2494 Mostell.
447 2451 538 2498 i‚.l,
565 2456 618 2493 67
657 2457 669 2475 ‘
689 2451 874 2496 orationis
905 2463 1061 2501 operam

196 2504 664 2598 *uadatus
679 2503 902 2608 essu
921 2507 1061 2608 ‘aas

233 2611 339 2652 Nam
369 2615 412 2649 et
442 2610 530 2652 heic
561 2610 728 2650 subaud.
756 2615 768 2633 ⁴
789 2609 897 2656 rem,’
928 2609 992 2649 vel
1011 2610 1061 2650 si·

236 2664 327 2704 mile
346 2661 467 2715 quid)

183 2717 392 2759 Luctando
409 2717 578 2756 exerceri
605 2729 673 2762 xv,
693 2719 720 2759 2

183 2775 230 2815 L.
249 2769 438 2811 Lucullus
463 2783 555 2817 xxm
574 2775 614 2810 5.
642 2769 705 2809 Fr.
724 2772 752 2810 9

180 2827 311 2866 Lucus
328 2823 478 2864 incerto
497 2835 591 2864 casu
609 2835 797 2862 accensus
825 2821 856 2868 i,
874 2826 899 2863 ⁷

179 2878 348 2926 Lumina
365 2877 564 2919 oculorum
582 2876 677 2938 (pro
697 2874 843 2928 oculis)
870 2889 935 2923 xx,
954 2880 980 2917 4

179 2933 295 2985 Lupo
378 2930 471 2982 isci)
503 2942 701 2982 proectpua
718 2929 926 2970 auctoritas
944 2929 986 2970 in
1005 2930 1060 2970 ci—

235 2985 308 3033 bis.
357 2997 385 3027 r·
406 2987 458 3026 1⁰

180 3038 359 3083 Lutatius
377 3036 426 3078 C.
442 3036 547 3076 fudit
564 3036 749 3088 Carthag.
777 3035 870 3082 xxii,
892 3038 911 3076 l

181 3091 352 3134 Luxuria
383 3089 580 3142 pullulans
615 3103 655 3130 re
686 3090 859 3130 timenda
897 3088 999 3135 xxiv,
1033 3091 1060 3128 2

234 3142 386 3185 luxuria
418 3148 622 3183 enervatur
702 3142 800 3182 ‘onis
836 3142 937 3183 filius
982 3141 1059 3197 (sc.

234 3195 457 3251 peringens
474 3196 528 3238 fla
555 3195 666 3247 ‘tium
693 3194 992 3248 dominationis)
1018 3208 1057 3242 x,

232 3256 259 3294 4
289 3248 479 3291 luxuriam
506 3248 533 3288 li
584 3260 710 3288 rorum
735 3248 838 3288 alere
855 3255 973 3301 atque
990 3261 1059 3289 au-

235 3317 326 3358 gere
345 3303 423 3343 suis
443 3301 628 3354 impensis
654 3301 736 3347 xix,
755 3304 778 3342 1

184 3357 401 3401 Luxuriose
418 3355 547 3395 vivere
572 3353 642 3401 vii,
662 3357 712 3396 11

181 3411 314 3463 Lycus
383 3415 465 3449 ater
482 3407 603 3447 Thras
635 3405 738 3458 buli)
768 3405 848 3453 viii,
872 3410 893 3447 1

183 3464 339 3518 Lyco(
364 3421 630 3517 yracusanusg
654 3474 692 3508 x,
711 3463 737 3501 ⁰

1908 245 2005 301 xci

1129 374 1235 428 Lydi
1263 376 1341 422 xiv,
1360 380 1387 416 8

1128 428 1258 481 Lydia
1275 429 1404 483 (regio
1421 429 1550 482 Asiae)
1578 428 1631 474 ix,
1649 431 1690 468 2.
1719 427 1799 475 xiv,
1816 431 1843 468 2

1128 481 1332 534 Lysander
1380 481 1701 524 Lacedaemonius
1743 481 2005 522 Athenienses

1175 534 1260 586 jam
1279 535 1347 574 diu
1365 534 1407 574 in
1425 535 1733 588 Peloponnesios
1763 535 1908 576 bellum
1937 550 2005 588 ge-

1180 594 1310 627 rentes
1326 600 1419 628 casu
1437 589 1599 628 conficit
1624 587 1676 634 vi,
1697 592 1719 630 l
1758 587 1851 628 hinc
1881 589 2006 628 elatus

1181 645 1222 680 et
1256 641 1512 681 dominationi
1550 654 1630 681 suae
1668 642 1830 681 studens
1866 641 2006 682 Xviros

1180 693 1386 733 constituit
1402 695 1558 747 passim,
1578 693 1676 734 ibid.
1716 693 1791 734 διο.
1819 707 1908 747 quae
1935 709 2006 747 po-

1182 751 1301 786 testas
1337 748 1490 787 sublata
1525 760 1675 788 rursum
1701 747 1753 794 vi,
1772 751 1798 788 3
1838 750 2005 790 crudelis

1179 806 1312 839 manet
1327 807 1368 840 et
1385 802 1555 852 perfidus
1581 802 1637 849 vi,
1655 804 1681 840 2
1698 807 1740 839 et
1756 805 1783 842 4
1811 814 1919 854 reges
1936 803 2006 841 ab·

1180 865 1314 905 rogare
1347 854 1517 902 molitur,
1544 855 1713 906 ideoque
1742 856 1898 894 oracula
1922 869 2006 895 cor-

1180 919 1356 958 rumpere
1374 907 1542 948 instituit
1567 909 1623 956 vi,
1642 911 1666 948 3
1700 907 1775 948 &c.
1813 909 1884 948 sed
1896 908 2009 960 judi-

1177 960 1241 998 cio
1271 960 1467 1008 liberatur,
1492 961 1588 1001 ibid.
1617 961 1786 1013 denique
1817 963 2008 1002 occiditur

1177 1014 2007 1127 agitems-⁰2:532.affletur

1178 1124 1301 1158 trusus
1333 1127 1374 1160 et
1405 1128 1545 1172 potens
1572 1122 1669 1170 xvii,
1690 1125 1711 1161 1
1743 1133 1870 1161 muros
1887 1121 2006 1162 diruit

1178 1171 1326 1212 Athen.
1354 1173 1406 1221 ix,
1424 1178 1451 1215 4
1997 1210 2001 1213 Α

1125 1225 1382 1318 ιςείιέξοὴυξ
1408 1227 1467 1321 igi,
1489 1232 1510 1268 l
1541 1228 1640 1268 alius
1668 1227 1774 1275 xviii,
1795 1231 1846 1269 10
1873 1228 2006 1281 praelio

1180 1291 1227 1318 ca
1256 1293 1269 1319 ι
1313 1294 1363 1319 xx

1125 1331 1240 1385 Lysis
1254 1293 1486 1374 Tarexiiinus
1499 1333 1788 1387 (Philosophus
1803 1335 2008 1388 Pythago-

1173 1397 1266 1478 geus
1293 1394 1334 1426 et
1361 1387 1645 1439 Epaminondae
1675 1387 1914 1441 praeceptor)
1941 1402 2005 1436 xv,

1123 1490 1230 1531 LLS.
1251 1505 1340 1540 xxv,
1350 1496 1377 1534 4
1392 1492 1799 1546 (Sestertiumantiqui
1810 1494 1869 1533 his
1883 1495 2007 1534 modis

1176 1545 1337 1597 exprim.
1368 1560 1442 1586 11s.
1477 1560 1545 1586 ns.
1579 1560 1669 1587 ιω.
1698 1547 1862 1586 duarum
1890 1546 2007 1587 libra-

1176 1611 1263 1638 rum
1275 1605 1317 1639 et
1333 1599 1502 1639 semissis
1515 1602 1748 1641 charactere.
1763 1600 2006 1654 superposita

1177 1650 1336 1698 lineola,
1382 1653 1585 1693 millenarii
1622 1653 1754 1694 index.
1789 1655 2006 1694 sestertium

1178 1705 1219 1744 in
1251 1713 1389 1746 neutro
1419 1706 1552 1759 signif.
1584 1707 1664 1746 vid.
1693 1707 1833 1747 Budae.
1851 1714 1893 1748 et
1909 1707 2006 1754 Gla-

1177 1771 1283 1798 rean.
1303 1760 1354 1799 de
1368 1772 1468 1799 asse.
1486 1760 1533 1799 it.
1558 1759 1748 1800 Henisch.
1779 1765 1820 1799 et
1846 1774 2005 1812 praeser-

1178 1811 1246 1850 tim
1279 1813 1431 1852 tabulas
1462 1812 1734 1866 Scioppiunas,
1763 1825 1861 1865 quas
1884 1815 1927 1854 in
1945 1813 2006 1853 in·

1178 1865 1268 1906 dice
1279 1865 1523 1906 Suetoniano
1537 1867 1868 1907 commendamus.
1912 1867 2005 1915 Eas,

1178 1919 1248 1958 sed
1266 1920 1317 1958 ad
1337 1920 1521 1960 veriorem
1540 1921 1775 1960 sententiam
1801 1927 2006 1969 correctas,

1178 1972 1257 2010 suis
1275 1973 1326 2011 de
1345 1973 1514 2024 pecunia
1532 1980 1662 2013 vetere
1681 1973 1786 2014 libris
1804 1974 2007 2026 subjunxit

1180 2025 1402 2131 Gr013ovius
1421 2040 1511 2079 pag.
1531 2031 1624 2068 889.
1645 2040 1754 2080 seqq.
1773 2042 1811 2068 v.
1829 2028 1900 2067 inf.
1916 2027 2004 2068 Ses-

1180 2085 1266 2118 tert.

1530 2240 1594 2279 M.

1123 2344 1369 2385 Macedones
1399 2345 1570 2385 veterani
1597 2345 1709 2392 xviii,
1728 2349 1780 2386 1⁰
1820 2346 2009 2387 Macedo-

1178 2411 1271 2437 num
1291 2397 1457 2437 militum
1476 2399 1578 2438 fama
1608 2397 1716 2445 xviii,
1735 2403 1760 2440 3

1124 2451 1346 2491 Macrochir
1357 2452 1664 2504 (longimanus)
1677 2451 1909 2493 Artaxerxes
1917 2453 2003 2506 dig-

1176 2504 1300 2544 nitate
1324 2505 1458 2544 sormae
1475 2511 1517 2544 et
1534 2504 1678 2544 virtute
1707 2512 1895 2557 praestans
1922 2507 2001 2554 xxi,

1122 2609 1325 2650 Maculare
1360 2610 1518 2662 gloriam
1554 2610 1646 2650 belli
1682 2623 1861 2664 magnam
1898 2612 2002 2665 turpi

1176 2670 1298 2703 morte
1324 2664 1377 2711 iv,
1398 2669 1422 2704 5

1121 2714 1279 2768 Magis:
1308 2716 1426 2769 hujus
1461 2716 1665 2758 consilium
1699 2715 1896 2779 plerisque
1923 2718 2004 2758 dis-

1174 2769 1347 2821 plicebat
1382 2776 1424 2810 et
1457 2771 1499 2810 in
1535 2776 1635 2809 terra
1670 2770 1845 2810 dimicari
1882 2772 2003 2824 magis

1176 2823 1357 2874 placebat
1401 2824 1444 2871 ii,
1480 2827 1506 2865 8
1561 2823 1691 2863 animo
1727 2824 1850 2876 magis
1885 2825 2003 2864 etiam

1175 2889 1291 2928 quam
1325 2889 1485 2929 corpore
1510 2883 1734 2930 pugnarunt
1751 2877 1904 2930 (adhuc
1921 2891 2004 2918 ma·

1175 2929 1257 2982 gis)
1284 2930 1392 2977 xviii,
1411 2935 1437 2972 4
1465 2943 1545 2970 non
1575 2930 1698 2983 magis
1728 2943 1857 2970 amore
1885 2944 2001 2984 quam

1175 2996 1281 3022 more
1309 2985 1451 3024 ductus
1479 2998 1519 3030 v,
1541 2988 1561 3024 1
1607 2997 1687 3022 non
1717 2983 1839 3036 magis
1869 2998 1937 3024 eos
1963 2985 2002 3023 in

1175 3050 1246 3076 sua
1319 3043 1457 3077 testate
1484 3037 1731 3076 existimabat
1759 3050 1859 3084 esse,
1887 3050 2002 3090 quam

1173 3090 1242 3143 qui
1299 3104 1335 3130 c.
1363 3104 1454 3138 xur,
1472 3094 1500 3131 6
1525 3103 1656 3142 neque
1673 3090 1714 3129 id
1731 3090 1853 3142 magis
1879 3091 2003 3142 impe·

1173 3144 1229 3182 rio
1250 3156 1365 3196 quam
1379 3143 1535 3196 justitia
1552 3149 1784 3183 consecutus
1795 3148 1856 3181 cst
1867 3143 2002 3196 (arque

1169 3196 1325 3249 justitia
1343 3203 1463 3248 atque
1484 3195 1668 3247 imperio)
1697 3196 1724 3241 i,
1743 3198 1771 3235 2
1798 3207 1927 3248 neque
1952 3210 2002 3236 eo

1174 3249 1297 3300 magis
1315 3262 1362 3288 ex
1381 3249 1514 3301 praelio
1541 3246 1706 3288 excessit
1731 3246 2005 3300 (nihilominus

1174 3301 1216 3340 in
1250 3301 1385 3353 praelio
1419 3299 1703 3353 perseveravit)
1731 3300 1839 3353 xviii,
1856 3306 1883 3344 4
1910 3302 2002 3343 Sic:

1174 3366 1305 3406 neque
1324 3367 1373 3394 eo
1392 3354 1514 3407 magis
1531 3354 1688 3394 carebat
1701 3354 1922 3407 suspicione
1949 3357 2002 3403 iv,

1174 3410 1199 3447 3
1229 3419 1358 3447 arcem
1382 3407 1580 3448 Thebanis
1597 3406 1850 3448 reddiderunt
1877 3409 1956 3456 xvi,
1981 3414 2000 3449 1

1175 3460 1355 3502 adulatus
1398 3468 1459 3501 est
1503 3460 1678 3501 Antonio
1719 3475 1809 3509 xxv,
1839 3467 1865 3503 8
1920 3475 1998 3514 quo
