2306 3900
309 262 418 317 714

309 393 430 435 Nihil
449 392 599 432 vanius
616 390 672 431 et'
689 389 936 430 mendacius
965 388 1051 429 illis
1068 386 1189 428 fabu-

308 458 377 507 lis,
397 469 490 509 quae
524 453 788 506 Hesperidas
817 453 1026 506 nymphas
1045 457 1091 493 et
1121 457 1190 492 ea·

304 533 404 560 -rum
448 520 592 558 hortos
630 517 878 570 prodidere.
933 515 1187 556 Fabularum

311 594 440 634 porro
459 586 672 630 auctores,
685 578 949 631 Hesperidas
966 577 1075 628 illas,
1089 590 1185 630 quae

307 646 419 686 mala
452 657 581 685 aurea
615 643 872 692 habuerunt,
901 641 976 682 sed
1008 641 1187 682 custode

308 708 512 758 dracone,
537 708 654 748 circa
706 717 912 747 oceanum
958 706 1186 746 collocant.

309 772 593 825 Apollodorus
613 786 623 811 ε
643 771 770 810 ταῦτα
786 767 829 809 δὲ
843 769 892 818 ἣν
908 769 999 821 οὐχ,
1010 768 1060 809 ὥς
1069 783 1184 819 τινες,

308 837 352 876 ἐν
381 835 517 889 Λιβύῃ,
549 835 640 875 ἀλλ’
679 834 741 873 ἐπὶ
787 835 858 873 τοῦ
891 832 1111 872 Ἀτλαντος
1145 832 1187 871 ἐν

306 897 583 951 Ὑπερβορέοις.
637 896 851 937 Hesiodus
888 896 1004 936 ultra
1045 895 1186 935 Ocea-

305 975 405 1004 num
423 962 560 1014 ponit.
607 961 705 1001 Non
725 959 873 1000 dubito
891 964 1036 999 tamen
1054 956 1186 997 fuisse

306 1033 354 1066 et
387 1037 444 1066 ex
472 1023 641 1065 Graecis
671 1028 889 1074 auctores,
916 1021 989 1074 qui
1006 1021 1185 1060 nominis

306 1100 453 1129 errore
484 1086 663 1137 inducti,
693 1085 805 1138 quod
834 1084 936 1125 urbs
967 1083 1186 1137 Ἑσπερίδες

302 1151 348 1192 in
367 1150 701 1203 Pentapolitana
718 1149 856 1202 Libya
875 1154 1119 1197 vocaretur,
1133 1160 1184 1188 eo

298 1214 605 1269 transtulerint
637 1217 683 1252 et
705 1211 992 1263 Hesperidum
1022 1212 1183 1252 hortos.

300 1278 566 1319 Ptolemaeus
590 1276 634 1316 in
655 1275 893 1328 Cyrenaica
912 1281 956 1315 ct
970 1270 1186 1327 Pentapo-

299 1340 439 1382 litana
452 1344 658 1380 memorat
670 1334 899 1388 Ἑσπερίδων
908 1334 1064 1390 κήπους,
1078 1349 1183 1390 quos

303 1409 447 1443 tamen
476 1402 668 1442 diversos
685 1399 837 1439 statuit
857 1399 909 1439 ab
928 1399 1034 1439 urbe
1051 1400 1184 1440 Bere-

303 1466 430 1515 nice;
460 1477 585 1518 quam
614 1462 837 1515 Ἑσπερίδας
868 1462 1030 1502 dictam
1061 1467 1182 1503 autu·

299 1534 405 1570 mat.
459 1529 616 1582 Scylax
642 1526 930 1579 Caryandaeus
947 1525 992 1565 in
1021 1525 1184 1566 Penta-

302 1594 495 1646 politana
531 1592 648 1632 urbis
686 1596 733 1631 et
767 1594 916 1641 portus
952 1587 1184 1641 Ἑσπερίδων

302 1657 512 1706 meminit.
567 1654 698 1695 Haud
730 1655 857 1704 longe
890 1653 945 1693 ab
974 1653 1183 1706 Hesperi-

299 1719 429 1760 dibus
465 1718 572 1758 urbe
606 1716 751 1765 κήπους
793 1715 1024 1769 Ἑσπερίδων
1059 1717 1183 1769 ponit

300 1783 416 1823 idem
447 1782 623 1835 Scylax,
651 1781 765 1821 omni
792 1793 952 1832 genere
981 1780 1181 1821 arborum

301 1846 502 1888 refertas.
553 1846 714 1886 Hortos
732 1844 1025 1896 Hesperidum
1043 1844 1183 1896 major

301 1924 404 1964 pars
435 1911 480 1950 in
511 1908 775 1950 Mauritania
798 1908 952 1948 statuit
969 1907 1023 1947 ad
1044 1907 1181 1948 Ocea-

298 1985 416 2024 num,
447 1972 564 2012 circa
589 1971 743 2011 Lixon.
797 1969 887 2010 Alii
918 1970 1047 2010 etiam
1066 1970 1182 2011 circa

299 2035 521 2076 Atlantem
540 2033 812 2075 Mauritaniae
831 2039 1033 2074 montem.
1066 2034 1180 2074 Nam

299 2099 566 2152 Hesperidas
591 2098 762 2151 quidam
786 2096 973 2148 Hesperi
991 2095 1101 2137 filias
1121 2096 1181 2137 fa-

298 2164 443 2213 ciunt;
465 2162 638 2216 quidam
655 2161 847 2202 Atlantis
864 2173 919 2201 ex
935 2161 1179 2214 Hesperide

298 2239 445 2268 uxore.
516 2227 718 2267 Servius:
775 2226 788 2248 ‘
809 2225 995 2267 Quidam
1033 2231 1180 2266 tamen

298 2292 376 2332 hos
403 2293 552 2332 hortos
579 2291 696 2330 circa
722 2290 872 2341 Syrtes
907 2290 1072 2341 positos
1092 2294 1179 2329 tra·

299 2354 438 2396 dunt.’
492 2354 588 2395 Nec
606 2353 786 2392 diversae
818 2356 917 2391 sunt
943 2352 1182 2403 opiniones,

296 2422 350 2458 ut
379 2417 490 2457 velle
516 2415 688 2455 videtur
715 2414 906 2454 Servius.
963 2415 1181 2464 Errorem,

298 2485 347 2522 ut
365 2480 473 2532 dixi,
502 2479 611 2519 fecit
629 2491 712 2518 vox
746 2476 981 2529 Ἑσπερίδες,
1009 2489 1091 2530 quo
1106 2490 1182 2517 no-

297 2545 411 2585 mine
447 2543 668 2595 appellata
714 2547 781 2582 est
835 2541 1180 2592 Pentapolitana!

298 2608 452 2659 Libyae
471 2607 640 2647 civitas.
684 2605 792 2645 Inde
810 2604 924 2645 horti
938 2604 1034 2645 urbi
1050 2604 1180 2645 vicini

300 2671 410 2712 dicti
426 2669 668 2722 Ἑσπερίδων,
681 2675 726 2709 et
741 2667 908 2708 confusi
929 2679 1025 2707 cum
1045 2667 1180 2707 hortis

299 2734 583 2775 fabulosarum
636 2731 943 2784 Hesperidum,
1007 2730 1080 2784 qui
1124 2730 1179 2770 ad

301 2798 540 2839 Oceanum.
568 2796 734 2836 Salmas.

352 2861 619 2901 Praevalidam
669 2859 766 2898 hanc
803 2858 957 2909 urbem]
1014 2858 1177 2898 Lixon:

292 2924 411 2965 -Nam
446 2923 501 2962 de
520 2923 660 2962 Cerne
679 2933 778 2960 mox
803 2921 879 2961 lib.
899 2932 962 2960 v1.
981 2924 1047 2960 30.
1077 2921 1179 2960 Car-

297 2986 458 3038 thagini
472 2997 639 3037 quoque
652 2984 723 3035 obj
731 2995 857 3023 acere
871 2995 964 3034 sup.
995 2983 1180 3023 Pliniusx

295 3050 370 3091 ‘A
410 3048 591 3090 Claudio
641 3048 815 3087 Caesare
851 3045 1019 3085 colonia
1061 3043 1180 3085 facta

296 3113 455 3153 Lixos:
502 3111 571 3151 vel
589 3108 896 3150 fabulosissime
922 3108 974 3148 ab
994 3108 1179 3161 antiquis

299 3181 487 3215 narrata.
543 3174 611 3214 Ibi
631 3172 751 3224 regia
767 3170 928 3218 Antaei,
949 3176 1179 3211 certatum-

299 3248 384 3288 que
421 3248 518 3276 cum
554 3234 763 3282 Hercule,
797 3238 843 3273 et
886 3232 1178 3285 Hesperidum

295 3299 423 3338 horti.
479 3296 728 3338 Affunditur
758 3301 901 3336 autem
931 3297 1028 3336 huic
1056 3301 1180 3337 aestn-

300 3362 436 3403 arium
456 3373 480 3401 e
499 3361 620 3411 mari,
635 3359 826 3399 flexuoso
853 3365 1013 3411 meatu,
1032 3359 1076 3399 in
1096 3371 1178 3412 quo

296 3424 514 3466 Draconis
535 3423 738 3463 custodiae
757 3424 893 3463 instar
917 3423 1048 3465 fuisse
1066 3436 1179 3465 nunc

299 3485 672 3542 interpretantur.'
701 3485 901 3527 Schotlus.

692 273 873 312 No'rAE
914 270 1249 310 vARloRUM
1293 270 1352 309 ΙΝ
1396 271 1449 309 C.
1490 268 1754 308 NEPOTIS

1306 388 1375 427 Ex
1393 389 1552 428 adverso
1569 387 1652 436 ejus
1668 383 1805 436 sitam]
1821 382 2004 425 Statim:
2031 384 2044 408 ‘
2055 396 2133 425 ex-

1250 451 1432 492 adverso
1450 451 1634 491 maxime
1668 447 1967 501 Carthaginis,'
1985 447 2030 488 id
2048 453 2132 499 est,

1249 528 1273 556 e
1293 516 1480 568 regione,
1499 517 1583 568 vel,
1614 528 1669 556 ex
1699 514 1899 567 opposito
1933 513 2130 554 maximin

1249 579 1548 631 Carthaginis:
1595 577 1668 619 ubi
1701 576 1749 616 τὸ
1777 577 1964 616 maxime
1995 577 2130 617 nomi-

1248 642 1405 681 naliter
1422 646 1637 693 sumptum
1658 640 1814 691 malim,
1833 650 1960 692 quam
1979 639 2132 680 adver-

1247 706 1434 747 bialiter.
1491 706 1632 746 Poeta
1663 704 1789 754 dixit,
1808 704 2026 755 Carthago
2047 702 2133 742 Ita·

1245 770 1345 809 liam
1382 774 1534 810 contra
1569 768 1657 808 κατ’
1686 767 1947 820 ἀναστροφὴν,
1976 766 2130 807 eadem

1246 833 1436 884 notione,
1455 845 1540 884 qua
1571 831 1714 871 Latini
1751 832 1986 871 exadversus
2009 841 2132 870 usur·

1249 901 1368 947 pant,
1388 895 1455 934 vel
1472 896 1740 934 exadversum.
1771 894 1992 934 Kenchen.

1300 958 1364 998 Ab
1396 957 1534 1008 Tingi]
1587 958 1800 998 Nimirum
1836 956 2128 997 Mauritaniae.

1247 1022 1347 1063 Alia
1365 1029 1430 1063 est
1458 1021 1574 1074 Τίγγι
1599 1021 1810 1075 Καισάρεια
1841 1022 1956 1075 apud
1983 1023 2131 1063 Ptole-

1246 1099 1415 1134 maeum,
1444 1100 1538 1140 quae
1562 1087 1682 1136 Tingi
1698 1087 1852 1133 altem,-
1878 1090 1928 1126 ut
1958 1087 1971 1108 ‘
1993 1086 2131 1126 altera

1246 1150 1487 1202 Pergama,’
1523 1150 1536 1173 ‘
1557 1150 1698 1190 altera
1729 1147 1925 1192 Salamis',
1955 1148 2010 1188 de
2047 1149 2132 1199 Cy·

1247 1213 1316 1264 pri
1363 1213 1589 1254 Salamine.
1668 1212 1789 1263 Lege
1842 1211 2126 1263 Pomponium

1248 1277 1408 1316 Melam
1429 1277 1504 1317 lib.
1524 1288 1557 1318 1.
1587 1276 1739 1316 Kench.

1279 1341 1456 1380 ‘Cor-nel.
1496 1341 1630 1392 Nepos
1664 1338 1793 1389 cmm]
1856 1339 1958 1379 Duo
1999 1337 2127 1378 Plinii

1246 1404 1352 1444 Mss.
1373 1414 1505 1444 ccmu.
1523 1407 1760 1442 numerant.
1787 1400 1938 1442 Schott.
1956 1400 2055 1442 Bos.

1299 1467 1444 1506 Abesse
1456 1466 1630 1518 prodidit
1655 1465 1826 1516 Cernen]
1855 1464 1983 1507 Quod
2011 1463 2126 1504 idem

1247 1535 1314 1569 est
1333 1530 1535 1581 spatium,
1551 1534 1598 1568 et
1615 1540 1739 1580 paene
1758 1528 1872 1568 idem
1892 1527 2014 1568 situs.
2058 1526 2127 1566 De

1247 1594 1332 1634 situ
1353 1595 1512 1634 Cernes
1547 1593 1697 1633 insulae
1721 1592 1965 1632 dubitatum
1985 1595 2127 1631 osten·

1246 1656 1311 1696 dit
1342 1657 1590 1696 Eustathius
1610 1655 1664 1695 ad
1686 1654 1938 1706 Dionysium
1959 1667 1970 1694 ε
2000 1651 2077 1694 Καὶ
2096 1652 2129 1701 ,ἡ

1244 1718 1346 1760 θέσις
1371 1717 1413 1758 δὲ
1441 1719 1560 1766 αὐτῆς
1590 1718 1850 1768 διαφωνεῖται.
1882 1716 1920 1757 οἱ
1950 1715 2024 1767 μὲν
2051 1715 2131 1772 γὰρ

1243 1781 1478 1830 ἀνατολικὴν
1515 1780 1637 1828 αὐτὴν
1676 1779 1934 1830 ὑποτίθενται,
1966 1780 2018 1821 ὦς
2062 1779 2129 1820 καὶ

1242 1844 1450 1897 Λυκόφρων
1478 1843 1663 1897 ἐμφαίνει,
1681 1844 1718 1884 οἱ
1734 1842 1778 1884 δὲ
1802 1842 1971 1892 δοτικήν.
2017 1844 2127 1884 Sane

1244 1910 1503 1962 Lycophron
1534 1921 1587 1949 ex
1621 1909 1759 1948 insula
1785 1908 1926 1948 Cerne
1945 1907 2048 1948 oriri
2066 1906 2127 1948 fa-

1243 1973 1304 2013 cit
1335 1971 1576 2012 Auroram:
1619 1971 1780 2012 Τιθωνὸν
1800 1972 1842 2012 ἐν
1877 1971 2029 2025 κοίτῃσι
2053 1972 2127 2019 τῆς

1243 2034 1389 2089 Κέρνης
1416 2034 1540 2076 πέλας
1572 2037 1782 2076 Λιποῦσαν.
1829 2035 1911 2076 His
1933 2034 2126 2075 versibus

1244 2099 1391 2153 Κέρνην
1408 2101 1469 2140 ibi
1486 2101 1687 2150 collocat,
1710 2099 1784 2140 ubi
1804 2110 1950 2139 omnes
1964 2098 2038 2138 alii
2055 2109 2126 2138 ve·

1242 2169 1372 2215 teres,
1389 2165 1556 2215 χρυσῆν,
1575 2163 1637 2203 ὑπ’
1665 2161 1784 2203 αὐτὸν
1799 2161 1870 2202 τὸν
1893 2161 2004 2210 ἥλιον
2020 2159 2128 2202 ἀνίσ-

1242 2241 1381 2279 χοντα.
1441 2228 1549 2268 Haec
1585 2228 1728 2268 Cerne
1758 2226 2052 2279 Lycophronis
2080 2226 2129 2266 li-

1244 2296 1317 2331 cet
1337 2291 1391 2330 ad
1413 2290 1637 2330 Orientem
1670 2292 1744 2340 sit,
1773 2301 1858 2329 non
1891 2294 2037 2341 potest
2053 2300 2126 2329 ea-

1244 2352 1340 2392 dem
1379 2364 1470 2392 esse
1507 2364 1602 2392 cum
1642 2351 1986 2392 Menethusiade.·
2023 2351 2125 2392 Sed

1243 2427 1326 2455 non
1353 2415 1492 2455 minus
1503 2420 1691 2466 nugatur
1706 2414 1961 2466 Lycophron
1982 2414 2125 2455 cubile

1242 2480 1354 2520 Solis
1373 2479 1417 2519 in
1439 2479 1580 2519 Cerne
1613 2479 1751 2518 insula
1783 2477 1980 2530 locando,
1997 2489 2124 2531 quam

1243 2542 1538 2592 Mimnermus,
1568 2541 1642 2594 qui
1680 2541 1722 2580 in
1760 2541 1930 2581 Colchis
1967 2540 2126 2582 consti·

1242 2606 1353 2646 tuit:
1382 2604 1529 2652 Αἵηταο
1546 2602 1676 2656 πόλιν,
1693 2602 1775 2644 τόθι
1791 2603 1824 2643 δ’
1850 2601 1965 2644 ὦκέος
1983 2603 2125 2651 ἠελίοιο

1242 2669 1416 2710 Ἀκτῖνες
1432 2667 1588 2722 χρυσέῳ
1603 2668 1750 2708 κείαται
1767 2668 1808 2707 ἐν
1820 2665 1992 2717 θαλάμῳ.
2022 2666 2126 2708 Om-

1241 2745 1318 2773 nes
1354 2734 1426 2773 alii
1458 2733 1702 2784 Scriptores
1741 2733 1908 2772 Cernen
1937 2731 2125 2772 inocci-

1243 2795 1408 2836 dentali
1456 2796 1636 2836 Oceano
1687 2800 1923 2835 metantur.
1980 2793 2123 2836 Quod

1243 2860 1371 2900 etiam
1403 2859 1562 2899 Strabo
1590 2858 1796 2908 ostendit,
1826 2858 1930 2898 licet
1954 2857 2124 2898 Cernen

1242 2922 1356 2961 inter
1386 2922 1482 2961 loca
1513 2926 1725 2971 numeret,
1760 2933 1856 2972 quae
1895 2925 2000 2960 tnnc
2037 2931 2123 2959 non

1242 2989 1622 3036 cognoscerentur,
1653 2989 1700 3023 et
1724 2982 2052 3023 Eratosthenem
2072 2993 2125 3022 eo

1241 3050 1411 3090 nomine
1440 3047 1744 3101 reprehendat,
1777 3048 1888 3099 quod
1920 3045 2126 3086 fabulosis

1240 3112 1400 3152 habeat
1419 3110 1576 3150 fidem:
1619 3109 1850 3150 πεπίστευκε
1881 3107 2012 3149 δὲκαὶ
2038 3107 2123 3160 περὶ

1238 3177 1317 3214 τῶν
1330 3171 1398 3224 ἔξω
1412 3175 1572 3221 στηλῶν
1599 3172 1835 3225 Ἡρακλείων
1859 3173 2025 3212 πολλοῖς
2051 3185 2121 3221 μυ·

1239 3237 1387 3288 θῶδεσι,
1400 3235 1549 3289 Κέρνην
1561 3251 1608 3276 τε
1620 3238 1739 3283 νῆσον
1749 3235 1813 3276 καὶ
1825 3234 1970 3275 ἄλλους
1981 3231 2123 3274 τόπους

1240 3299 1439 3351 ὀνομάζων
1454 3298 1548 3340 τοὺς
1562 3300 1739 3349 μηδαμοῦ
1751 3298 1831 3339 νυνὶ
1849 3294 2119 3346 δεικνυμένους.

1241 3365 1358 3416 Ergo
1379 3364 1520 3404 Cerne
1541 3368 1667 3403 extra
1683 3362 1907 3402 Columnas
1919 3358 2121 3398 Herculis

1239 3427 1284 3467 in
1304 3427 1480 3467 Oceano
1508 3425 1741 3475 Atlantico,
1759 3435 1883 3475 quam
1912 3421 2122 3473 Polybius

1241 3489 1380 3541 gravis
1397 3493 1545 3528 auctor
1558 3487 1687 3527 etiam
1707 3485 1916 3537 agnoscit.
1956 3484 2120 3526 Plinius
