2306 3900
228 287 348 353 508,

229 417 410 464 Oodices‘
453 423 500 461 et
546 420 923 462 Commentatores.
1004 418 1106 469 Alii,

226 486 334 526 circu
378 485 535 525 domum
567 483 834 524 stramineum.
909 482 1106 522 Lambini

227 549 319 588 haec
335 548 465 588 lectio
482 560 494 587 ε
526 546 597 600 qui
617 547 745 587 etiam
765 545 941 598 conjicit
953 557 1104 588 scenam

225 609 490 660 stramineum,
523 610 622 662 quia
650 609 895 650 Diodorus:
938 607 1036 648 Τοὺς
1061 607 1104 648 δὲ

224 669 524 718 καταλαβόντας
545 670 588 711 ἔν
617 685 692 712 τινι
717 670 824 725 κώμῃ
853 671 1018 723 Φρυγίας
1035 685 1102 710 κα·

222 733 508 782 τεσκηνωκότα.
563 735 647 775 Sed
679 735 962 776 Cl.Schottns
994 735 1102 774 hanc

223 798 514 840 temeritatem
527 798 680 838 merito
696 798 938 850 castigavit.
975 798 1102 838 Sava-

224 861 357 911 ronis‚
378 861 531 915 aliique
547 861 644 901 libri
659 860 895 901 Sumineum.
937 861 1101 901 Folium

222 923 413 975 Sibylloe.
471 923 682 965 Quoniam
701 925 744 964 in
762 924 867 965 Mss.
888 924 1102 977 reperitur

222 988 327 1028 circu
361 986 594 1038 Summeum,
629 999 714 1027 non
751 987 982 1027 absurdum
1018 992 1100 1039 est,

222 1049 513 1101 emendationi
547 1049 833 1101 Schoppianae
874 1049 1099 1101 accedere,

219 1114 328 1156 circu
345 1126 473 1155 cusum
503 1125 600 1153 eum.
654 1112 820 1152 Schotti
852 1113 1101 1165 conjectura

220 1176 346 1230 quani
365 1189 451 1217 non
468 1180 518 1217 ut
535 1180 714 1226 certam,
730 1175 805 1215 sed
825 1174 1099 1217 conferendae

222 1240 425 1293 symbolae
462 1240 515 1280 ad
548 1240 724 1280 aliorum
759 1239 954 1279 acumina
985 1238 1099 1279 exci-

221 1304 355 1344 tanda
385 1304 563 1354 statum
604 1304 708 1343 circa
733 1303 990 1354 seunduleum,
1030 1303 1099 1342 vel

219 1369 323 1409 circu
340 1369 569 1419 scamillum,
601 1381 685 1422 quo
713 1367 975 1421 quiescebat,
1008 1366 1099 1418 ejus

221 1439 289 1475 est
308 1434 454 1486 pretii,
487 1446 570 1487 quo
590 1425 684 1474 eam
703 1434 795 1485 ipse
829 1438 980 1473 auctor
999 1445 1099 1472 ven-

221 1498 390 1539 ditavit.
431 1498 632 1537 Gebhard.
687 1496 799 1537 Vide
828 1497 1096 1536 Boeclerum.

221 1561 336 1612 Lege
363 1559 470 1599 circu
498 1561 652 1599 domum
684 1558 924 1599 Sanisenum.
978 1557 1098 1598 Sani-

219 1633 322 1662 sene
353 1622 597 1674 appellatur
635 1625 800 1660 tractus
836 1621 882 1660 in
915 1619 1097 1660 confinio

219 1685 421 1737 Pbrygiae
448 1689 492 1724 et
511 1683 710 1724 Galatiae.
745 1683 914 1723 Vossius.
970 1679 1097 1723 Notis

221 1748 275 1789 ad
294 1744 452 1790 Justin.
472 1759 517 1789 V.
536 1751 574 1787 8.
631 1745 790 1786 Paulus
803 1744 949 1796 Ligius
972 1744 1097 1784 bonae

217 1811 308 1863 spei
318 1810 490 1862 juvenis
509 1809 571 1849 sic
591 1807 902 1848 emendandum
922 1813 1097 1848 contex-

218 1878 310 1912 tum
326 1871 529 1924 putabat:
559 1872 663 1911 circu
688 1871 938 1912 stramineum
953 1883 1095 1911 cusum.

218 1934 461 1975 Verisimile
491 1933 606 1973 enim
638 1933 719 1986 ipsi
749 1932 989 1985 videbatur,
1021 1933 1096 1973 do·

216 2003 331 2038 mum
367 1997 481 2036 illam
514 1995 645 2037 fuisse
675 1997 964 2048 stramineum,
999 2010 1095 2038 cum

214 2060 330 2112 ligna
349 2071 435 2099 non
453 2059 507 2099 ad
529 2059 683 2099 ostium
703 2061 852 2112 solum,
883 2061 958 2100 sed
980 2061 1096 2101 circa

217 2135 310 2164 eam
346 2123 544 2175 apposita
594 2123 756 2163 scribat
790 2123 958 2163 Probus
989 2124 1095 2178 (etsi

218 2187 331 2240 apud
364 2186 530 2227 Livium
561 2197 607 2226 se
642 2187 798 2238 legisse
833 2186 1014 2237 diceret,
1049 2191 1095 2227 et

217 2249 335 2290 circa
372 2248 521 2289 turrim
552 2249 768 2300 lapidibus
801 2255 1093 2290 constructam

213 2313 333 2365 ligna
351 2310 541 2352 incendii
561 2310 700 2362 gratia
718 2310 847 2352 fuisse
869 2312 1093 2365 aliquando

213 2372 365 2427 allata)
384 2373 503 2427 quasi
530 2374 721 2427 parietes
742 2373 923 2414 maxime
951 2379 1094 2414 essent

214 2435 414 2477 incendio
449 2435 638 2477 obnoxii.
675 2436 958 2478 ‘³Stramineas
991 2448 1092 2477 vero

216 2499 338 2540 casas
373 2498 427 2539 ab
463 2498 650 2551 antiquis
681 2497 775 2539 fieri
807 2499 1093 2551 consuevisse,

215 2561 527 2615 apertissimum
557 2566 638 2602 est.
693 2561 822 2603 Ovid.
851 2561 949 2603 Am.
967 2573 1020 2602 11.
1049 2566 1092 2603 9.

212 2629 225 2649 ‘
245 2628 380 2667 Roma
397 2626 479 2665 nisi
498 2625 748 2665 immensum
767 2625 879 2665 vires
904 2636 1090 2677 promos-

215 2694 282 2729 set
309 2689 353 2729 in
382 2689 543 2739 orbem,
561 2688 812 2729 Stramineis
843 2693 960 2728 esset
977 2700 1090 2729 nunc

214 2765 384 2806 quoque
416 2752 548 2792 densa
578 2751 716 2793 casis?
772 2753 918 2793 Caesar
949 2751 1003 2792 de
1035 2753 1089 2792 B.

213 2814 269 2855 G.
288 2814 362 2854 lib.
382 2825 445 2855 vr.
472 2818 484 2836 ‘
506 2813 653 2855 Gallos
673 2825 749 2854 sua
766 2825 936 2867 quoque
957 2818 1088 2854 aetate

213 2891 331 2920 casas
377 2878 582 2920 stramine
625 2884 774 2932 tegere
821 2879 1088 2920 consuevisse

213 2941 430 2982 testatur!
473 2941 557 2980 Sed
571 2941 712 2982 alieno
724 2942 792 2981 hic
805 2942 947 2993 potius
963 2954 1088 2995 qnam

211 3017 308 3047 meo
325 3005 390 3045 uti
408 3005 535 3045 velim
551 3005 743 3045 arbitrio.
773 3005 948 3056 Magius.
1001 3005 1087 3044 Sed

211 3068 375 3108 voculae‘
394 3065 564 3120 quidem
585 3068 732 3118 domus,
762 3067 902 3106 nullus
931 3067 999 3106 hic
1029 3067 1089 3106 lo-

211 3141 302 3182 cus,-
340 3130 452 3170 sicut
480 3141 627 3171 omnes
653 3134 867 3169 testantur
898 3130 970 3183 qui
1004 3130 1088 3170 Ms.

211 3193 381 3233 codices
398 3192 642 3244 inspexere.
670 3192 806 3233 Boecl.

263 3254 407 3295 Sonitu
413 3254 608 3307 stummoe]
647 3255 860 3307 Strepitu.
915 3254 1087 3296 Curtius

210 3316 283 3359 lib.
303 3328 386 3357 vn.
429 3319 441 3340 ‘
461 3318 679 3358 Sonabant
710 3318 909 3359 incendio
940 3317 1087 3360 silvae.'

210 3381 316 3422 Mss.
333 3380 483 3420 Boecl.
501 3384 546 3420 et
560 3381 682 3421 Leid.
701 3381 780 3422 hoc
794 3382 921 3422 modo
936 3383 1088 3434 legunt

209 3443 320 3484 hunc
336 3442 478 3483 locum
495 3454 506 3482 z
529 3442 602 3482 Ille
617 3447 748 3483 autem
761 3448 807 3483 ut
822 3443 1013 3496 sonitufl.
1029 3447 1087 3484 est

212 3505 427 3559 excitatus,
444 3504 519 3547 etsi
532 3503 643 3558 glad.
670 3505 791 3547 Bene
809 3511 856 3547 et
874 3506 936 3547 sic
954 3507 1085 3549 etiam

614 302 789 341 No'rAE
828 299 1162 341 VARIORUM
1202 300 1269 340 IN
1309 301 1360 339 C.
1399 299 1660 341 NEPOTJS

1167 419 1422 472 Schioppius
1483 419 1712 472 legendum
1783 417 2045 473 conjecerat.

1166 481 1306 522 Veris.
1325 492 1391 523 ιν.
1410 484 1451 523 8.

1219 544 1405 584 Subulure
1449 543 1588 595 telum]
1644 545 1856 598 Intelligit
1899 545 2046 596 sicam3

1165 619 1291 660 quam
1322 606 1512 660 μαχαίρια
1527 607 1643 660 μικρὰ
1662 613 1788 648 vocat
1808 608 2043 650 Cedrenns.

1165 670 1324 710 Paulus
1345 671 1422 711 IC.
1441 671 1727 723 appellatione
1758 674 1939 713 telorum
1957 676 2045 712 om-⁴

1165 734 1236 773 nia
1274 733 1414 786 accipi
1441 734 1564 786 dicit,
1595 734 1749 788 quibus
1781 735 1935 786 singuli
1970 735 2045 775 bo-

1164 797 1299 837 mines
1317 807 1473 836 nocere
1497 803 1686 849 possunt.
1742 799 1798 838 Et
1818 797 2046 838 verisimile

1164 865 1245 911 est,
1275 857 1512 899 Alcibiadis
1545 858 1797 900 familiarem
1828 861 1959 902 talem
1991 861 2045 901 si-

1165 934 1260 962 cam
1298 921 1367 962 vel
1405 922 1632 974 pugionem
1668 922 1881 972 habuisse,
1917 934 2045 976 quam

1163 985 1330 1026 facilius
1349 986 1428 1026 sub
1450 986 1528 1026 alis
1550 991 1717 1038 gestare
1735 991 1897 1039 posset.
1935 987 2044 1027 Ken-

1163 1050 1274 1090 chen.
1330 1049 1533 1089 Barthius
1553 1051 1636 1100 leg.
1655 1050 1846 1091 subalare.

1219 1112 1390 1159 Quidum
1408 1125 1458 1153 ex
1477 1113 1650 1153 Arcadia
1667 1113 1820 1165 hospes]
1861 1111 2044 1153 Concin-

1162 1176 1256 1218 nius
1287 1182 1475 1231 veteres,
1505 1179 1663 1231 quidum
1690 1179 1865 1219 Arcadia
1895 1178 2044 1230 hospes.

1161 1241 1220 1280 Et
1232 1239 1292 1281 ita
1305 1241 1347 1280 in
1361 1241 1592 1282 Sluiskenii
1605 1241 1875 1282 membranis.
1904 1243 1917 1264 ‘
1933 1240 2045 1281 Hos·

1162 1315 1239 1356 pes
1258 1303 1477 1356 Arcadia,’
1506 1306 1659 1357 hospes
1691 1310 1756 1344 est
1788 1304 2043 1355 Arcadicus,

1162 1368 1232 1407 vel
1262 1379 1317 1407 ex
1347 1366 1559 1417 Arcadia3
1590 1372 1639 1407 ut
1666 1368 1679 1390 ⁴
1702 1368 1851 1419 hospes
1875 1367 2042 1420 Zacyn-

1162 1430 1236 1470 tho
1249 1429 1273 1479 ;'
1323 1427 1568 1470 Ζακυνθόθεν·
1614 1430 1627 1452 ‘
1646 1430 1798 1482 hospes
1835 1428 2039 1482 Epheso,'

1160 1493 1274 1546 apud
1288 1494 1505 1535 Plautum.
1550 1494 1636 1547 Sic,
1654 1496 1667 1518 ‘
1685 1506 1787 1535 anus
1806 1494 2043 1544 Corintho,'

1161 1559 1173 1581 ‘
1195 1562 1410 1597 mercator
1447 1557 1628 1609 Rhodo,'
1672 1558 1685 1580 ‘
1709 1569 1814 1597 uxor
1847 1553 2040 1607 Lemno,’

1159 1619 1173 1642 ‘
1193 1620 1335 1659 vinnm
1371 1619 1508 1670 Chio,'
1555 1625 1600 1660 et
1647 1620 1731 1660 alia
1766 1619 2040 1673 frequentata

1161 1681 1440 1733 scriptoribus
1460 1683 1637 1722 Latinis.
1669 1684 1822 1723 Keuch.

1216 1745 1296 1790 Qui
1307 1757 1498 1796 nunquam
1508 1746 1701 1786 discedere
1713 1745 1904 1797 voluerut]
1926 1744 2039 1785 Lon-

1160 1809 1310 1860 golius‚
1328 1808 1522 1849 discedere
1539 1808 1587 1848 ub
1606 1821 1648 1848 eo
1667 1809 1851 1848 voluerut.

1215 1870 1328 1915 Quod
1341 1870 1383 1910 in
1391 1872 1600 1924 prce-sentia
1614 1871 1927 1911 vestimentorum
1931 1867 2038 1922 fuit]

1157 1931 1227 1973 Sic
1240 1929 1517 1973 Plutarchus:
1538 1934 1622 1973 Τῶν
1635 1931 1794 1983 ἱματίων
1804 1931 1855 1972 τὰ
1866 1932 2038 1971 πλεῖστα

1157 1994 1223 2038 καῖ
1236 1998 1313 2036 τῶν
1330 1995 1568 2048 στρωμάτων
1584 1996 1830 2047 συναγαγὼν,
1861 1992 2037 2046 ἐπέῤῥιψε

1156 2061 1214 2111 τῷ
1230 2058 1331 2111 πυρί.
1359 2060 1541 2100 Lumbin.

1221 2123 1302 2163 His
1336 2123 1380 2163 in
1415 2123 1545 2174 ignem
1580 2121 1734 2173 ejectis]
1776 2122 2035 2173 ‘Extrorsum

1155 2199 1308 2239 nempe
1328 2199 1381 2227 ex
1414 2188 1488 2227 illo
1518 2188 1626 2237 loco,
1655 2186 1699 2226 in
1733 2198 1815 2238 quo
1848 2185 2035 2238 quietem

1155 2256 1348 2303 ceperat.
1417 2251 1562 2292 Quare
1597 2262 1705 2290 vana
1739 2255 1806 2289 est
1838 2248 2035 2289 Lambini

1154 2314 1376 2353 curiositas
1408 2313 1578 2364 injectis,
1608 2325 1682 2354 seu
1711 2313 1907 2365 conjectis,
1937 2311 2034 2352 sub-

1153 2375 1385 2416 stituentis.
1443 2375 1589 2416 Front.
1605 2375 1676 2415 lib.
1692 2386 1742 2415 11.
1757 2377 1795 2415 9.
1810 2378 1851 2415 2.
1882 2374 2034 2415 ‘Clau-

1154 2438 1248 2478 dius
1269 2439 1387 2479 Nero
1408 2443 1541 2490 caput
1559 2437 1811 2478 Asdrubalis
1830 2437 1874 2477 in
1893 2442 2035 2478 castra

1153 2501 1377 2541 Annibalis
1394 2500 1551 2553 ejecit.’
1580 2501 1779 2541 Gebhard.

1210 2564 1412 2616 Effugisse
1426 2565 1575 2605 eminus
1590 2564 1785 2612 viderunt,
1803 2563 1891 2604 telis
1903 2562 2031 2603 missis

1151 2627 1451 2679 interfecerunt]
1480 2627 1600 2667 Malo
1630 2627 1928 2680 distinguere:
1972 2625 2032 2675 es-

1141 2691 1297 2743 fugisse
1314 2691 1511 2744 viderunt,
1542 2692 1632 2732 telis
1658 2691 1810 2731 eminus
1825 2690 1954 2730 missis
1970 2690 2031 2730 in-

1151 2754 1402 2804 terfecerunt.
1431 2753 1688 2796 Curtiuslib.
1704 2764 1806 2794 vm.
1821 2756 1888 2793 66.
1919 2751 2032 2792 ‘Sed

1153 2819 1254 2858 dum
1289 2818 1640 2871 supervenientes
1673 2815 1956 2868 contemptim
1986 2818 2032 2855 et

1151 2884 1336 2937 superbe
1356 2895 1524 2937 quoque
1552 2886 1822 2934 exspectant,
1850 2879 2030 2920 circum-

1152 2947 1267 2987 venti
1288 2946 1341 2987 ab
1356 2946 1439 2995 his,
1455 2945 1528 2997 qui
1548 2944 1717 2984 occulte
1735 2945 2032 2992 enataverant,

1151 3010 1315 3049 eminus
1331 3008 1473 3048 obruti
1487 3006 1614 3047 telis!
1659 3006 1806 3056 Nepos
1825 3002 2028 3054 Chabria,

1147 3074 1159 3095 ⁸
1181 3072 1382 3111 Cominus
1410 3081 1603 3122 pugnans
1634 3068 1733 3108 telis
1761 3067 1944 3107 hostium
1963 3066 2028 3106 in-

1150 3132 1361 3173 terfectus
1395 3131 1488 3172 est!
1535 3131 1662 3171 Gebh.
1694 3131 1747 3170 P.
1780 3129 1887 3171 Dun.
1953 3129 2026 3169 Sic

1148 3194 1430 3236 Plutarchus:
1471 3194 1583 3234 Ἀλλ’
1610 3191 1850 3233 ἀποστάντες
1881 3190 2028 3238 ἔβαλον

1147 3258 1337 3301 ἀκοντίοις
1369 3256 1436 3299 καὶ
1485 3257 1726 3309 τοξεύμασιν.
1810 3257 2024 3298 'Diodorus

1147 3323 1300 3364 aliter:
1342 3321 1592 3376 Κρατηθέντα
1622 3320 1665 3362 δὲ
1697 3320 1768 3360 ὑπὸ
1796 3321 1867 3359 τοῦ
1895 3318 2026 3372 πυρὸς,

1146 3386 1301 3427 καὶτῶν
1320 3385 1373 3426 εἷς
1390 3385 1508 3428 αὐτὸν
1522 3383 1817 3435 ἀκοντιζόντων,
1830 3383 2018 3430 τελευτῆ-

1147 3464 1225 3491 σαι.
1270 3449 1406 3490 Lamb.
1463 3448 1551 3489 Alii
1582 3448 1680 3488 alia.
1734 3445 1937 3486 Tradunt·
1960 3443 2023 3485 illi

1145 3513 1286 3554 vivum
1305 3512 1444 3565 ipsum
1461 3511 1504 3552 in
1521 3509 1734 3562 cubiculo,
1752 3509 1796 3550 in
1815 3521 1898 3563 quo
1919 3507 2017 3550 dor-
