2306 3900
329 245 438 299 712

330 380 418 421 vit.’
454 380 656 421 Schottus
673 380 958 421 emendabat:
990 381 1101 421 Idem
1117 381 1214 422 Cor-

328 443 452 483 nelius
466 447 579 494 post:
623 445 770 496 Captos
801 445 921 484 Indos
947 456 1020 496 per
1043 444 1219 485 Ger-maa

327 508 436 547 niam
453 509 670 558 navigasse.
725 508 811 549 Sed
840 509 922 549 hoc
957 508 1211 560 paullodu-

329 571 429 612 rius.
484 572 660 613 Malim:
693 573 803 616 Idem
837 573 1040 613 Cornelius
1068 573 1212 624 posuit,

327 638 462 687 captos
480 636 600 676 Indos
612 648 686 688 per
702 636 958 677 Germaniam
969 637 1212 687 navigantes.

329 697 496 740 Bosius.
548 699 635 739 Sed
660 699 744 740 hoc
765 699 1051 741 durissimum.

382 761 628 813 Largitudo]
651 762 798 803 Verba
827 763 1036 804 Charisii:
1057 791 1059 793 -
1077 762 1090 786 ‘
1114 763 1213 802 Lar-

328 822 477 875 gitudo
496 836 703 876 nusquam
722 825 954 876 invenitur,
983 824 1065 864 nisi
1097 824 1213 877 apud

330 888 579 940 Nepotem.’
610 889 770 930 Rosius.

388 954 574 993 Eudoxus
589 953 767 1006 qnidam]
808 952 958 994 Verba
991 954 1087 1007 ipsa
1114 960 1215 996 sunt

329 1016 558 1068 Pomponii
578 1017 722 1069 Melae,
739 1016 816 1058 lib.
834 1028 906 1058 111.
919 1030 1014 1070 cap.
1034 1022 1101 1059 10.
1129 1019 1214 1058 Eu-

328 1079 487 1120 doxum
521 1084 665 1120 autem
696 1085 828 1121 aetate
865 1081 1050 1134 Nepotis
1083 1080 1212 1122 fuisse

329 1154 416 1182 non
435 1142 543 1184 dicit
562 1144 694 1195 Mela,
709 1155 790 1184 nec
811 1156 958 1184 verum
977 1151 1057 1186 est.
1087 1145 1212 1186 Obiit

329 1207 480 1259 Nepos
510 1205 691 1258 Augusti
720 1207 993 1259 principatu;
1037 1214 1085 1248 ut
1117 1208 1212 1261 ipse

327 1271 495 1311 Plinius
529 1270 688 1311 alicubi
732 1271 894 1312 asserit.
959 1272 1052 1312 Etsi
1098 1272 1211 1313 enim

326 1335 439 1375 haud
460 1335 555 1387 plus
584 1347 713 1388 quam
736 1335 1018 1388 quadraginta
1036 1335 1212 1377 circiter

326 1398 427 1439 anni
456 1398 510 1439 ab
542 1410 723 1438 excessu
757 1398 934 1439 Lathuri
966 1398 1020 1438 ad
1040 1398 1209 1440 initium

326 1464 515 1518 Augusti
552 1466 770 1517 intersint,
801 1465 913 1506 haud
946 1464 1032 1506 dici
1065 1471 1208 1506 tamen

327 1535 491 1582 potest,
509 1531 754 1572 Cornelium
788 1530 947 1570 vixisse
974 1534 1105 1570 oetate
1128 1531 1210 1570 Eu-

326 1592 441 1633 doxi.
481 1594 595 1634 Nam
615 1605 744 1646 quum
762 1593 830 1633 hic
847 1591 959 1645 fugit
977 1603 1032 1632 ex
1052 1593 1210 1645 AEgyp-

328 1661 389 1707 to,
408 1662 484 1697 aut
503 1668 626 1708 puer,
659 1661 735 1697 aut
753 1654 940 1696 nondum
963 1662 1088 1697 natus
1114 1662 1210 1697 erat

328 1719 492 1772 Nepos.
523 1719 690 1760 Salmas.

379 1783 602 1836 Lathyrum
619 1782 772 1835 regem]
810 1782 1012 1835 Lathyrus
1032 1794 1110 1834 pro
1129 1782 1210 1823 La-

326 1847 465 1887 murus
495 1859 720 1899 perperam
756 1847 800 1887 iu
836 1847 958 1888 libris
993 1846 1124 1887 Plinii
1158 1860 1210 1889 ac

325 1910 457 1951 Melae
474 1910 692 1951 scribitur.
721 1912 784 1952 Ut
803 1910 946 1963 Thym-ii
963 1922 1040 1963 pro
1058 1910 1212 1963 Thurii,

325 1974 398 2026 qui
425 1979 528 2014 sunt
555 1972 721 2026 Θούριοι,
750 1978 796 2014 et
831 1974 951 2026 Thyle
970 1985 1049 2026 pro
1072 1973 1212 2027 ΤΙηιιε,

325 2049 455 2089 quum
475 2037 532 2077 sit
547 2035 692 2086 Θούλη.
747 2036 915 2078 Graecis
933 2036 1044 2077 enim
1069 2034 1211 2076 Λάθου-

324 2115 388 2153 ρος
409 2096 607 2152 vocatur,
623 2113 705 2141 non
723 2098 904 2153 Λάθυρος.
961 2101 1019 2140 Et
1046 2098 1212 2140 frustra

325 2169 390 2204 est
421 2165 501 2205 Vir
525 2164 692 2217 doctus,
719 2165 792 2218 qui
824 2164 935 2204 hunc
968 2173 1114 2215 regem
1133 2161 1210 2203 Λά-

324 2231 436 2280 θυρον
468 2241 492 2268 a
522 2228 750 2282 leguminis
769 2239 928 2279 genere
956 2227 1018 2267 ita
1045 2226 1208 2268 dictum

325 2292 511 2343 putavit,
525 2298 573 2332 ut
595 2292 818 2331 Ciceronem
837 2303 864 2331 a
881 2290 1036 2331 cicere.
1090 2290 1209 2330 Stra-

324 2354 393 2404 bo,
411 2355 611 2394 Clemens
632 2352 964 2404 Alexandrinus,
982 2351 1210 2403 Eusebius,

325 2423 370 2458 et
402 2430 546 2458 omnes
579 2416 724 2458 Graeci
754 2414 946 2467 Λάθουρον
976 2415 1209 2455 nominant.

324 2482 467 2533 Θοῦρος
484 2480 696 2533 significat
726 2491 821 2520 cum
852 2480 1018 2532 impetu
1046 2479 1207 2519 violen-

325 2553 440 2587 tum:
470 2551 530 2585 Λα
549 2544 764 2597 particula
786 2549 916 2595 auget
933 2541 1210 2595 significatio-

324 2621 436 2650 nem.
492 2609 600 2648 Inde
613 2605 820 2659 Λάθουρος,
844 2605 1028 2646 maxime
1050 2605 1209 2645 violen-

325 2678 407 2713 tus.
455 2672 584 2712 Forte
602 2671 732 2712 etiam
746 2671 808 2710 ita
825 2669 1082 2721 appellatus,
1093 2667 1208 2721 quod

325 2736 366 2775 in
395 2735 608 2775 Venerem
642 2733 884 2774 concitatus
910 2737 1037 2772 esset.
1095 2732 1209 2772 Nam

323 2796 458 2851 Θοῦρης
477 2802 546 2838 est
577 2794 892 2849 ἆφροδισιαστὴς,
920 2800 967 2836 et
994 2794 1122 2848 θουρὰ,
1140 2808 1209 2835 κα-

321 2861 507 2915 ταφερὴς,
547 2860 751 2914 ὀρεκτικῶς
797 2858 960 2910 ἔχουσα.
1013 2859 1209 2913 Θουρήεις,

322 2925 483 2976 λαγνός.
508 2925 761 2976 Hesychius.
797 2924 894 2964 Hoc
911 2923 1067 2963 verius.
1086 2923 1208 2963 Idem

325 2991 490 3031 Plinius
530 2991 644 3030 libro
679 3001 744 3030 v1.
777 2993 844 3029 30.
885 2990 898 3012 ‘
922 2989 1209 3029 Ptolemaeum

322 3053 580 3106 Lathyrum'
629 3053 837 3106 appellat,
893 3052 965 3104 qni
1014 3052 1211 3092 Lathurus

323 3117 572 3157 scribendus
593 3121 674 3156 est.
706 3114 939 3155 Salnmsius.

377 3180 441 3220 Ab
470 3172 640 3220 Arabico
667 3179 757 3219 sinu
786 3190 975 3230 egressus,
997 3178 1130 3218 Gades
1147 3190 1211 3218 us-

322 3256 393 3293 que
411 3248 611 3293 provectus
630 3242 709 3293 est]
735 3242 936 3282 Transito
965 3246 1211 3293 promonto-

324 3305 388 3343 rio
407 3305 540 3344 Bonae
562 3305 669 3356 spei,
688 3305 779 3344 sine
800 3315 883 3356 quo
904 3304 998 3343 sinu
1019 3302 1209 3343 Arabico

321 3367 415 3420 (qui
432 3368 536 3407 alias
555 3368 728 3407 rubrum
747 3379 862 3407 niare
883 3366 1063 3420 dicitur)
1083 3378 1209 3407 exce·

323 3429 445 3480 dens,
494 3429 640 3469 Gades
679 3429 902 3481 pervenire
942 3441 1025 3469 non
1054 3429 1210 3481 potuit.

326 3494 548 3534 Fontanus
563 3504 615 3533 ιι.
634 3492 893 3533 Discussion.
911 3492 1076 3534 Histor.
1098 3493 1208 3534 Vide

717 261 892 300 No'rAE
931 261 1265 302 VAmoRUM
1305 264 1372 302 ΙΝ
1414 265 1464 303 C.
1503 265 1765 304 NEPOTIS

1271 383 1484 425 Hominum
1516 371 1571 426 de
1602 386 1726 437 Orig.
1749 384 1955 425 Gentium
1984 384 2152 427 Ameri-

1272 459 1417 488 canar.
1448 448 1522 490 lib.
1549 461 1603 490 11.
1622 455 1662 490 5.
1689 447 1953 489 Schefferum
1983 449 2039 491 de
2067 450 2152 490 Mi-

1271 510 1338 550 lit.
1349 512 1493 552 navali
1511 513 1739 564 Veterum,
1753 512 1831 552 lib.
1850 523 1884 552 1.
1905 515 1946 552 1.
1974 511 2158 553 Certum

1272 573 1442 626 quidem
1469 581 1552 626 est,
1582 588 1608 615 a
1640 575 1836 616 Gadibus
1871 575 1915 615 in
1950 574 2154 616 Arabiam

1272 637 1371 678 olim
1407 639 1655 691 navigatum
1699 638 1846 691 fuisse,
1882 644 1930 680 et
1975 643 2156 690 contra3

1273 712 1357 740 non
1386 706 1532 742 tamen
1563 714 1614 743 ea
1631 702 1847 755 navigatio
1866 703 2043 754 vulgata
2070 701 2156 743 fnit

1273 769 1320 804 et
1347 765 1465 804 trita.
1522 765 1581 805 Et
1613 777 1714 805 sane
1743 765 1871 806 hodie
1911 765 2155 816 navigabile

1274 831 1357 878 est,
1388 832 1434 867 et
1461 831 1562 868 ante
1591 828 1749 870 Jubam
1768 829 1897 869 etiam
1926 829 2157 879 creditum,

1275 890 1581 942 traditumque.
1633 890 1718 931 Sed
1737 892 1960 943 explorata
1971 892 2066 944 ejus
2082 903 2157 932 na-

1275 954 1437 1005 vigatio
1456 967 1508 995 eo
1533 959 1728 1008 tempore
1759 954 1860 1007 fuit,
1888 961 2057 997 tantum
2083 956 2159 997 ab·

1275 1023 1356 1070 est,
1373 1024 1422 1059 ut
1438 1030 1588 1059 verum
1608 1020 1665 1060 sit
1681 1020 1710 1061 J
1714 1019 1839 1060 ubam
1858 1026 1903 1060 et
1919 1019 2155 1072 spatiorum

1274 1081 1423 1123 modos
1450 1083 1704 1136 meminisse,
1735 1088 1782 1124 et
1810 1083 2041 1124 stationum
2060 1083 2158 1125 loca

1274 1143 1506 1196 addidisse,
1539 1145 1614 1198 qui
1633 1146 1674 1185 in
1694 1157 1746 1186 eo
1765 1157 1889 1185 cursu
1919 1145 2030 1186 adiri
2048 1146 2158 1187 sole·

1275 1214 1384 1249 rent.
1439 1207 1606 1250 Auctor
1620 1209 1721 1249 Peri
1725 1209 1786 1261 pli
1798 1209 1926 1250 maris
1939 1208 2157 1262 Erythraei

1274 1271 1346 1324 qui
1376 1271 1591 1312 recentior
1625 1271 1756 1324 Juba,
1789 1271 1952 1313 fatetur
1982 1272 2156 1327 quidem

1275 1334 1498 1375 Oceanum
1541 1334 1738 1375 Indicum
1778 1335 1831 1376 ad
1866 1336 2156 1378 Occidentem

1273 1409 1492 1450 regyrare,
1502 1403 1548 1438 et
1561 1410 1691 1439 unum
1709 1397 1805 1439 fieri
1825 1411 1922 1439 cum
1943 1399 2157 1457 Hesperio

1271 1460 1395 1512 mari,
1415 1461 1492 1502 sed
1525 1462 1712 1502 nondum
1743 1463 1959 1516 exquisita
1978 1465 2051 1504 illa
2069 1477 2157 1506 ma-

1272 1524 1337 1564 ria
1365 1525 1683 1577 navigantibus,
1713 1532 1760 1567 et
1793 1532 2014 1579 comperta
2049 1539 2164 1579 essm

1272 1589 1342 1628 De
1364 1588 1578 1640 Emporiis
1611 1588 1761 1629 Azanii
1792 1591 1922 1631 maris
1950 1591 2158 1645 loquitur,

1255 1647 1257 1649 ’
1272 1651 1388 1704 quod
1407 1651 1450 1691 in
1466 1656 1602 1692 terras
1614 1652 1906 1706 irrumpitper
1919 1653 2037 1696 freta
2049 1656 2159 1696 Ara·

1271 1715 1356 1756 bici
1374 1716 1507 1767 sinus,
1527 1725 1574 1757 et
1591 1717 1760 1758 Persici
1777 1730 1790 1757 ε
1819 1718 1841 1757 ὁ
1864 1718 1967 1767 μετὰ
1982 1717 2075 1760 τοὺς
2090 1718 2161 1761 τό·

1270 1794 1366 1820 ’rous
1396 1778 1579 1821 Ὠκεανὸς
1608 1779 1858 1833 ἆνερεύνητος
1893 1782 1946 1824 ὃν
1987 1783 2039 1826 εἷς
2083 1785 2161 1834 ’τὴν

1271 1840 1380 1882 δύσιν
1397 1842 1638 1894 ἀνακάμπτει
1651 1843 1717 1884 καὶ
1727 1847 1812 1887 τοῖς
1827 1846 2160 1900 ἀπεστραμμένοις

1269 1905 1402 1959 μέρεσι
1429 1909 1501 1955 τῆς
1534 1906 1741 1961 Αἰθιοπίας,
1783 1909 1848 1950 καὶ
1892 1910 2053 1965 Λιβύης,
2092 1912 2160 1956 καὶ

1269 1971 1453 2023 Ἀφρικῆς
1470 1969 1573 2011 κατὰ
1589 1970 1660 2012 τὸν
1688 1971 1801 2013 νότον
1828 1973 2089 2026 παρεκτείνων
2104 1975 2159 2017 εἰς

1271 2032 1344 2081 τὴν
1356 2032 1531 2087 ἑσπέριον
1545 2033 1984 2086 συμμίσγείθάλασσαν.
1989 2037 2156 2079 Salmas.

1332 2098 1485 2151 Gades]
1514 2099 1624 2140 Haec
1655 2099 1794 2139 insula
1825 2104 1909 2151 est,
1939 2101 2008 2141 vel
2041 2101 2159 2143 Urbs

1273 2162 1417 2214 potius
1447 2161 1698 2203 circumflua
1725 2167 1772 2204 el:
1803 2162 2043 2205 interamna
2058 2165 2160 2207 Tar·

1272 2229 1426 2277 tessos,
1444 2225 1610 2266 duobus
1643 2226 1781 2266 Baetis
1811 2227 1946 2267 amnis
1972 2227 2093 2268 ostiis
2113 2232 2160 2269 et

1272 2288 1381 2328 mari
1402 2294 1635 2340 concepta,
1651 2301 1775 2341 quam
1799 2289 1933 2329 Gadir
1947 2290 2064 2342 Tyrii
2085 2302 2159 2331 uo-

1270 2350 1500 2391 minan-unt.
1556 2350 1781 2402 Syriacum
1801 2362 1909 2403 esse,
1923 2358 2071 2392 notum
2090 2357 2160 2394 est

1271 2417 1376 2459 572.
1416 2417 1607 2470 Hesych.
1632 2415 1790 2470 Γάδειρα
1801 2417 2160 2471 τὰπεριφράγμανα

1269 2478 1448 2522 Φοίνικες.
1504 2479 1727 2522 Avienus:
1756 2481 1945 2522 ‘Poenus
1973 2493 2158 2537 namque

1271 2544 1411 2585 locum
1431 2544 1570 2585 Gadir
1590 2549 1716 2586 vocat
1744 2545 1933 2599 undique
1955 2547 2160 2599 septum!

1272 2608 1459 2648 Diversa
1491 2609 1644 2662 utique
1678 2608 1734 2649 ab
1767 2609 1839 2649 illa
1873 2610 2027 2662 insula,
2058 2623 2158 2664 quie

1245 2669 1315 2714 *in
1350 2671 1496 2723 capite
1530 2677 1597 2712 est
1625 2671 1826 2722 Baeticae,
1857 2685 1983 2726 quam
2018 2674 2159 2715 Latini

1274 2733 1464 2787 Gadium,
1483 2734 1630 2775 Graeci
1659 2735 1844 2787 Γαδείρων
1862 2736 2158 2789 indigitarunt.

1273 2796 1400 2838 Quod
1436 2796 1551 2836 idem
1592 2797 1825 2838 Salmasius
1871 2798 1925 2839 ad
1970 2799 2160 2840 Solinum

1272 2872 1392 2900 suum
1414 2860 1594 2902 notavit.
1650 2860 1763 2901 Vide
1782 2853 1914 2902 etiarn
1946 2862 2162 2903 Casaubo-

1271 2935 1372 2963 num
1394 2923 1448 2963 ad
1467 2923 1738 2964 Strabonem.

1327 2986 1390 3026 Ab
1410 2987 1567 3026 Heneto
1586 2986 1883 3038 paphlagones]
1916 2988 2030 3027 Nam
2054 2987 2158 3029 Ἐνε·

1271 3049 1332 3089 τοὶ
1372 3050 1526 3101 Veneti,
1546 3056 1594 3090 ut
1622 3048 1722 3090 οἶνος
1743 3050 1891 3101 vinum,
1910 3057 1956 3091 et
1989 3052 2158 3093 similia.

1272 3113 1395 3153 Idem
1429 3113 1576 3166 itaque
1609 3125 1780 3164 nomen,
1809 3126 1860 3154 ea
1879 3126 1926 3155 re
1946 3115 2159 3156 creditum

1273 3178 1454 3230 putabat
1474 3178 1638 3230 Nepos,
1653 3178 1727 3218 lios
1747 3177 1801 3218 ab
1818 3178 1900 3218 illis
1919 3185 2052 3218 ortos.
2080 3177 2159 3218 Ni·

1272 3240 1332 3279 hil
1354 3241 1509 3281 verius.
1567 3242 1638 3280 De
1655 3240 1825 3293 populis
1841 3240 1972 3292 igitur
1988 3239 2160 3280 Ἔνετοΐς

1272 3303 1546 3356 intelligebat
1575 3303 1739 3354 Nepos,
1768 3314 1851 3343 non
1883 3302 1938 3341 de
1960 3302 2054 3343 vico
2075 3302 2158 3342 He-

1274 3372 1375 3408 neto.
1431 3368 1515 3407 Eos
1545 3366 1587 3406 in
1619 3365 1914 3418 Paphlagonia
1932 3365 2001 3405 vel
2020 3377 2157 3419 prope

1273 3431 1612 3484 Paphlagoniam
1632 3429 1856 3470 incoluisse
1871 3429 2072 3471 volebant
2086 3443 2159 3472 ve·

1273 3499 1402 3534 teres.
1477 3492 1643 3533 Horum
1685 3492 1876 3533 meminit
1914 3492 2156 3537 Homerus:
