2306 3900
266 230 376 287 510

266 370 402 408 tatem
433 365 524 416 ejus
556 365 708 415 Lysias
738 363 917 403 Orator.
971 362 1043 404 Ab
1062 365 1145 404 Eu-

268 429 413 483 polide
433 438 599 480 quoque
627 427 793 466 comico
811 426 996 466 lasciviae
1024 433 1147 468 nota-

269 497 354 541 tus,
373 492 416 530 in
435 490 699 530 Adulatore.
729 490 742 511 ‘
764 488 1011 530 Alcibiades
1030 502 1056 529 a
1074 489 1147 529 foe-

265 555 522 595 minisnunc
540 559 678 594 exeat.
715 554 869 594 Delire
889 553 991 606 quid
1009 553 1147 594 dicis?

267 624 440 657 tuamne
476 618 623 656 abiens
666 616 837 656 domum
873 616 1147 657 Exercitabis

267 680 520 732 conjugem.
512 680 538 710 >¹
595 681 653 720 Et
684 680 1002 719 Pherecrates·
1040 679 1051 700 ‘
1073 678 1147 718 Al-

267 742 458 784 cibiades
475 754 558 783 non
579 748 648 782 est
666 741 746 794 vir,
771 746 820 781 ut
848 747 893 781 tu
910 741 1148 793 existimas,

260 804 619 862 ‘Mulier-cularum
640 815 823 856 namque
852 803 918 843 vir
948 801 1031 843 fuit
1059 816 1147 843 om-

265 866 412 910 nium!
440 860 606 922 Longol.
667 874 677 882 “

324 931 512 982 Ίῖηιιειιε]
549 920 636 973 Qui
673 942 699 970 a
734 929 1040 970 maledicentia
1074 942 1147 971 sua

265 993 525 1046 Epitimaeus
543 994 701 1034 dictus.

321 1059 415 1099 Duo
439 1057 814 1109 maledicentissimi]
854 1056 982 1097 Unde
1008 1057 1148 1098 Theo-

267 1128 469 1174 pompum
488 1121 739 1162 Athenaeus.
757 1121 830 1161 lib.
852 1131 914 1160 vr.
943 1119 1149 1170 δυσμένεσ-

266 1202 389 1226 τατον
417 1187 623 1239 appellat,
653 1198 803 1238 parum
833 1190 1034 1226 constans
1052 1185 1148 1224 sibi.

263 1250 351 1291 Sed
371 1250 471 1303 quia
501 1250 687 1302 ingenua
718 1248 921 1289 libertate
951 1247 1057 1287 vitia
1074 1248 1150 1287 ho-

266 1311 428 1353 minum
447 1317 687 1365 carpserat,
714 1312 942 1351 multorum
962 1310 1060 1349 odia
1077 1322 1150 1350 ve-

267 1376 372 1417 ritas
391 1376 454 1416 illi
473 1381 718 1428 paraverat.
773 1374 927 1425 ltaque
947 1371 1151 1419 βάσκανον

266 1445 313 1480 et
328 1439 507 1479 aliorum
518 1437 748 1478 virtutibus
763 1437 1028 1476 invidentem
1046 1437 1150 1477 mul·

266 1503 308 1543 ti
321 1502 667 1555 pronuntiarunt,
683 1513 788 1553 quos
807 1499 968 1541 refellit
981 1501 1148 1554 Diony-

264 1565 352 1606 sius
379 1565 593 1606 Lucianus
613 1564 669 1603 de
689 1563 998 1604 conscribenda
1014 1563 1148 1605 histo·

268 1629 333 1670 ria
344 1643 358 1669 ι
386 1628 462 1677 τὴν
477 1628 598 1676 αὐτὴν
613 1629 671 1677 τῷ
685 1626 900 1678 Θεοπόμπῳ
913 1627 1152 1680 κατηγορίαν

268 1691 363 1743 ἕξεις
391 1690 740 1744 φιλαπεχθημόνως
767 1691 1047 1743 κατηγοροῦντι
1072 1693 1151 1733 τῶν

265 1758 476 1796 mercarer.
510 1755 627 1795 Hinc
643 1756 655 1777 ‘
670 1755 1036 1806 Theopompicum
1050 1756 1151 1796 scri·

268 1820 400 1860 bendi
437 1818 589 1871 genus’
626 1819 820 1858 nominat
852 1818 1019 1869 Cicero,
1053 1831 1149 1860 cum

268 1883 324 1923 de
359 1883 553 1923 omnibus
586 1882 728 1922 omnia
759 1881 896 1921 libere
928 1883 1067 1936 palam
1086 1882 1150 1922 di-

267 1951 452 1993 cuntur:
483 1945 538 1985 ad
576 1945 776 1985 Atticum
807 1945 879 1985 lib.
897 1956 952 1986 11.
1000 1936 1151 1986 Carsan-

268 2012 356 2052 bon.
410 2013 483 2053 De
509 2011 676 2052 Timaeo
703 2012 769 2051 vel
797 2023 850 2051 ex
882 2011 1015 2052 Suida
1045 2012 1150 2055 licet

266 2088 542 2128 cognoscere,
562 2088 658 2116 eum
676 2087 862 2115 amarum
880 2079 926 2116 et
945 2076 1149 2116 acerbum

268 2138 398 2180 fuisse
436 2139 614 2179 aliorum
649 2144 958 2179 accusatorem.
1034 2139 1148 2189 Lege

267 2202 512 2255 Polybium,
525 2201 598 2242 lib.
614 2212 698 2241 xix.
731 2200 957 2240 videndus
972 2201 1148 2241 Vossius

269 2264 322 2305 de
341 2265 459 2307 Hist.
479 2265 645 2306 Graecis
666 2276 700 2305 1.
719 2268 758 2305 7.
772 2266 822 2303 'et
843 2267 908 2304 12.

326 2326 632 2377 Consenserunt]
659 2325 778 2369 Libri
808 2326 914 2365 Mss.
951 2337 1058 2378 quos
1090 2327 1144 2367 P.

267 2390 422 2432 Daniel
450 2395 495 2431 et
522 2391 589 2430 Cl.
615 2390 693 2430 Vir
722 2388 917 2428 Andreas
942 2389 1148 2429 Schottus

269 2458 527 2503 tractarunt,
547 2453 738 2491 laudando
761 2455 1002 2491 consuerunt.
1058 2450 1147 2491 Alii

267 2515 521 2556 conso-ierunt.
576 2514 753 2568 Aliquid
774 2515 898 2566 latet,
919 2514 1034 2568 quod
1055 2515 1146 2555 sine

266 2577 426 2617 indicio
443 2577 631 2618 melioris
649 2576 831 2626 codicis,
847 2576 918 2616 vix
936 2587 986 2617 ac
1002 2589 1057 2617 ne
1074 2577 1146 2616 vix

268 2639 440 2692 quidem
462 2640 708 2692 detegetur.
740 2639 939 2680 Gebhard.

322 2702 647 2755 Splendidissima
662 2701 842 2753 civitate]
882 2702 1042 2743 Nescio
1070 2714 1147 2743 cur

261 2762 361 2804 'haec
379 2765 573 2806 Lambin.
594 2765 750 2818 aliique
766 2769 1033 2816 suspectent,
1049 2776 1146 2805 cum

266 2827 308 2866 in
329 2828 436 2869 Mss.
453 2829 590 2870 Codd.
609 2828 859 2869 habeantur.
915 2828 973 2869 Et
1004 2828 1147 2868 simili-

265 2895 336 2929 ter
355 2902 485 2941 supra
502 2892 672 2932 locutus
691 2893 851 2931 Noster
881 2903 976 2942 cap.
997 2895 1036 2930 1.
1094 2891 1146 2930 In

266 2958 461 3006 sequent.
482 2954 574 2993 aliis
593 2966 674 2993 vox
693 2965 837 3004 omnes,
866 2953 960 2993 aliis
979 2953 1147 2992 Atheni·

265 3022 375 3055 enses
388 3015 525 3056 abest.
581 3016 774 3056 Lambin.
806 3021 1032 3066 utrumque
1067 3016 1146 3054 tol-

264 3076 399 3119 lebat.
454 3079 546 3131 Ego
561 3078 774 3131 posterius
789 3077 944 3129 malim,
964 3075 1144 3116 suaden-

266 3141 379 3181 tibus
398 3142 502 3182 Mss.
535 3141 735 3182 Boecleri
769 3147 815 3181 et
846 3134 1047 3180 Leidens.
1073 3140 1144 3192 qui

265 3202 454 3244 diserte:
488 3205 632 3246 Omnes
660 3204 858 3258 splendore
884 3201 1146 3254 acdignitate

263 3276 302 3305 v.
320 3277 407 3317 sup.

320 3328 532 3378 nignitate
550 3330 662 3382 vitoe]
691 3331 798 3371 Cum
823 3330 1023 3381 splendore
1045 3328 1144 3381 jun·

265 3389 394 3443 gitur,
431 3392 773 3445 intelligiturque
805 3392 853 3432 τὸ
885 3390 1146 3445 σεμνοπρεπὲς

263 3453 350 3502 μετ’
370 3453 645 3506 &paranetas
663 3455 728 3495 καὶ
745 3454 920 3508 χάριτος.
962 3455 1141 3498 Boecler.

318 3514 601 3571 AEquiparore]
646 3519 699 3560 In
732 3518 1035 3573 Themistocle,
1061 3525 1075 3545 ⁸
1094 3525 1144 3562 ut

652 248 832 288 NOTAE
871 248 1204 289 VARIORUM
1245 250 1311 290 IN
1350 253 1404 292 G.
1442 253 1704 292 NEPOTIS

1207 366 1343 418 ipsam
1365 369 1513 408 urbem
1540 381 1638 410 cum
1667 367 1879 422 dignitate
1897 369 2087 459 aequipa-

1209 430 1357 471 taret!
1390 432 1552 473 Savaro.

1265 493 1410 534 Omnes
1438 495 1540 534 enim
1568 495 1717 535 Boeotii
1747 493 1874 545 magis
1891 493 2089 547 firmitati

1208 558 1395 607 eorporis,
1431 569 1546 609 quam
1579 557 1732 607 ingenii
1760 556 1931 596 acumine·
1961 556 2088 598 inser-

1207 619 1338 670 siunt]
1380 620 1618 673 Corporum
1649 620 1917 660 Boeotiorum
1953 619 2090 661 robur

1211 693 1260 721 ac
1285 681 1590 723 firmitudinem
1620 683 1847 736 aliquoties
1873 694 2089 723 commen-

1207 743 1286 784 dat
1304 745 1523 786 Diodorus
1542 745 1614 785 lib.
1632 756 1708 786 xv.
1762 745 1814 785 Οἱ
1840 744 1882 785 δὲ
1907 747 2088 796 Θηβαῖοι,

1207 807 1365 861 inquit,
1382 809 1435 861 τῇ
1445 823 1493 848 τε
1509 808 1614 862 ῥώμῃ
1626 811 1705 850 τῶν
1720 809 1910 859 σωμάτων
1923 809 1988 850 καὶ
2001 812 2089 851 ταῖς

1209 871 1348 912 ἀλκαῖς
1382 870 1640 924 διαφέροντες.
1706 873 1862 914 Sensus
1902 874 2090 926 Nepotis

1210 941 1302 975 est:
1333 936 1491 976 Boeotii
1520 935 1659 987 majus
1677 935 1880 986 studium,
1907 936 2091 989 plusque

1184 1011 1354 1051 ,ορειω
1374 998 1628 1051 impendunt
1651 998 1694 1037 in
1715 997 1975 1050 acquirendo
1992 1009 2090 1039 con-

1209 1061 1502 1116 firmandoque
1533 1060 1725 1113 corporis
1762 1059 1932 1111 robore,
1962 1072 2090 1113 quam

1211 1125 1255 1165 in
1285 1125 1522 1166 excolendo
1554 1124 1741 1177 ingenio.
1769 1123 2088 1175 Epaminonda:

1207 1188 1221 1209 ‘
1245 1188 1441 1241 Namque
1478 1188 1541 1228 illi
1582 1186 1706 1239 'genti
1743 1186 2087 1240 [Thebanorum]

1211 1251 1307 1302 plus
1325 1256 1394 1291 est
1413 1251 1581 1299 virium,
1602 1262 1727 1303 quam
1747 1249 1935 1302 ingenii!
1974 1246 2092 1291 Hinc

1213 1314 1285 1353 alii
1303 1313 1491 1361 Βοιωτοὺς
1508 1313 1612 1366 παρὰ
1628 1311 1720 1354 τοὺς
1730 1311 1828 1359 βόας
1842 1312 2092 1352 denomina-

1211 1380 1277 1415 tos
1298 1377 1460 1428 volunt,
1488 1377 1538 1417 ὡς
1567 1377 1637 1417 οὐκ
1656 1375 1773 1416 ὄντας
1803 1377 1893 1416 ταῖς
1910 1374 2090 1416 διανοίαις

1211 1436 1312 1488 ἄγαν
1332 1439 1563 1491 εὖκινήτους,
1581 1440 1634 1480 ob
1650 1439 1889 1480 crassitiem
1912 1439 2090 1492 ingenii.

1213 1501 1413 1542 Gebhard.
1470 1502 1617 1556 Atque
1646 1503 1703 1543 ob
1729 1501 1978 1543 firmitatem
1998 1514 2094 1543 cor-

1211 1566 1326 1617 poris
1345 1565 1538 1619 ἆνδρείους
1555 1572 1684 1607 vocat
1710 1567 1805 1607 illos
1825 1567 2092 1618 Euanthius,

1211 1641 1315 1682 quos
1335 1630 1391 1670 ob
1411 1631 1625 1682 stupidam
1646 1635 1844 1671 naturam
1865 1630 1981 1670 miris
2001 1643 2091 1671 mo-

1212 1691 1278 1732 dis
1294 1692 1445 1746 reliqui
1461 1694 1606 1736 Graeci
1617 1694 1905 1746 exagitarunt.
1936 1695 2090 1736 Cicero

1213 1755 1267 1795 de
1281 1755 1391 1796 Fato
1409 1770 1419 1796 z
1449 1757 1460 1779 ‘
1480 1755 1661 1797 Athenis
1679 1762 1809 1796 tenue
1825 1757 2006 1806 coelum3
2036 1769 2091 1801 ex

1214 1830 1298 1871 quo
1314 1819 1525 1859 acutiores
1540 1819 1672 1858 etiam
1685 1825 1915 1859 censentur
1926 1818 2086 1860 Attici:

1213 1893 1399 1920 crassum
1414 1881 1570 1921 Thebis
1585 1895 1596 1930 ;
1626 1881 1772 1933 itaque
1785 1881 1963 1933 pingues
1978 1881 2093 1923 The-

1212 1942 1312 1982 bani
1343 1948 1390 1983 et
1420 1938 1640 1983 valentes!
1696 1943 1847 1995 Usque
1875 1943 1984 1984 adeo
2014 1937 2090 1984 ‘ve'-

1212 2017 1302 2045 rum
1324 2011 1405 2056 est,
1426 2006 1538 2059 quod
1557 2006 1688 2046 Plato
1709 2006 1815 2046 dicit
1834 2007 1876 2045 in
1895 2007 2056 2048 Timaeo
2070 2012 2087 2047 't

1211 2067 1314 2109 κατὰ
1342 2067 1434 2109 τοὺς
1460 2068 1621 2120 οὐρανοῦ
1653 2067 1794 2110 τόπους
1826 2069 1965 2120 κρᾶσιν
1994 2069 2090 2110 doctr

1210 2130 1405 2182 γενέσθαι.
1447 2132 1650 2172 Kenchen.
1706 2132 1759 2172 V.
1796 2132 1926 2171 Prov.
1973 2134 1985 2156 ‘
2005 2132 2088 2172 Sus

1211 2195 1439 2247 Boeotica,'
1459 2201 1506 2236 et
1524 2196 1784 2246 interpretes
1805 2194 1859 2234 ad
1876 2194 1981 2234 illud
1997 2195 2090 2235 Ho-

1210 2260 1309 2299 ratii
1330 2261 1467 2312 Epist.
1501 2271 1553 2300 11.
1590 2263 1628 2298 1.
1661 2262 1756 2300 244.
1796 2259 2024 2299 ‘Boeotum
2043 2259 2088 2299 iu

1210 2334 1351 2362 crasso
1364 2323 1535 2374 jurares
1556 2333 1657 2362 aere
1677 2321 1855 2362 natum!

1261 2388 1312 2426 In
1321 2387 1514 2438 patientia
1523 2385 1758 2438 ponebatur]
1777 2385 1984 2426 Horatius
1992 2384 2086 2426 od.

1207 2450 1282 2491 lib.
1301 2462 1335 2490 1.
1357 2453 1394 2490 7.
1423 2450 1436 2471 ‘
1455 2450 1531 2489 Me
1550 2460 1630 2488 nec
1650 2454 1737 2488 tam
1766 2448 1935 2499 patiens
1955 2448 2089 2488 Lace-

1207 2511 1405 2552 daemon!
1459 2510 1530 2551 Ob
1547 2510 1728 2563 rigorem
1747 2510 1943 2550 nimirum
1963 2509 2090 2551 disci-

1207 2576 1352 2628 plinae,
1368 2576 1488 2629 cujus
1504 2575 1723 2616 institutor
1742 2580 1836 2615 erat
1855 2576 2085 2627 Lycurgus.

1209 2640 1325 2691 Lege
1345 2639 1624 2679 Plutarchum
1644 2639 1686 2678 in
1708 2639 1906 2690 Lycurgo
1939 2648 1986 2678 et
2003 2638 2085 2678 La'-

1207 2713 1359 2742 conum
1379 2701 1603 2742 institutis.

1265 2765 1438 2806 Thracas
1470 2765 1642 2805 homines
1673 2763 1904 2816 vinolentos]
1955 2763 2087 2805 Plato

1209 2828 1262 2868 de
1281 2829 1449 2880 legibus
1470 2839 1503 2868 1.
1523 2828 1679 2868 Horat.
1699 2827 1784 2868 od.
1803 2839 1837 2867 1.
1869 2830 1937 2868 27.
1964 2830 1977 2851 ⁴
1999 2826 2087 2868 Na-

1209 2891 1265 2931 tis
1283 2891 1327 2931 in
1348 2903 1465 2931 usum
1495 2891 1664 2931 laetitiae
1692 2890 1863 2941 scyphis
1882 2890 2085 2942 Pugnare

1206 2954 1415 2994 Thracum
1435 2960 1518 2994 est.
1522 2954 1534 2972 '
1590 2953 1657 2992 Ad
1673 2964 1800 3004 quem
1815 2952 1954 2992 locum
1972 2951 2086 3004 lege,

1206 3028 1301 3068 quae
1333 3021 1643 3056 commentatus
1676 3020 1742 3054 est
1771 3013 2084 3054 eruditissimus

1203 3078 1467 3118 Torrentius.
1492 3078 1691 3117 Schoetus.

1274 3140 1475 3193 Rebusque
1516 3140 1699 3181 Vener-eis
1732 3139 1901 3192 deditos]
1954 3101 2083 3183 Quod

1205 3202 1398 3243 Thracas
1445 3202 1635 3242 homines
1681 3202 1863 3255 simplici
1908 3201 2082 3256 ingenio

1207 3272 1253 3307 et
1270 3267 1349 3306 sub
1369 3265 1526 3318 frigido
1556 3268 1664 3307 caelo
1683 3273 1805 3307 natos
1824 3265 1993 3306 deditos
2021 3266 2082 3306 rei

1206 3331 1370 3370 venerioe
1389 3330 1605 3370 insimulat
1625 3331 1790 3381 Nepos,
1806 3326 1908 3368 mihi
1926 3328 2081 3369 merito

1204 3392 1321 3434 forte
1335 3400 1582 3447 suspectum
1597 3399 1678 3444 est,
1693 3398 1738 3433 et
1753 3393 1883 3444 reique
1896 3390 2082 3433 veterina

1205 3457 1447 3510 legendum.
1522 3455 1747 3499 Quomodo
1782 3454 1836 3494 de
1868 3453 1949 3495 hoc
1985 3453 2080 3506 ipso

1203 3518 1431 3561 Alcibiade
1449 3518 1706 3562 Plutarchus
1725 3517 1769 3559 in
1786 3516 1968 3558 'I'hracia
1982 3515 2081 3558 vino
