2306 3900
313 267 440 325 660·

369 399 492 452 Cujus
521 410 638 452 opera
664 401 883 452 susceptum
904 396 1051 439 ‘bellum
1078 395 1200 449 esset]

311 465 402 506 Pro
422 464 551 515 culpa
572 475 621 503 ac
641 462 761 514 vitio,
779 467 830 503 ut
862 473 994 515 supra
1018 461 1060 503 iu
1080 460 1199 502 Alci-

311 530 442 572 biade
461 529 630 580 NepoS,
649 533 694 569 et
716 528 910 570 Catullus
930 527 972 568 in
991 527 1196 568 Passere:

310 596 323 618 ⁶
344 595 435 634 Tua
449 604 562 633 nunc
578 604 710 645 opera
724 591 889 632 Flendo
907 590 1114 642 turgiduli
1129 601 1198 630 ru-

307 658 415 698 bent
445 655 603 698 ocelli.’
659 657 719 697 Et
751 656 835 699 JC.
873 654 980 696 furis
1015 654 1197 708 beneficio

307 733 399 761 rem
417 720 568 762 abesse
580 719 747 771 dicunt,
762 731 841 772 pro
855 719 996 771 culpa,
1009 716 1197 770 εὐφημίας

307 797 453 836 causa,
468 789 518 826 ut
536 786 644 838 puto
660 799 672 836 ;
701 797 784 838 qua
803 784 932 825 etiam
948 784 1116 825 ratione
1134 783 1197 823 be-

306 850 490 905 neficium
514 861 540 890 e
567 848 764 890 Platonis
781 848 950 889 Timaeo
971 847 1106 889 vertit
1125 846 1195 888 Ci-

308 926 425 955 cero.
454 912 654 954 Schottus.

360 971 525 1018 Prc'etor
546 976 685 1026 factus
716 973 797 1027 est]
836 973 982 1015 Livius
1020 983 1194 1014 xxxnr.

306 1042 319 1064 ‘
341 1040 511 1081 Horum
529 1039 574 1080 in
593 1044 682 1080 tam
701 1037 932 1090 impotenti
951 1046 1085 1088 regno
1103 1035 1197 1089 (ue-

304 1116 388 1159 que
408 1104 523 1146 enim
548 1097 741 1144 civiliter
764 1101 908 1142 nimiis
925 1100 1081 1154 opibus
1100 1104 1194 1141 ute-

304 1166 486 1221 bantur)
504 1167 678 1208 Praetor
693 1165 839 1207 factus
858 1164 1096 1217 Hannibal,
1121 1176 1195 1205 vo-

304 1243 404 1273 care
451 1231 507 1272 ad
544 1242 592 1271 se
630 1227 920 1284 quaestorem!
995 1228 1196 1272 Justinus

302 1296 317 1318 ‘
337 1293 571 1337 consulem'
604 1298 735 1335 vocat
766 1293 844 1335 lib.
875 1303 1010 1334 xxm.
1064 1292 1195 1336 Quod

303 1356 420 1398 idem
439 1363 518 1402 est.
549 1357 665 1398 Nam
681 1369 706 1397 a
719 1357 832 1410 Pop.
850 1355 1197 1408 Carthaginiensi

304 1422 473 1461 electus
506 1419 592 1461 fuit
620 1418 761 1461 Sufes.
818 1417 943 1461 Sufes
961 1419 1195 1460 Poeuorum

304 1483 452 1536 lingua
462 1495 673 1524 summum
684 1481 985 1535 magistratum
1001 1480 1199 1534 denotat,

305 1558 433 1600 quem
453 1545 781 1588 constituebant
803 1546 953 1586 Romae
972 1545 1195 1596 Consules,

304 1609 421 1663 apud
441 1610 599 1650 Poenos
636 1607 830 1649 Sufetes'.
884 1606 1089 1649 Meminit
1118 1607 1197 1649 Se-

303 1685 411 1715 neca
441 1673 518 1714 lib.
545 1671 599 1714 de
627 1670 849 1724 Tranquil.
871 1682 968 1723 cap.
986 1674 1028 1711 3.
1056 1671 1071 1694 ‘
1093 1670 1197 1711 Non

302 1738 368 1778 vis
405 1736 491 1778 nisi
526 1736 704 1788 Consul,
731 1740 809 1776 aut
840 1734 1078 1787 Prytanes,
1121 1738 1198 1774 aut

304 1801 464 1854 ceryx,
490 1799 564 1841 aut
582 1797 708 1841 Sufes
743 1796 1044 1839 administrare
1064 1796 1199 1838 Rem-

302 1863 554 1917 publicam.'
608 1862 724 1904 Vide
754 1862 952 1910 Festum,
979 1859 1036 1900 ad
1068 1870 1197 1913 quem

301 1928 498 1981 Scaliger
511 1939 661 1969 vocem
676 1940 702 1968 a
716 1928 820 1967 rm?
837 1926 1198 1980 deducens‚idem

303 2002 400 2031 esse
431 1991 541 2044 vult,
569 1991 685 2044 quod
721 1983 893 2032 Graecis
926 1987 1078 2042 ἔφορος,
1106 1989 1197 2031 sive

304 2053 492 2106 ἐπόπτης,
527 2059 604 2095 aut
635 2046 859 2094 ἐπ’ίσκοπὸς.
915 2048 1093 2105 Quippe
1111 2063 1199 2093 non

304 2119 489 2171 amplam
506 2122 675 2158 tantum
691 2116 966 2169 dignitatem,
993 2115 1132 2168 qualis
1150 2115 1197 2155 in

303 2193 469 2222 summo
485 2180 763 2233 magistratu,
789 2177 836 2219 ὃν
852 2175 996 2219 πάντες
1020 2177 1071 2219 ὥς
1092 2176 1198 2231 ἥρωα

302 2245 458 2295 τιμῶσι,
487 2243 566 2284 sed
588 2247 635 2283 et
673 2241 883 2294 insignem
921 2240 1197 2293 sapientiam,

303 2305 441 2359 qualis
467 2306 512 2346 in
543 2305 803 2358 magistratu
822 2315 918 2344 esse
947 2303 1096 2355 debet,
1127 2314 1196 2344 re-

301 2367 450 2421 spicit.
475 2368 587 2409 Inde
601 2367 630 2410 J
636 2367 802 2407 ustinus
817 2365 1109 2406 Hannibalem
1123 2377 1199 2406 vo-

302 2435 376 2473 cat
411 2432 550 2473 virum
571 2430 626 2471 ad
647 2428 954 2484 prospicienda
981 2429 1195 2470 cavenda-

302 2505 387 2547 que
413 2492 610 2547 pericula
641 2491 855 2544 peritum3
881 2503 962 2532 nec
986 2492 1125 2533 minus
1148 2493 1196 2533 in

303 2557 507 2597 secundis
543 2555 738 2607 adversa,
765 2566 892 2608 quam
921 2553 966 2595 in
1001 2556 1195 2598 adversis

304 2619 498 2661 secunda
516 2619 808 2672 cogitantem:
829 2617 907 2660 lib.
926 2628 1063 2663 xxxx.
1083 2621 1196 2661 Kea-

302 2683 478 2724 ohenius.

357 2747 578 2798 Postquam
599 2757 672 2786 rex
695 2744 838 2794 fuerat
855 2756 956 2785 anno
973 2745 1137 2786 secundo
1153 2748 1195 2786 et

302 2808 509 2861 vigesimo]
540 2809 622 2849 His
652 2808 887 2861 improprie
917 2807 1043 2848 dictis
1063 2807 1196 2860 Regi-

303 2873 383 2912 bus
404 2870 624 2912 accenseri
652 2875 832 2923 possunt
857 2874 903 2910 et
920 2869 1014 2922 filii,
1040 2870 1195 2923 quibus

307 2934 474 2986 regium
497 2945 654 2974 nomen
681 2933 830 2973 datum
852 2946 876 2973 a
897 2932 1108 2986 patribus,
1126 2945 1195 2975 re-

305 2998 419 3051 giam
446 2996 534 3037 vim
561 2995 862 3037 retinentibus,
915 2995 1032 3035 Talis
1051 2995 1088 3035 is
1106 2995 1194 3037 Da-

304 3062 394 3101 rius
412 3059 513 3112 fuit,
541 3071 669 3113 quem
695 3064 823 3112 pater
842 3057 1108 3099 Artaxerxes
1121 3059 1196 3111 Ju-

303 3125 496 3166 dicatum
514 3123 703 3166 interfici
728 3124 875 3176 jussit.
931 3123 1192 3165 Plutarchus

305 3189 570 3230 Artaxerxe.
593 3188 783 3231 Grotius.

366 3252 423 3291 Ut
441 3252 546 3292 e'nim
564 3253 704 3293 Romoe
725 3253 927 3305 Consules,
945 3251 1003 3292 sic
1024 3251 1196 3292 Cartha-

303 3312 401 3364 gine
417 3315 623 3365 quotannis
640 3316 763 3356 annui
781 3315 864 3356 bini
882 3327 993 3367 reges
1010 3312 1196 3357 creaban-

305 3376 393 3428 tur]
439 3377 811 3420 Quemadmodum
854 3378 1196 3421 Lacedaemoniis

305 3439 399 3482 bini
430 3438 649 3493 praefecti,
683 3454 785 3483 mox
812 3441 902 3484 bini
931 3443 1089 3497 Reges,
1122 3453 1198 3498 uo·

308 3504 425 3545 mine
461 3502 613 3558 magis,
656 3516 782 3558 quam
818 3506 1014 3561 imperio.
1080 3505 1194 3549 Vide

693 278 872 319 NorAE
913 267 1252 318 VARI'ORUM
1292 276 1360 317 m
1402 279 1459 318 0.
1496 277 1760 322 NEPo‘rls

1263 408 1359 452 quae
1374 397 1430 438 ad
1446 394 1694 452 Agesilaum
1709 399 1861 438 notata
1878 398 1990 438 sunt.
2026 393 2146 441 Illud

1261 462 1455 514 regimen
1482 461 1637 503 multis
1673 460 1873 514 gentibus
1907 470 2147 505 commune.

1261 525 1391 578 Apud
1419 525 1572 568 Iberos
1605 525 1695 567 bini
1733 524 1982 576 deliguntur
2006 534 2149 577 reges,

1261 591 1373 632 alter
1391 590 1465 645 qui
1486 590 1590 643 jura
1619 589 1711 641 dat,
1739 589 1850 630 alter
1875 587 1947 641 qui
1977 586 2156 640 populis

1260 659 1438 707 praeest.
1493 654 1623 698 Quod
1654 653 1767 706 apud
1788 651 1973 693 Achaeos
2006 650 2154 692 similer

1261 717 1519 770 accepimus,
1543 721 1594 758 ut
1610 716 1734 758 binos
1751 721 1964 769 praetores
1984 722 2148 756 annuos

1260 780 1342 821 sibi
1362 779 1650 833 praeficerent,
1677 779 1751 832 qui
1771 778 1965 831 publicas
1996 788 2066 817 res
2093 776 2150 817 si·

1259 843 1349 884 mul
1380 846 1428 883 et
1454 841 1624 894 Judicia
1654 844 1885 881 curarent:
1914 838 2148 893 aliquando

1259 906 1427 959 decem,
1471 916 1577 959 quos
1620 901 1870 956 δημιουργοὺς
1917 901 2148 944 vocabant.

1259 968 1473 1011 Alexand.
1494 963 1548 1009 ab
1566 965 1778 1008 Alexand.
1796 977 1868 1008 m.
1887 969 1928 1007 8.
1960 965 2057 1006 ¹Sed
2070 966 2148 1007 ali-

1258 1033 1428 1087 quando
1457 1031 1658 1086 ,iudicum
1694 1029 1804 1071 ordo
1850 1027 2046 1082 praefuit,
2072 1028 2148 1082 qui

1259 1109 1402 1139 rerum
1439 1101 1486 1139 et
1522 1106 1801 1149 personarum
1824 1094 1901 1147 jus
1930 1092 2154 1136 trabebant-

1259 1159 1378 1214 apud
1397 1158 1789 1212 Carthaginienses.
1842 1157 2058 1199 Caeterum
2073 1156 2150 1198 isti

1258 1225 1401 1277 Reges
1419 1223 1552 1265 annui
1570 1221 1742 1264 Sufetes
1756 1232 1930 1275 *quoque
1956 1220 2151 1262 nomina·

1260 1289 1433 1331 bantur.
1489 1287 1554 1328 Ut
1573 1297 1727 1340 parum
1746 1285 1875 1337 absit,
1893 1283 1996 1338 quin
2014 1281 2148 1324 iidem

1257 1352 1421 1396 fuerint
1452 1365 1551 1395 cum
1582 1349 1868 1393 Praetoribus.
1932 1344 2148 1390 Quemad-

1257 1417 1432 1459 modum
1465 1417 1712 1473 cousulatus
1741 1418 1790 1455 et
1815 1418 2021 1467 praetura,
2049 1423 2149 1464 pro-

1258 1481 1355 1535 prie
1384 1479 1568 1534 imperia
1585 1479 1840 1520 dicebantur
1857 1476 1974 1531 apud
1992 1477 2150 1518 Roma-

1259 1560 1354 1590 nos.
1393 1548 1481 1590 Sed
1500 1546 1734 1589 notandum
1750 1546 1981 1587 Poenorum
1999 1545 2149 1586 Duces

1257 1611 1390 1664 Regis
1410 1621 1584 1664 quoque
1609 1609 1740 1650 titulo
1757 1607 1889 1650 fuisse
1908 1607 2149 1661 insignitos.

1260 1672 1390 1717 Quod
1424 1685 1482 1726 ex
1519 1672 1744 1713 Hannonis
1780 1671 1951 1724 periplo
1994 1670 2148 1724 liquet,

1260 1735 1383 1789 cujus
1399 1735 1520 1776 frons
1548 1737 1562 1759 ⁴
1583 1734 1815 1788 Hannonis
1828 1733 2150 1786 Carthaginien·

1259 1800 1370 1840 sium
1400 1798 1544 1852 regis?
1599 1797 1805 1839 Similiter
1830 1797 1984 1838 Imilce
2009 1797 2024 1820 ‘
2048 1797 2151 1838 Rex

1261 1860 1693 1915 Carthaginiensium'
1721 1860 1838 1915 apud
1855 1860 2073 1913 Justinum
2099 1864 2151 1900 et

1263 1924 1481 1966 Orosium.
1538 1924 1667 1968 Quod
1682 1937 1738 1966 ex
1753 1929 1966 1978 perpetua
1979 1922 2152 1977 plerun—

1261 2000 1346 2041 que
1378 1987 1640 2029 auctoritate
1670 1986 1966 2028 obtinuerunt.
2018 1979 2150 2027 Unde

1263 2052 1504 2105 Procopius
1532 2052 1587 2093 de
1609 2052 1724 2094 bello
1739 2051 1929 2094 Gothico
1946 2050 2023 2093 lib.
2035 2062 2068 2094 1.
2088 2048 2151 2091 di-

1262 2115 1340 2167 cit,
1367 2114 1575 2156 barbaros
1605 2115 1737 2156 duces
1768 2126 1882 2166 suos,
1910 2125 2038 2167 reges
2074 2124 2149 2154 vo·

1260 2191 1376 2222 care.
1404 2179 1562 2221 Kench.
1615 2178 1750 2232 Apud
1769 2177 2151 2233 Carthaginienses

1261 2244 1347 2284 duo
1366 2241 1488 2284 fuere
1509 2241 1695 2295 Sufetes‚
1711 2241 1755 2282 id
1771 2247 1855 2294 est,
1873 2241 2070 2292 Judices,
2090 2241 2150 2281 >si·

1258 2306 1380 2345 miles
1428 2305 1684 2347 Consulibus
1738 2304 1958 2356 Romanis‚
2012 2313 2150 2356 penes

1259 2359 1366 2420 quos
1382 2379 1547 2408 summa
1562 2372 1756 2420 potestas
1768 2367 1814 2410 in
1826 2367 2035 2420 populum
2045 2364 2150 2417 fuit,

1259 2435 1306 2470 et
1324 2430 1452 2484 plane
1471 2430 1609 2483 regia,
1625 2430 1707 2471 hoc
1720 2442 1804 2471 uno
1820 2429 2016 2482 dempto,
2029 2429 2148 2482 quod

1258 2493 1347 2535 duo
1365 2499 1511 2535 essent
1524 2507 1536 2545 ;
1554 2506 1683 2548 quem
1695 2506 1919 2535 numerum
1932 2493 2148 2534 binarium

1257 2569 1344 2599 non
1361 2557 1554 2599 admittit
1572 2558 1715 2611 regius
1732 2562 1890 2610 status,
1907 2556 2011 2610 quia
2027 2555 2146 2614 judi-

1258 2622 1350 2664 cari
1380 2633 1407 2662 a
1437 2633 1653 2679 quoquam
1684 2623 1873 2671 recusat,
1903 2618 1978 2673 qui
2023 2617 2149 2660 illum

1257 2686 1442 2729 obtinet.
1495 2685 1559 2728 At
1584 2685 1659 2727 ubi
1683 2685 1770 2726 duo
1798 2689 1900 2725 suut
1924 2687 2149 2737 potestate

1259 2754 1307 2790 et
1338 2749 1520 2803 imperio
1549 2749 1754 2802 aequales,
1785 2759 1895 2788 unus
1922 2746 1977 2788 'ab
2006 2747 2147 2788 altero

1260 2812 1470 2865 postulari
1502 2811 1661 2863 capitis
1694 2814 1741 2851 et
1769 2809 2045 2851 condemnari
2070 2820 2147 2861 po-

1259 2878 1363 2918 test.
1417 2874 1663 2928 Improprie
1695 2874 1843 2927 itaque
1870 2871 2042 2914 Probus
2069 2872 2150 2916 Su-

1258 2937 1485 2980 fetes'illos
1510 2937 1884 2989 Carthaginienses
1910 2934 2053 2989 Reges
2071 2947 2147 2988 ap-

1260 3001 1440 3053 pellavit
1476 3011 1668 3050 annuos3
1706 2999 1807 3052 quia
1837 3009 1893 3039 ne
1927 3009 2052 3055 reges
2077 2994 2146 3048 es·

1257 3069 1372 3116 sent,
1399 3062 1565 3104 duabus
1602 3062 1668 3103 his
1696 3061 1828 3103 rebus
1856 3060 2146 3118 efficiebatur,

1258 3133 1306 3169 et
1342 3127 1459 3182 quod
1491 3126 1640 3180 annui,
1669 3130 1714 3168 et
1751 3126 1866 3180 quod
1903 3125 2009 3168 bini.
2044 3124 2141 3167 Sat-

1260 3190 1423 3232 masiae.

1314 3254 1386 3295 Ex
1408 3253 1519 3294 novis
1541 3251 1812 3305 vectigalibus,
1839 3263 1918 3293 aon
1941 3249 2064 3308 solum
2096 3250 2143 3288 at

1259 3321 1359 3358 esset
1373 3316 1560 3370 pecunia]
1580 3317 1723 3358 Livius
1741 3324 1915 3357 xxxm.
1933 3313 1948 3338 ‘
1962 3311 2145 3365 Adjecit

1259 3381 1390 3435 aliud,
1398 3381 1529 3435 quod,
1536 3381 1650 3422 bono
1659 3379 1846 3434 publico,
1853 3374 1933 3418 sibi
1943 3375 2141 3429 proprIas

1258 3441 1496 3487 simultates
1513 3443 1717 3485 irritavit.
1770 3439 2015 3492 Vectigalia
2034 3439 2143 3493 pub·

1257 3508 1343 3551 lica
1367 3507 1527 3562 partim
1544 3503 1805 3559 negligentia
1824 3503 2140 3555 dilabebantur,
