2306 3900
296 235 500 287 lxxxiv

350 373 524 412 tercessit
558 372 687 411 nullus
724 378 866 424 temere
902 373 985 413 dies
1030 372 1174 427 (ferme

350 427 510 476 singulis
544 426 704 478 diebus)
743 429 923 472 xxv,⁷'20
969 427 1175 467 intercedit

352 479 546 517 aemulatio
572 478 690 529 hujus
721 478 777 517 rei
807 479 908 518 inter
937 479 1039 526 illos,
1078 479 1174 519 ibid.

351 532 476 582 (conf.
505 545 594 576 xxv,
614 532 675 583 5).
703 532 932 572 obtrectatio
963 534 1064 571 inter
1085 533 1175 571 illos

350 587 433 635 (est
464 585 564 623 inter
600 584 708 636 illos)
737 589 895 632 xxv,2o
933 586 1175 638 querimonia

352 638 452 677 inter
487 650 553 676 eos
590 637 770 690 (accidit,
811 639 1039 692 intervenit)
1086 651 1175 686 xxv,

296 744 534 795 Intercipere
568 756 711 782 moram
744 743 910 795 alicujus
954 745 1014 797 (v.
1046 744 1175 798 Mor.)

351 797 405 844 xi,
423 801 450 837 2
479 797 564 848 (Sic
584 798 719 836 Lamb-
739 811 747 835 :
780 799 848 837 sed
868 811 891 837 e
911 799 1008 838 Mss.
1027 799 1102 851 leg.
1114 799 1174 836 in-

307 877 309 879 -
352 849 526 902 terfecit)

298 904 484 943 Interdici
516 916 595 942 non
623 909 753 954 potest
771 916 903 942 socero
923 916 1040 956 gener
1060 902 1175 956 (con-

353 955 570 995 tubernium
600 963 641 994 et
671 957 873 996 convictus
903 957 1055 1009 generi)
1084 957 1175 1001 xxii,

352 1012 377 1048 3
407 1009 633 1061 (utrumque
641 1010 780 1048 Latine
798 1015 810 1032 ‘
823 1009 1176 1048 interdiciturmihi’

352 1063 437 1101 haec
456 1076 514 1102 res
532 1069 571 1101 et
591 1065 664 1102 hac
683 1076 737 1109 re,
757 1063 868 1100 aliter
884 1069 1012 1101 tamen
1033 1063 1157 1115 Mss.)

300 1117 492 1155 Interesse
512 1129 655 1167 pugnae
681 1116 738 1161 iii,
758 1118 784 1154 2
813 1116 925 1154 rebus
956 1116 1179 1156 domesticis

353 1168 519 1220 alicujus
547 1182 635 1215 xxv,
655 1173 707 1208 13
737 1169 849 1207 rebus
878 1169 1049 1220 privatis,
1079 1170 1178 1220 pub-

353 1221 438 1260 licis
464 1235 528 1267 xx,
543 1226 568 1261 4
599 1222 825 1275 (plusquam
846 1223 989 1260 nudam
1010 1235 1179 1274 praesen-

354 1275 447 1313 tiam
459 1275 604 1326 notat).
622 1289 751 1327 neque
765 1288 824 1314 res
840 1275 921 1313 ulla
935 1276 1006 1314 nisi
1027 1282 1179 1327 tempus

356 1329 514 1367 interest
544 1329 709 1381 (nullius
728 1328 782 1367 rei
801 1329 875 1367 nisi
900 1330 1084 1380 temporis
1102 1330 1179 1367 dis-

356 1382 500 1420 crimen
535 1381 762 1432 intercedit)
790 1381 895 1427 xviii,
928 1386 953 1421 8
999 1394 1087 1433 quae
1123 1383 1180 1420 in·

312 1469 315 1472 .
357 1441 523 1472 tererant
553 1434 871 1486 (interjacebant,
908 1435 958 1473 de
993 1435 1180 1486 regionib.

356 1487 474 1539 longo
493 1493 672 1526 terrarum
701 1488 826 1538 spatio
850 1487 1098 1541 interjectis),
1118 1488 1180 1526 Fr.

301 1594 524 1633 Interficere
542 1594 670 1632 hostes
698 1593 776 1638 xiv,
795 1597 822 1633 6
850 1594 1036 1631 maximos
1061 1594 1181 1633 duces

347 1647 463 1691 xviii,
488 1651 539 1687 12
562 1646 776 1685 interficere
809 1646 961 1684 insidiis
992 1646 1181 1697 (δολοφο·

357 1700 456 1750 νεῖν)
485 1700 562 1745 xiv,
581 1704 608 1740 9
636 1699 802 1737 interfici
834 1699 927 1738 dolo
957 1699 1034 1745 xxi,
1053 1702 1078 1741 3
1121 1700 1179 1738 in·

357 1754 540 1791 terfectus
559 1753 748 1791 exercitus
766 1753 866 1790 host.
886 1753 1059 1804 (deletus
1077 1753 1182 1792 occi·

356 1807 500 1857 dione)
527 1804 584 1852 iii,
602 1809 628 1845 2
666 1805 758 1845 Sic:
790 1818 931 1844 moram
952 1806 1096 1845 Laced.
1122 1805 1181 1844 in-

358 1859 511 1898 terfecit
539 1859 593 1905 xi,
612 1862 638 1898 2

304 1912 577 1952 Interfectores
597 1911 759 1951 Caesaris
777 1911 1064 1965 (percussores)
1092 1926 1180 1959 xxv,

304 2018 492 2057 Interim:
522 2031 610 2058 curn
638 2019 790 2057 interim
822 2032 902 2057 non
932 2019 1081 2058 destitit
1113 2031 1181 2071 pa-

360 2073 469 2110 triam
484 2072 622 2123 juvare
649 2072 741 2118 xvii,
761 2075 786 2111 7

305 2126 528 2164 Interimere
546 2140 555 2164 ε
582 2126 808 2164 interemtus
820 2125 918 2163 ferro
931 2125 1077 2164 Xerxes
1105 2125 1183 2172 xxi,

308 2231 469 2270 Interire
505 2232 602 2270 ferro
637 2232 819 2277 hostium,
847 2231 981 2282 inopia
1009 2232 1036 2278 i,
1070 2235 1094 2271 3
1141 2231 1181 2268 in

361 2285 524 2323 vinculis
553 2299 591 2330 v,
612 2289 632 2323 1
683 2286 754 2322 sub
790 2284 881 2322 divo
910 2285 963 2330 iv,
983 2290 1006 2324 5
1053 2284 1184 2323 interit

361 2338 529 2386 pecunia
549 2337 807 2388 (prodigitur)
835 2336 875 2382 ii,
896 2341 922 2375 2

309 2389 494 2428 Interitus
510 2403 520 2427 ι
550 2395 640 2440 post
657 2389 742 2440 ejus
761 2389 956 2428 interitum
977 2388 1180 2441 (mortem)

320 2475 323 2478 ,
359 2455 425 2487 xv,
445 2446 497 2482 10
548 2457 555 2461 ·

305 2495 471 2533 Interior
489 2507 574 2546 pars
593 2494 750 2540 aedium,
773 2495 888 2533 Praes.
908 2494 1076 2547 (oppon.
1106 2495 1182 2547 pri-

362 2561 446 2586 mus
464 2548 572 2587 locus
590 2547 753 2599 aedium)

307 2601 496 2640 Interiora
514 2599 675 2640 consilia
693 2599 940 2652 (secretiora)
969 2599 1075 2645 xxiii,
1094 2604 1119 2641 2

306 2655 526 2693 Internecio
543 2669 551 2691 ι
582 2655 630 2691 ad
645 2653 944 2692 internecionem
961 2660 1071 2705 gesta
1084 2653 1186 2693 bella

361 2708 467 2754 xviii,
487 2712 510 2747 3
542 2708 611 2758 (ad
634 2706 764 2757 partis,
783 2713 850 2744 aut
869 2707 1033 2758 partium
1052 2707 1186 2746 interi-

362 2767 456 2798 tum.
477 2760 659 2800 ἄσπονδοι
678 2759 863 2812 πόλεμοι)

307 2813 545 2852 Intemuntii
572 2813 639 2864 vii,
657 2817 680 2851 5

307 2867 548 2919 Interpellari
567 2865 803 2918 (impediri),
824 2864 884 2904 Fr.
903 2869 931 2904 6

306 2919 722 2971 Interponerecausam
751 2918 824 2964 iia
855 2918 994 2970 (alibiz
1024 2918 1185 2957 interse-

362 2986 442 3011 rere
468 2973 498 3018 i,
515 2977 553 3011 4.
583 2971 732 3010 Eodem
764 2971 894 3022 signif.
922 2970 1184 3023 προφασίζεσ-

359 3030 434 3070 θαι,
466 3031 650 3076 praetextu
669 3025 740 3062 uti.
769 3025 870 3064 Caes.
889 3023 941 3062 de
959 3024 1061 3062 Bell.
1080 3024 1184 3064 Gall.

360 3079 388 3124 i,
406 3082 459 3118 42
489 3085 499 3103 ⁶
522 3078 680 3116 nolebat
698 3077 933 3128 colloquium
959 3077 1185 3128 interposita

361 3145 477 3170 causa
496 3131 580 3170 tolli
595 3130 620 3179 ;’
649 3130 714 3168 ubi
731 3130 1016 3181 Metaphrastes
1034 3129 1183 3182 προφά·

363 3197 445 3223 cram
480 3183 818 3235 παραλείπεσθαι).
850 3183 1185 3236 interponereb(de

359 3237 510 3285 judicio
525 3237 793 3287 sententiaque
806 3236 1005 3287 scriptioni
1021 3237 1183 3288 inserta)

363 3289 440 3333 xvi,
460 3294 483 3328 3
513 3291 754 3340 interponere
773 3303 812 3328 se
846 3289 943 3341 (ope
970 3302 1040 3328 sua
1067 3289 1183 3328 inter-

363 3342 507 3385 venire,
537 3343 759 3380 facultatem
787 3342 838 3380 rei
866 3342 1086 3388 conciliare,
1117 3356 1184 3394 pe-

365 3394 479 3432 cunia
500 3402 592 3431 mut.
608 3394 755 3444 jurare.
788 3395 944 3447 Bocel.)
974 3410 1062 3441 xxv,
1083 3401 1121 3437 2.
1140 3400 1167 3435 9

1117 242 1313 289 iNnEx

1237 373 1484 426 Interpretari
1514 372 1723 425 (rationem
1741 371 1796 413 rei
1814 370 1997 428 reddere)
2025 385 2116 422 xxv,

1237 479 1502 519 Intestabilis:
1532 492 1654 532 usque
1672 481 1772 519 adeo
1790 480 2028 519 intestabiles
2054 480 2115 519 in·

1289 533 1438 585 visique
1466 533 1637 579 fuerunt,
1668 540 1710 573 ut
1727 533 1801 574 διο.
1832 532 2116 586 (detestabiles,

1293 586 1541 638 execrandi),
1559 586 1622 624 Fr.
1641 590 1667 626 2

1238 637 1452 679 Intestinus
1471 640 1743 691 (domesticus,
1765 636 1941 690 interior)

1291 692 1414 731 tinum
1426 692 1569 731 bellum
1589 692 1682 738 xxii,
1693 697 1718 732 2
1749 693 1834 744 (Sic
1847 692 1933 732 Cic.
1945 693 1996 730 ad
2009 691 2118 730 Fam.

1289 745 1344 792 xi,
1381 749 1432 785 24
1490 752 1502 770 ⁴
1523 745 1749 784 intestinum
1795 745 1898 784 urbis
1944 743 2119 784 malum?

1291 797 1454 836 Lamb.:
1489 804 1528 837 et
1547 799 1596 836 ad
1616 797 1781 836 Brutum
1809 801 1862 838 lo
1891 803 1903 821 ⁸
1923 797 2118 850 ingraven-

1291 851 1347 889 cit
1376 850 1500 888 indies
1528 850 1754 889 intestinum
1774 850 1930 898 malum,
1957 863 2032 891 nec
2050 864 2117 890 ex-

1291 903 1410 942 ternis
1427 903 1601 942 hostibus
1620 903 1756 955 magis,
1784 915 1902 954 quam
1933 903 2118 943 domesti-

1292 956 1348 995 cis
1372 956 1638 1008 laboramus’).
1663 956 1888 994 intestinum
1918 955 2119 1009 (substan-

1293 1008 1418 1060 tive):
1449 1010 1506 1048 vis
1525 1010 1647 1048 morbi
1678 1009 1719 1047 in
1749 1021 1868 1048 unum
1893 1006 2120 1050 intestinum

1293 1062 1471 1114 prorupit
1496 1075 1586 1109 xxv,
1605 1066 1655 1103 21

1240 1114 1407 1154 Intimus
1440 1115 1557 1161 alicui
1586 1129 1625 1162 x,
1657 1119 1676 1155 1
1722 1114 1852 1154 intimi
1883 1115 1984 1168 regis
2010 1113 2064 1162 ix,
2093 1119 2120 1157 2

1294 1168 1431 1206 intima
1467 1169 1637 1208 amicitia
1698 1169 1767 1215 vii,
1804 1174 1828 1208 5
1883 1168 2123 1208 familiaritas

1295 1222 1403 1268 xviii,
1425 1225 1462 1261 1.
1491 1236 1579 1270 xxv,
1595 1226 1623 1262 9
1650 1222 1785 1260 intime
1801 1221 1858 1259 uti
1871 1221 2006 1274 aliquo
2033 1235 2122 1268 xxv,

1243 1327 1390 1366 Intrare
1409 1334 1534 1368 castra
1559 1328 1637 1375 xiv,
1656 1331 1682 1368 2
1710 1327 1829 1366 limen
1856 1341 1896 1374 x,
1913 1330 1943 1368 9
1968 1333 2120 1381 portum

1297 1381 1366 1427 xii,
1385 1385 1411 1421 4

1243 1434 1434 1472 Introire:
1481 1434 1626 1486 primus
1661 1433 1702 1472 in
1735 1433 1939 1472 Thraciam
1975 1433 2124 1473 introiit

1298 1487 1366 1533 vii,
1387 1491 1411 1526 7

1245 1539 1432 1578 Introitus
1451 1539 1546 1578 aedis
1574 1540 1627 1585 iv,
1646 1545 1670 1579 5

1245 1591 1395 1631 Intueri
1427 1592 1566 1630 faciem
1599 1591 1766 1644 alicujus
1792 1591 1885 1638 xvii,
1914 1595 1940 1633 8
1980 1592 2124 1632 intueri

1299 1657 1379 1683 non
1417 1658 1529 1697 aequo
1566 1646 1695 1683 animo
1730 1645 1925 1684 fortunam
1955 1646 2123 1686 alienam

1299 1697 1478 1752 (invidiae
1510 1697 1754 1750 περίφρασις)
1783 1697 1849 1745 xii,
1869 1701 1893 1739 3
1921 1698 1962 1739 id
1978 1711 2123 1739 novum

1298 1753 1468 1798 intuens,
1495 1753 1676 1803 progredi
1693 1763 1772 1789 non
1790 1758 1850 1790 est
1867 1764 1983 1791 ausus
2009 1751 2078 1800 xii,
2097 1757 2121 1793 1

1299 1805 1384 1856 (Sic
1400 1818 1467 1856 qu.
1482 1806 1571 1843 edd.
1587 1819 1596 1843 :
1616 1805 1683 1844 sed
1698 1816 1768 1842 nos
1783 1804 1976 1844 edidimus
2003 1811 2015 1830 ‘
2025 1818 2119 1846 con·

1297 1858 1441 1904 tuens,'
1468 1859 1575 1910 quod
1610 1858 1714 1896 idem
1747 1863 1808 1896 est
1842 1870 1889 1897 ac
1917 1863 1929 1881 0
1948 1865 2121 1898 contem·

1296 1910 1474 1964 platus').
1515 1913 1599 1951 haec
1616 1910 1683 1950 ille
1701 1910 1857 1950 intuens
1881 1924 1970 1950 cum
1997 1913 2123 1951 nesci-

1298 1971 1356 2003 ret
1373 1963 1448 2003 &c-
1479 1962 1770 2018 (considerans)
1797 1977 1837 2011 x,
1854 1967 1881 2004 8
1908 1964 2036 2018 (conf.
2055 1965 2126 2012 xii,

1297 2017 1360 2070 2).
1387 2018 1611 2057 intuebatur
1629 2017 1772 2070 potius,
1801 2017 1896 2069 quid
1923 2018 2122 2059 sefacere

1298 2083 1369 2122 par
1403 2078 1518 2118 esset,
1546 2083 1663 2123 quam
1696 2070 1792 2123 quid
1827 2069 1894 2108 alii
1930 2071 2122 2111 laudaturi

1298 2124 1426 2162 forent
1461 2124 1700 2177 (spectabat,
1743 2123 1906 2175 agebat)
1950 2137 2042 2172 xxv,
2072 2129 2125 2165 lo

1297 2177 1339 2215 id
1369 2177 1498 2229 potius
1525 2178 1788 2224 intuebantur,
1816 2176 1931 2229 quod·
1953 2177 2124 2230 ipsorum

1297 2230 1570 2277 dominationi,
1622 2243 1737 2282 quam
1781 2230 1886 2281 quod
1937 2230 2124 2271 universae

1299 2282 1463 2322 Graeciae
1483 2284 1577 2322 utile
1595 2289 1697 2322 esset
1723 2283 1766 2329 ii,
1785 2287 1810 2322 7

1232 2335 1386 2374 'Invehi
1401 2336 1525 2374 multa
1542 2336 1581 2373 in
1601 2335 1769 2387 aliquem
1797 2347 1861 2380 κν,
1881 2339 1907 2375 6
1934 2336 2124 2376 nonnulla

1297 2389 1339 2426 in
1357 2388 1525 2440 aliquem
1553 2402 1616 2434 xx,
1635 2393 1659 2427 5
1689 2386 1876 2440 (alicu'us
1901 2388 2125 2440 exagitandi

1298 2453 1404 2492 ergo,
1433 2442 1573 2492 probra
1600 2452 1777 2493 spargere
1845 2452 1880 2479 c.
1910 2441 1976 2480 ubi
1994 2442 2123 2489 simul,

1299 2499 1312 2516 ⁸
1334 2493 1455 2532 multa
1486 2499 1528 2532 et
1557 2492 1764 2547 nonnulla’
1795 2493 1837 2530 in
1863 2500 2001 2544 quarto
2030 2496 2124 2534 casu

1301 2545 1522 2586 Graecorum
1541 2546 1760 2585 imitatione
1775 2552 1976 2598 usurpata,
1993 2548 2123 2588 obser-

1302 2600 1426 2640 vabis.
1455 2599 1613 2652 Boecl.)
2075 2597 2077 2599 ’

1247 2653 1456 2692 Inventum
1476 2652 1640 2706 (εὕρημα
1657 2650 1875 2700 consilium,
1895 2666 1969 2702 ars,
1990 2659 2125 2694 strate·

1301 2707 1434 2758 gema)
1455 2706 1520 2753 xii,
1540 2710 1560 2746 1
1592 2706 1775 2745 callidum
1795 2707 1902 2753 xviii,
1919 2711 1943 2746 5
1973 2704 2125 2760 (πλάσ-

1299 2774 1407 2809 ματα
1435 2759 1499 2799 καὶ
1531 2757 1844 2812 στρατηγήματα
1868 2766 1984 2800 vocat
2010 2760 2125 2800 Hali-

1302 2825 1469 2852 carnass.
1488 2812 1553 2851 lib.
1569 2813 1617 2866 3)
2062 2821 2066 2825 ’

1248 2865 1502 2905 Inveterascit
1520 2879 1572 2904 aes
1590 2864 1757 2904 alienum
1785 2879 1876 2911 xxv,
1894 2868 1921 2906 2
1949 2864 2124 2919 (Emeti-

1300 2932 1345 2957 us
1378 2919 1564 2971 exponit:
1594 2917 1885 2970 ‘extinguitur.'
1910 2918 1988 2958 Sed
2021 2919 2124 2959 Loc-

1301 2972 1435 3011 cenius
1454 2973 1495 3011 in
1513 2971 1604 3010 Ind.
1633 2970 1778 3011 Philol.
1812 2977 1931 3024 negat
1948 2969 2027 3010 alio
2045 2972 2124 3025 sig-

1302 3026 1461 3063 nificatu
1478 3025 1566 3063 heic
1584 3024 1854 3076 accipiendum
1879 3037 1978 3072 esse,
2005 3037 2123 3077 quam

1301 3091 1381 3130 quo
1398 3078 1483 3117 Cic.
1497 3078 1564 3117 lib.
1581 3081 1621 3116 3.
1649 3078 1698 3116 de
1711 3076 1816 3129 Rep.
1831 3090 1896 3130 ap.
1912 3076 2124 3130 Augustin-

1301 3133 1353 3170 de
1372 3131 1419 3170 C.
1435 3130 1489 3169 D.
1517 3129 1611 3176 xxii,
1630 3133 1668 3169 6.
1698 3129 1799 3170 Caes.
1817 3130 1867 3169 B.
1885 3130 1939 3170 G.
1959 3135 1997 3172 1·
2015 3136 2055 3170 et
2071 3131 2123 3171 B.

1303 3183 1389 3224 Civ.
1410 3187 1503 3224 11⁰.
1530 3182 1657 3222 Tacit.
1688 3182 1735 3222 A.
1766 3184 1820 3230 xi,
1850 3187 1918 3231 25,
1953 3187 2018 3224 10.
2062 3183 2123 3222 usi

1303 3242 1413 3276 sunt:
1443 3235 1551 3288 quib.
1584 3237 1686 3275 idem
1715 3243 1775 3275 est
1792 3249 1838 3276 ac
1857 3243 1868 3260 ‘
1885 3242 1993 3275 vetus
2013 3235 2123 3274 fieri?

1302 3289 1422 3341 idque
1449 3290 1609 3328 suadere
1639 3289 1706 3327 illa
1738 3304 1776 3328 v.
1794 3292 1818 3329 4
1854 3295 2007 3340 ‘neque
2035 3288 2120 3327 lon-

1303 3345 1388 3394 gius
1402 3355 1515 3394 quam
1532 3342 1678 3381 dictum
1695 3342 1808 3382 esset’
1820 3342 1892 3382 &a
1913 3354 2001 3380 nam
2015 3347 2123 3380 utro-

1302 3409 1378 3448 que
1397 3396 1483 3435 loco
1501 3396 1604 3434 idem
1622 3395 1725 3446 dici)

1958 653 1968 677 ε
1997 638 2117 678 intes·
