2306 3900
323 279 434 334 49⁰

701 293 882 334 NOTAE
921 293 1254 334 vammum
1298 295 1364 334 IN
1407 296 1462 336 C.
1499 296 1764 337 NEPO'rlS

321 411 375 452 de
393 411 472 452 hoc
491 423 633 452 amore
646 411 832 452 senserit
844 412 954 453 Bion
967 413 1201 466 Borystbe-
1258 414 1334 466 jus
1350 414 1518 454 initium
1535 414 1645 456 vidit
1662 414 1903 468 Pythodori
1918 415 2141 469 magum-

320 475 434 515 nites
454 475 497 514 in
515 473 707 514 Laertio.
738 474 866 526 [mg.
910 475 979 515 De
998 488 1082 529 quo
1101 476 1200 517 vide

323 537 596 588 Xenophont.
624 538 764 578 Δακεδ.
779 545 874 578 πολ.
902 538 1201 591 Plutarchum,

319 600 654 652 'theodor-etum,
673 602 920 655 Lucianum,
937 603 1205 656 Petronium,

322 669 369 704 et
387 663 505 704 alios.
554 665 671 704 More
692 665 938 717 Grcecorum]
983 667 1202 720 Scriptum

321 728 542 776 fueratjn
581 729 777 769 Danielis
807 737 853 770 et
879 728 1045 771 Gifanii
1075 742 1204 771 mem-

322 791 467 833 branis
501 804 643 832 amore.
696 793 758 832 Ut
795 793 869 844 sit,
903 797 1056 833 amatas
1086 797 1144 833 est
1178 807 1204 833 a

322 854 457 899 nmltis
473 867 604 895 amm-e
624 855 883 903 Groecorum3
915 856 1000 896 κατ’
1025 854 1206 896 Ἀττικὸν

322 920 476 970 σχῆμα,
493 925 541 958 ut
559 919 749 972 loqui-tur
767 918 934 960 Suidas.
961 920 1072 960 Sunt
1091 921 1205 960 enim

323 984 574 1026 Graecorum
611 983 847 1035 palilogiae,
881 982 992 1036 ὕβριν
1023 982 1207 1036 ὑβρίζειν,

321 1047 463 1098 μανίαν
472 1046 686 1098 μαίνεσθαι,
701 1045 831 1100 χαρὰν
842 1044 1008 1100 χαίρειν,
1025 1047 1206 1100 aliaeque

322 1113 368 1153 id
387 1124 534 1165 genus,
545 1123 630 1152 non
646 1111 941 1152 transmarinae
960 1111 1112 1162 solum,
1131 1109 1207 1150 sed

323 1181 371 1216 et
397 1175 594 1216 Romana
625 1175 801 1216 civitate
830 1187 855 1214 a
887 1174 1104 1216 veteribus
1133 1174 1207 1215 do-

323 1243 452 1280 natae.
522 1238 596 1279 Sic
627 1238 641 1260 ‘
667 1238 774 1278 mori
806 1236 974 1290 morte‚'
1015 1239 1030 1261 ⁶
1048 1237 1207 1278 cadere

323 1302 454 1354 casu,'
471 1306 517 1343 et
536 1302 620 1342 alia
638 1301 753 1354 apud
766 1307 977 1343 auctores.
1004 1300 1206 1342 Keras-hen.

323 1365 524 1418 Respicit
560 1365 615 1406 ad
646 1364 754 1405 illud
803 1364 918 1417 quod
955 1363 1126 1404 dixerat
1161 1364 1205 1404 in

324 1427 596 1482 praefatione,
627 1430 640 1452 ‘
662 1427 812 1469 Laudi·
837 1427 881 1468 in
899 1428 1069 1470 Gracia
1087 1427 1206 1469 duci-

324 1498 395 1533 tur
414 1490 778 1532 adolescentulis?

381 1556 500 1596 Plato
535 1556 580 1595 in
611 1554 831 1608 Symposio]
899 1554 1033 1607 Cujus
1076 1554 1208 1596 verba

326 1618 519 1670 longiora
551 1623 665 1670 sunt,
692 1630 822 1671 quam
852 1623 902 1658 ut
930 1619 1027 1659 heic
1060 1619 1208 1672 adjun-

328 1694 439 1735 gam.
496 1682 696 1722 Laiirtius
724 1683 767 1722 in
799 1682 901 1723 Vita
932 1683 1122 1723 Socratis
1139 1695 1208 1724 ac·

327 1753 526 1787 cusatum
544 1746 674 1786 fuisse
693 1746 815 1798 dicit,
841 1746 954 1800 quod
972 1753 1124 1788 contra
1133 1748 1208 1800 jus

327 1815 375 1851 et
404 1809 469 1850 fas
503 1809 694 1850 homines
730 1815 1041 1862 corrumperet.
1113 1811 1210 1851 Nisi

326 1871 537 1927 forte-hoc
557 1871 640 1912 alio
668 1865 865 1924 spectat:
893 1883 991 1912 nam
1020 1877 1068 1913 et
1098 1873 1213 1913 citra

327 1935 610 1989 impudicitiae
627 1943 773 1976 notam
803 1934 897 1975 aliis
916 1935 1045 1975 etiam
1073 1935 1211 1976 modis

327 1999 547 2051 corrumpi
564 2006 742 2052 possunt
767 1999 1079 2051 adolescentes,
1097 1999 1212 2052 quod

331 2062 554 2114 Aristoph.
580 2062 626 2102 in
658 2061 840 2103 Nebulis
878 2061 1047 2113 arguit3
1084 2060 1219 2114 juve·'

331 2138 432 2166 num
453 2125 748 2177 corruptiones
765 2138 790 2164 a
806 2124 988 2166 Socrate
1003 2129 1213 2177 patratas,

330 2199 415 2228 non
441 2187 496 2228 ad
514 2186 845 2239 impudicitiam,
863 2187 938 2227 sed
963 2187 1211 2240 improbita-

333 2257 422 2292 tem
456 2255 504 2291 et
545 2250 709 2303 reliqua
758 2249 951 2290 facinora
1003 2249 1211 2290 referens.

332 2314 510 2365 Magius.

387 2377 442 2418 Se
458 2380 702 2428 pernoctasse
728 2389 815 2416 cum
841 2376 1023 2429 Socrate]
1064 2378 1212 2431 Respi-

334 2451 436 2482 cere
470 2439 643 2480 videtur
673 2439 729 2480 ad
763 2439 1054 2494 πιδερασηίαν,
1087 2453 1212 2494 quam

335 2503 463 2544 Plato
498 2507 630 2544 vocat
659 2503 713 2544 de
744 2504 850 2556 Leg.
882 2504 957 2544 lib.
987 2516 1019 2544 1.
1044 2503 1095 2543 τὸ
1111 2503 1216 2558 παρὰ

333 2565 454 2618 φύσιν
480 2564 682 2618 τόλμημα,
719 2567 774 2608 D.
802 2567 1007 2608 Clemens
1043 2566 1119 2608 lib.
1153 2579 1215 2610 vr.

338 2631 488 2672 Const.
525 2629 679 2682 Apost.
708 2642 801 2682 cap.
839 2634 907 2671 27.
953 2630 1057 2684 παρὰ
1099 2629 1217 2683 φύσιν

332 2693 553 2742 βδελυκτὴν
574 2692 688 2745 μίξιν,
712 2694 830 2743 alibi,
843 2693 947 2748 παρὰ
955 2694 1073 2747 φύσιν
1083 2694 1215 2745 κακὸν,

297 2805 303 2811 ἱ
335 2757 574 2798 adulterium
587 2761 725 2798 contra
740 2752 935 2799 naturam.
965 2760 1216 2800 Lactantius

337 2821 405 2861 De
438 2822 552 2862 Fals.
574 2821 712 2873 Relig.
732 2833 764 2862 ι.
785 2824 826 2861 3.
882 2822 952 2862 De
980 2835 1063 2875 qua
1089 2823 1217 2875 insig-

335 2884 452 2924 niter
468 2885 674 2925 Tatianus
700 2890 855 2924 contra
873 2884 1076 2926 Groeeos:
1109 2887 1219 2926 παιδ-

338 2946 503 2999 εραωτία
549 2945 621 2996 μὲν
670 2945 745 2985 ὑπὸ
778 2944 983 2999 βαρβάρων
1029 2947 1220 3000 saonam,

338 3025 369 3050 π
499 3022 545 3050 ns
575 3007 720 3048 παίδων
748 3007 911 3059 ἀγέλας,
935 3009 1066 3063 ὅσπερ
1091 3010 1220 3051 ἵππων

338 3081 415 3126 φορ
547 3101 558 3123 ,
570 3070 809 3124 συναγείρων
827 3071 953 3112 αὐτῶν
968 3071 1220 3126 πειρωμένων.

338 3137 534 3179 Juvenal.
578 3138 591 3160 ‘
612 3136 767 3178 Nonne
783 3141 908 3188 putas
925 3136 1090 3187 melius,
1106 3136 1220 3189 quod

342 3206 486 3241 tecum
505 3199 626 3253 pusio
643 3199 801 3240 dormit
814 3198 842 3240 ?'
857 3202 938 3240 &c.
966 3200 1166 3241 Keuchea.

394 3263 457 3304 Ac
474 3263 633 3316 filinae
662 3262 842 3315 parente]
888 3263 1059 3304 Praeter
1077 3264 1223 3305 Plato·

342 3336 441 3365 nem
451 3331 497 3364 et
511 3325 789 3365 Plutarchum
805 3325 1064 3368 Petronius:
1092 3330 1104 3351 ‘
1122 3329 1220 3369 Non

343 3393 434 3428 tam
458 3386 646 3427 intactus
678 3386 930 3429 Alcibiades
959 3389 1005 3430 in
1032 3402 1224 3445 proecsp-

347 3449 451 3491 toris
470 3447 537 3490 sui
554 3449 753 3489 cubiculo
766 3450 939 3502 jacuit!
962 3451 1128 3495 Sauum.

401 3513 509 3556 cn.
527 3515 569 3554 s.
606 3513 721 3555 neto»
753 3513 1094 3571 Peloponnesium]
1132 3516 1225 3559 Hu-

1265 483 1350 517 t-us.
1403 476 1689 529 Thucydides,
1704 478 1780 519 ubi
1799 479 1854 519 de
1872 490 1926 519 eo
1943 479 2049 532 agit,
2066 479 2143 521 ub.

1263 551 1316 581 11.
1368 538 1446 579 Καὶ
1461 540 1683 593 Πυθοδώρου
1699 539 1759 582 ἔτι
1781 540 1849 582 δύο
1863 543 1988 592 'siivas
2003 541 2144 595 ἄρχοι-

1261 617 1333 644 ros
1361 603 1588 652 Ἀθηναίοις.
1661 605 1888 646 Consentit
1915 607 2144 660 Dionysius

1265 666 1552 709 Halicarnass.
1579 668 1625 708 in
1662 668 1870 722 Isocrate,
1909 668 1994 710 ubi·
2017 669 2145 722 dicit,

1263 729 1278 752 ‘
1298 734 1448 770 natum
1477 742 1575 770 eum
1603 737 1819 772 oratorem
1847 744 1960 773 anno
1977 738 2145 775 vrante

1265 790 1425 831 bellum
1444 792 1557 832 istud
1576 793 2017 845 Peloponnesiacum?
2058 796 2148 839 Eu-

1266 855 1407 895 sebius
1426 857 1595 913 quoqne
1612 858 1657 897 in
1685 858 1766 900 hoc
1795 861 1890 912 ipso
1914 872 2053 903 annu:
2095 864 2144 904 ‘0
2215 890 2218 893 -

1267 920 1631 969 Πελοποννησιακὸς
1647 920 1818 972 συνέφη
1829 923 2014 975 πόλεμον.
2056 925 2147 967 Alii

1267 990 1477 1036 sequente
1510 997 1640 1038 anno,
1666 991 1714 1028 et
1744 988 1954 1030 archonte
1981 990 2148 1042 Bathy-

1268 1047 1393 1088 demo
1409 1047 1624 1100 incepisse
1643 1049 1833 1092 tradunt.
1877 1051 1933 1092 In
1949 1051 2016 1093 his
2033 1052 2149 1094 Ano·

1268 1122 1421 1164 nymus
1453 1116 1499 1151 et
1527 1111 1711 1155 Diodor.
1743 1113 1817 1156 lib.
1847 1124 1938 1155 xu-
1994 1115 2054 1156 Et
2075 1114 2148 1157 hic

1268 1175 1417 1216 Romae
1437 1174 1627 1216 conditae
1647 1174 1733 1217 fuit
1747 1187 1964 1218 cccxxxix.
1982 1177 2043 1218 de>
2063 1188 2148 1232 qao

1268 1237 1369 1279 Aul.
1389 1239 1503 1279 Gell.
1522 1239 1592 1279 lib.
1608 1250 1724 1282 xvir.
1741 1243 1809 1282 21.
1837 1242 2055 1283 Meu-sias.

1320 1301 1598 1355 Syracusanis]
1639 1303 1916 1345 Describitur
1944 1300 2027 1346 hoc
2061 1305 2152 1346 bel-

1266 1365 1354 1405 lum
1373 1377 1399 1406 a
1415 1366 1665 1419 Thucydide
1698 1366 1774 1409 lib.
1806 1379 1870 1410 vr.
1901 1373 1947 1409 et
1975 1369 2150 1412 sustine

1266 1427 1340 1468 lib.
1358 1440 1402 1470 v.
1446 1429 1612 1481 Longae.
1643 1431 1758 1482 Mag.
1812 1431 2008 1485 Contigit
2037 1444 2151 1474 anno

1267 1502 1365 1534 xix.
1382 1493 1831 1548 Peloponnesiaci,qui
1841 1495 1996 1536 tertius
2003 1495 2152 1536 Siculi.

1324 1555 1420 1596 Duo
1431 1561 1624 1608 proeterea
1640 1558 1796 1608 collegoe
1811 1557 1917 1610 dart]
1949 1557 2151 1611 collegas

1268 1618 1484 1659 vocabant
1508 1619 1711 1672 legitimae
1729 1619 1966 1672 *cujusdam
1981 1621 2151 1662 militia

1270 1680 1423 1721 socios.
1475 1681 1792 1734 Epaminonda:
1830 1683 1846 1706 ‘
1871 1682 2152 1736 Haben-etque

1271 1743 1458 1795 collegas
1477 1743 1600 1794 duos,
1616 1755 1794 1796 quorum
1812 1744 1924 1785 alter
1940 1751 2051 1786 erat·
2064 1745 2152 1787 Pe-

1271 1805 1460 1858 lopidas!
1487 1806 1547 1846 Et
1563 1806 1661 1847 hinc
1680 1806 1898 1858 colleg-iam,
1913 1804 2022 1858 τάξις
2031 1818 2155 1860 cvpa-

1271 1869 1446 1921 τιυτικὴ,
1465 1874 1513 1910 ut
1526 1871 1720 1923 explicat
1732 1876 1856 1911 vetus
1871 1871 2153 1914 Glossarium.

1273 1933 1426 1974 Keuch.
1481 1932 1726 1974 Praefectus
1758 1934 1907 1975 classis
1936 1933 2155 1976 interdum

1272 1996 1629 2048 solus-imperium
1649 1995 1842 2047 tenebat,
1866 1996 1943 2037 sed
1957 1995 2158 2050 frequen·

1274 2064 1344 2100 ter
1362 2072 1460 2100 cum
1488 2058 1664 2111 collegis
1692 2059 1786 2111 pari
1805 2065 2020 2111 potestate
2050 2071 2158 2112 pm·

1274 2123 1394 2173 ditis,
1411 2127 1461 2162 ut
1479 2121 1548 2162 hic
1576 2120 1826 2162 Alcibiades
1844 2134 1940 2163 cum
1959 2123 2091 2165 Nicia
2109 2129 2157 2165 et

1273 2186 1503 2234 Lamacho,
1531 2197 1616 2238 qua
1641 2185 1694 2225 de
1715 2197 1762 2225 re
1779 2184 2020 2227 Schefferns
2037 2187 2083 2227 in
2101 2187 2158 2229 de

1274 2250 1403 2290 Milit.
1434 2250 1590 2290 Navali
1606 2249 1681 2291 lib.
1709 2260 1772 2290 tv.
1792 2254 1833 2290 6.
1862 2251 2022 2291 Caussa
2046 2254 2158 2304 crat,

1275 2325 1330 2352 ne
1359 2313 1529 2365 imperii
1558 2324 1761 2352 summam
1792 2313 1883 2363 uni,
1901 2314 1939 2353 si
1964 2313 2160 2355 domina-

1277 2376 1435 2417 tionem
1472 2374 1710 2427 affectaret,
1761 2375 1996 2417 infeliciter
2041 2389 2159 2418 com-

1276 2440 1527 2489 mitterent3
1569 2439 1646 2479 sed
1664 2439 1760 2491 ejus
1778 2439 2037 2491 cupiditates
2067 2441 2158 2482 col-

1276 2504 1385 2555 legis
1403 2502 1562 2544 additis
1582 2503 1848 2543 cohiberent.
1876 2503 2097 2545 Plus-reu·
2111 2504 2158 2545 in

1278 2566 1416 2608 Alcib.
1451 2565 1507 2606 de
1535 2578 1589 2607 ea
1616 2567 1816 2607 cautione
1841 2567 2097 2608 Forstneras
2110 2568 2157 2608 in

1277 2631 1420 2672 Taciti
1437 2630 1553 2671 Ann.
1573 2641 1627 2670 n.
1647 2631 1786 2682 plura.
1812 2630 1977 2670 Lmen.
2035 2648 2039 2660 -·

1335 2693 1480 2734 Nicias
1493 2697 1534 2734 et
1552 2693 1788 2747 Lamachus]
1827 2694 1934 2735 Cod.
1952 2693 2007 2734 P.
2025 2692 2159 2734 Dani-

1280 2758 1372 2810 elis,
1401 2757 1526 2798 Misia
1556 2762 1597 2798 et
1627 2758 1859 2798 machus.
1913 2756 2000 2798 Sed
2017 2768 2162 2806 emen·

1280 2821 1482 2873 dandum,
1516 2820 1657 2862 Nicias
1691 2825 1731 2861 et
1761 2821 1992 2861 Lamchus.
2045 2820 2160 2861 Nm

1282 2889 1433 2936 aperte
1451 2884 1496 2924 in
1523 2884 1723 2926 Justino:
1763 2885 1778 2907 ‘
1798 2883 2012 2923 Creantur
2028 2882 2161 2924 duces

1283 2948 1428 2989 Nicias
1454 2952 1503 2987 et
1529 2946 1775 2988 Alcibiades
1804 2953 1851 2987 et
1881 2944 2164 2996 Lamachuu'

1282 3012 1356 3064 qui
1375 3011 1468 3062 pari
1488 3015 1704 3062 potestate
1725 3010 1898 3061 praediti
1912 3016 2038 3050 erant
2062 3020 2181 3051 cumr

1282 3072 1521 3113 Alcibiade.
1575 3072 1744 3112 Habuit
1771 3078 1913 3112 mitem
1931 3072 2003 3113 liic
2023 3072 2163 3125 impe·

1284 3136 1390 3176 rium
1410 3135 1637 3189 aliquando
1655 3136 1784 3188 solus,
1801 3147 1886 3175 non
1902 3141 2045 3176 tamen
2062 3143 2164 3188 por·

1285 3203 1477 3251 petuum,
1503 3198 1579 3238 sed
1598 3204 1648 3238 ut
1667 3198 2058 3250 voluntatepopub·
2079 3197 2164 3238 de·

1284 3262 1430 3314 latum,
1461 3261 1524 3302 ita
1541 3261 1595 3302 ab
1614 3261 1809 3314 ejusdem
1825 3261 1956 3301 etiam
1983 3260 2163 3302 arbitrio

1283 3338 1548 3379 suspensum.
1604 3327 1674 3367 De
1700 3338 1784 3381 qua
1807 3338 1852 3366 re
1867 3326 2162 3369 Thebanorum

1284 3390 1425 3442 legem
1461 3394 1764 3431 commemorat
1788 3389 1834 3430 iu
1868 3388 2165 3441 Epaminonda

1287 3455 1436 3507 Nepos
1452 3467 1479 3494 ι.
1511 3455 1526 3477 ⁶
1546 3453 1639 3495 Lex
1691 3458 1787 3493 erat
1835 3451 2015 3505 Thebis,
2061 3462 2161 3507 qam

1285 3520 1428 3561 morte
1456 3515 1708 3569 mulctabat,
1742 3515 1779 3558 si
1812 3516 1907 3570 quis
1935 3515 2164 3570 imperium
