2306 3900
603 287 797 326 xxlu.

174 406 339 448 lanians
357 407 501 462 lupus,
516 406 589 460 qni
617 406 805 447 intactus
822 410 1047 455 evaserat3

168 471 219 517 ‚in
255 472 408 512 arbore
450 470 654 524 praetoria
685 482 867 510 examen
897 482 1051 522 apum;

175 535 231 575 ab
263 535 389 575 humo
421 532 594 587 prodire
636 534 831 573 nolentes
867 532 1050 585 aquilae;

176 598 373 645 Consulis
391 609 514 644 casus
534 608 665 648 supra
685 595 934 647 cespitantis
953 595 1053 647 equi

175 666 308 714 caput
324 660 500 710 evoluti,
509 671 604 700 cum
623 659 666 698 in
683 670 777 698 eum
794 657 1053 707 insiluisset3

174 724 310 765 adhoc
328 723 478 774 ingens
497 722 765 762 commissam
780 721 913 762 aciem
933 733 1053 761 secu-

175 793 245 836 tus
264 793 394 836 terrae
413 791 587 837 tremor,
605 791 652 826 et
679 785 907 826 multarum
938 784 1054 826 urbi-

176 864 248 892 um
267 850 401 891 ruina.
454 848 568 889 Vide
589 848 754 889 Livium
788 854 835 889 et
867 849 1056 900 Florum,

174 924 357 966 ,qnorum
387 911 606 952 historiam
637 911 710 964 qui
739 911 955 964 cognovit,
982 911 1055 951 vix

175 976 274 1019 huic
291 975 517 1028 ignoverit.
546 975 746 1015 Kenchen.

235 1041 285 1080 C.
320 1039 569 1090 Centenium]
626 1040 763 1082 Quem
797 1038 869 1079 alii
901 1042 1057 1081 vocant

178 1103 472 1144 Centronium.
535 1102 692 1153 Polyb.
744 1102 903 1144 Livius.
974 1102 1057 1143 Vel

171 1166 375 1211 ¹Marcum
436 1165 705 1218 Centenium,
762 1177 848 1206 non
892 1165 1058 1206 Caium.

178 1230 403 1271 Plutarch.
473 1230 559 1270 Hic
578 1243 604 1270 a
623 1231 702 1271 Cn.
718 1230 900 1271 Servilio
918 1231 1058 1272 altero

179 1293 380 1345 Consule,
398 1293 546 1334 audito
566 1294 823 1335 Hannibalis
856 1295 900 1334 in
930 1296 1058 1342 Etru-

178 1357 287 1397 riam
303 1357 504 1410 transitu,
512 1358 755 1410 praemissus
770 1357 928 1400 fuerat.
974 1359 1060 1399 Po·

178 1418 270 1470 lyb.
325 1420 470 1460 Livius
501 1433 526 1460 a
558 1421 716 1461 Senatu
746 1422 883 1473 ipsum
909 1427 1061 1462 contra

173 1482 468 1535 ‚Hannibalem
487 1484 764 1536 praemissum,
781 1483 932 1526 refert.
963 1485 1060 1527 Quo

180 1544 308 1586 modo
341 1544 511 1586 Auctor
546 1547 648 1587 vitae
684 1546 910 1588 Annibalis
945 1547 1060 1600 apud

178 1608 476 1665 Plutarchum.
516 1611 632 1662 Mag.
839 1648 841 1650 .

191 1708 196 1710 .
234 1672 473 1725 Praetorem]
501 1674 584 1713 Vel
601 1678 922 1726 propraetorem.
965 1675 1059 1715 Liv.

182 1734 551 1786 Quemadmodum
571 1736 811 1779 Praetorem
836 1741 881 1777 et
902 1737 1063 1778 Consu-

181 1797 267 1837 lem
298 1796 594 1838 indifferenter
625 1797 751 1839 dixit.
817 1798 829 1821 ‘
850 1798 1061 1851 Veteres:

182 1859 320 1913 inquit
350 1859 582 1908 Pedianus,
609 1861 621 1882 ‘
640 1873 809 1901 ornnem
841 1861 1065 1913 magistra·

184 1928 292 1974 tum,
320 1923 388 1963 cui
425 1929 600 1976 pareret
634 1924 867 1976 exercitus,
899 1925 1066 1966 Praeto-

185 1998 276 2026 rem
297 1986 600 2039 appellarunt!
633 1987 718 2027 Vel
734 1988 1063 2039 Imperatorem.

184 2052 257 2092 Sic
286 2051 529 2103 Imperator
571 2053 686 2093 idem
726 2053 839 2106 quod
880 2055 1066 2107 Praetor,

185 2117 276 2156 sive
295 2115 462 2167 ἡγεμὼν,
490 2122 566 2156 aut
596 2116 828 2169 στρατηγὸς,
860 2123 912 2158 ut
943 2123 1066 2158 notat

184 2178 450 2220 Justinianus
464 2180 508 2220 in
526 2180 732 2221 Novellis.
770 2182 1067 2233 Propraetores

190 2242 382 2283 secunda
411 2243 585 2283 notione
605 2243 878 2292 dicebantur,
910 2244 983 2296 qui
1012 2256 1066 2284 ex

189 2305 368 2356 privatis
390 2305 445 2344 ad
466 2304 624 2345 bellum
645 2306 894 2357 gerendum,
910 2318 995 2346 non
1012 2305 1067 2347 ad

187 2366 507 2419 gubernandam
544 2368 806 2419 provinciam
838 2369 1067 2410 mitteban-

188 2433 274 2479 tur,
294 2428 338 2470 id
359 2434 443 2480 est,
461 2430 535 2482 qui
568 2430 788 2472 Praetores
808 2436 947 2483 erant,
977 2431 1067 2472 sive

188 2492 405 2532 exercitus
450 2492 516 2532 sui
557 2492 770 2546 praefecti,
808 2494 944 2548 qualis
984 2495 1068 2536 iste

189 2554 436 2596 Centenius.
466 2556 668 2609 Keachen.
701 2600 706 2605 ¹

245 2617 345 2658 Cum
376 2619 526 2658 delecta
554 2618 692 2670 manu]
748 2620 856 2660 Cum
887 2625 1072 2673 quatuor

190 2681 384 2735 equitum
402 2681 600 2722 millibus.
621 2682 775 2736 Polyb.
794 2682 957 2724 Livius.
982 2684 1071 2724 Sex

190 2743 383 2796 equitum
403 2743 604 2786 millibus.
622 2744 813 2798 Appian.
856 2747 937 2787 Vel
956 2752 1069 2789 octo.

193 2807 318 2847 Idem.

192 2911 199 2915 ,
244 2869 384 2910 Saltus
410 2870 675 2923 occupantem]
731 2872 799 2912 De
831 2872 984 2926 quibus
1010 2874 1069 2915 le·

191 2931 354 2985 gendus
372 2932 611 2985 Appianus.
666 2934 882 2976 Hannibal
907 2947 985 2989 per
1004 2936 1072 2978 iti·

190 3007 339 3036 nerum
368 2995 498 3036 duces
516 3002 559 3037 et
581 2998 872 3049 speculatores
896 2999 1073 3052 inquirit

190 3056 235 3096 in
260 3057 367 3109 juga
398 3058 607 3111 montium
638 3066 878 3113 praerupta,
908 3068 955 3102 et
984 3062 1072 3102 via-

194 3131 288 3160 rum
307 3118 542 3161 anfractus.
596 3123 684 3163 Sub
704 3131 875 3165 noctem
896 3125 1072 3177 expedi·

195 3187 262 3231 tos
299 3182 462 3223 emittit
482 3183 656 3234 milites,
679 3191 728 3226 ut
763 3192 951 3228 montem
987 3187 1073 3227 cir·

193 3244 423 3294 cumirent,
453 3250 500 3285 et
518 3246 630 3286 inter
649 3248 742 3287 illos
761 3249 1073 3292 Maharbalem.

194 3307 319 3359 Post,
338 3307 411 3348 ubi
431 3307 635 3348 circuitus
663 3320 719 3349 ex
751 3314 946 3362 tempore
974 3323 1074 3352 con-

185 3369 311 3421 jecit,
329 3370 463 3410 citato
485 3382 611 3422 cursu
631 3371 673 3410 in
695 3371 948 3413 Centenium
967 3372 1075 3415 facit

194 3431 414 3484 impetum.
469 3433 555 3474 Ubi
573 3433 647 3473 diu
667 3434 787 3475 Mars
810 3434 968 3485 varius,
987 3436 1076 3476 exi-

197 3500 329 3548 tuque
358 3495 451 3549 ipso
481 3495 700 3538 mirabilis.
762 3494 953 3538 Tandem
982 3496 1077 3539 Ma·

864 286 1307 336 HANNIBALEM,
1348 284 1485 324 oAP.
1521 272 1575 324 4.

1885 271 1992 324 653

1112 403 1277 457 harbal,
1308 404 1385 446 ubi
1414 403 1621 445 Inclinare
1649 402 1789 444 socios
1815 401 1872 444 ad
1899 403 1994 444 hos-

1114 471 1202 508 tem
1233 467 1365 520 videt,
1393 466 1642 509 ardentibus
1675 464 1827 508 animis
1854 466 1998 519 injicit

1114 531 1362 581 clamorem,
1415 531 1703 583 virtutemque
1736 527 1998 570 'inflammat

1115 605 1235 633 sono.
1290 593 1398 644 Spes
1416 592 1516 633 inde
1535 593 1698 644 Poenis,
1728 597 1869 633 metus
1899 592 1997 634 hos·

1116 655 1261 698 tibus.-
1312 655 1413 706 Qui,
1440 655 1600 707 nescio,
1634 660 1776 696 utrum
1808 656 1997 697 victoriis

1115 718 1248 771 magis
1267 716 1433 758 fuerInt
1463 719 1584 769 elati,
1614 731 1669 758 an
1698 719 1759 759 illi
1788 720 1996 761 virtutum

1117 782 1425 834 experimentis
1457 782 1755 833 speciosiores.
1809 782 2000 832 Ῥωμαίων

1116 844 1160 886 δὲ
1179 843 1288 886 εὐθὺς
1311 843 1360 893 ἦν
1386 844 1493 896 φυγὴ
1521 844 1586 885 καὶ
1615 843 1733 896 φόνος
1758 845 1999 896 κεκυκλωμέ-

1117 923 1206 952 νων·
1236 910 1302 952 καὶ
1314 909 1530 964 τρισχίλιοι
1558 909 1630 961 μὲν
1658 909 1814 963 ἔπεσον,
1838 910 2000 953 ὄκτακό-
2031 937 2033 940 <

1119 988 1195 1018 σιοι
1212 977 1243 1018 δ’
1267 976 1521 1029 εἶλήφθησαν·
1540 975 1578 1016 οἱ
1595 974 1637 1017 δὲ
1653 975 1782 1017 λοιποὶ
1796 975 1910 1027 μόλις
1927 975 2002 1017 διέ-

1117 1049 1259 1094 φυγον.
1287 1042 1491 1083 Keuchen.

1173 1105 1286 1145 Hine
1301 1105 1346 1144 in
1363 1103 1551 1156 Apuliam
1567 1101 1762 1155 pervenit]
1780 1102 1875 1144 Imo
1889 1102 2001 1144 Can·

1119 1180 1212 1219 nas,
1231 1180 1328 1220 quae
1345 1172 1446 1208 sunt
1466 1165 1665 1219 ignobilis
1681 1164 1852 1218 Apuliae
1871 1166 2003 1218 vicus,

1113 1231 1246 1283 juxta
1263 1229 1466 1270 Aufidum
1479 1241 1662 1271 amnem.
1718 1229 1907 1283 Cannam
1927 1228 2007 1269 eti-

1122 1305 1191 1333 am
1208 1292 1268 1333 ibi
1283 1304 1452 1333 amnem
1465 1291 1596 1333 fuisse
1611 1304 1666 1333 ex
1681 1292 2003 1335 carmineMar·

1122 1356 1179 1397 cii
1199 1356 1325 1407 vatis,
1343 1356 1455 1409 quod
1478 1357 1647 1398 recitat
1669 1357 1815 1398 Livius
1845 1358 1873 1399 l.
1891 1369 2003 1400 xxV.

1123 1418 1358 1470 colligitur,
1403 1417 1605 1474 idemque
1637 1432 1690 1460 ex
1722 1419 1865 1460 verbis
1897 1419 2005 1472 ipsis

1123 1480 1236 1521 Livii
1263 1480 1460 1529 discitur.
1514 1480 1569 1521 In
1588 1482 1776 1522 carmine
1794 1482 1856 1523 sic
1874 1482 2005 1523 habe-

1124 1548 1224 1584 tur:
1265 1542 1278 1564 ‘
1299 1542 1484 1584 Amnem
1525 1544 1772 1596 Trojugena
1815 1547 2007 1587 Cannam

1129 1606 1319 1646 Romane
1347 1604 1468 1658 fuge,
1486 1618 1541 1646 ne
1574 1611 1619 1647 te
1651 1607 2008 1661 alienigenaepo-

1125 1674 1230 1720 gant
1260 1669 1305 1709 in
1335 1681 1485 1721 campo
1520 1669 1747 1710 Diomedis
1778 1682 2029 1723 conserere¹

1126 1731 1326 1773 manum?
1391 1732 1576 1784 Subjicit
1609 1739 1708 1786 post
1741 1738 1879 1775 totum
1914 1747 2008 1776 car-

1126 1807 1224 1835 men
1250 1795 1486 1850 recitatum·
1504 1796 1680 1837 Liviusz
1724 1797 1739 1820 ‘
1758 1798 1817 1838 Et
1833 1798 2009 1839 Diome-

1126 1858 1192 1899 dis
1200 1857 1354 1911 Argivi
1369 1871 1561 1911 campos,
1573 1864 1619 1900 et
1632 1861 1824 1902 Cannam
1838 1860 2011 1915 flumen,

1127 1923 1200 1976 qui
1218 1923 1509 1963 militaverant
1523 1924 1567 1963 in
1594 1924 1647 1964 iis
1671 1925 1774 1964 locis
1795 1925 1925 1976 juxta
1944 1931 2010 1966 at-

1128 1998 1212 2039 que
1227 1986 1362 2039 ipsam
1382 1986 1548 2026 cladem
1569 1986 1891 2039 agnoscebant!
1925 1988 2011 2028 Ubi

1130 2055 1274 2088 tamen
1288 2049 1555 2089 Cannensem
1575 2062 1758 2101 pugnam
1782 2051 1896 2091 idem
1916 2063 2012 2093 auc-

1128 2117 1196 2153 tor
1214 2106 1436 2164 describit,
1466 2113 1626 2153 Cannae
1658 2111 1853 2161 fluminis
1871 2114 2010 2156 nullus

1127 2177 1334 2227 meminit.
1404 2177 1574 2224 Cannas
1622 2176 1828 2230 quasdam
1874 2190 2011 2230 prope

1131 2240 1434 2291 Carthaginem
1455 2239 1643 2280 collocat
1659 2240 1926 2292 Stephanus:
1947 2240 2012 2280 Εἶ-

1129 2302 1170 2343 cl
1184 2303 1249 2344 καὶ
1261 2301 1408 2343 Κάνναι
1424 2302 1487 2343 διὰ
1503 2301 1570 2343 δύο
1584 2318 1607 2344 ν
1622 2302 1792 2352 πλησίον
1810 2303 2012 2356 Καρχηδό-

1129 2381 1208 2418 νος,
1222 2365 1272 2407 τὸ
1289 2365 1436 2407 &umbre
1450 2368 1617 2408 Καναῖος
1635 2365 1700 2407 καὶ
1718 2366 1882 2408 Kanate.
1924 2367 2013 2408 Ne-

1129 2431 1218 2472 scio
1250 2443 1303 2471 an
1327 2432 1402 2471 has
1430 2431 1601 2472 Cannas
1621 2431 1849 2484 designare
1869 2430 2014 2471 volue-

1131 2495 1202 2543 rit,
1223 2500 1270 2535 et
1289 2506 1367 2547 per
1385 2507 1572 2535 errorem
1593 2507 1648 2535 ex
1665 2494 1826 2547 Apulia
1843 2494 1886 2535 in
1898 2492 2015 2535 Afri-

1130 2569 1224 2598 cam
1244 2558 1528 2598 transtulerit.
1557 2557 1725 2599 Salmas.

1184 2620 1250 2660 Ibi
1267 2619 1418 2660 obviam
1437 2622 1474 2660 ei
1499 2624 1686 2660 venerunt
1711 2622 1787 2660 duo
1808 2620 2012 2671 Consules]

1134 2682 1410 2733 Praepostere
1438 2688 1669 2724 narrantur
1691 2683 1784 2723 haec
1804 2695 1830 2723 a
1852 2682 2013 2723 Probo.

1133 2746 1249 2787 Nam
1285 2746 1402 2798 prius
1421 2747 1476 2788 Q.
1496 2746 1654 2787 Fabius
1679 2745 1894 2786 Maximus
1925 2744 2015 2785 dic-

1133 2814 1249 2849 tator
1277 2816 1446 2850 creatus
1472 2813 1555 2859 est,
1574 2821 1701 2861 quam
1720 2808 1770 2849 C.
1788 2807 2015 2848 Terentius

1132 2872 1273 2911 Varro
1305 2878 1351 2912 et
1383 2872 1434 2912 L.
1470 2871 1650 2911 Paullus
1682 2870 1877 2912 AEmilius
1906 2870 2016 2911 Con·

1134 2934 1272 2975 sules:
1320 2935 1522 2987 priusque
1559 2933 1748 2974 dictator
1779 2932 2017 2974 Hannibali

1135 3008 1181 3036 se
1214 2998 1432 3049 opposuit,
1458 3009 1583 3049 quam
1616 2996 1660 3035 hi
1693 2995 1930 3046 Consules;
1969 3000 2018 3036 ut

1135 3059 1311 3100 tradunt
1341 3060 1569 3112 Polybius,
1595 3059 1755 3108 Livius,
1774 3057 2017 3111 Appianus,

1135 3122 1301 3163 Florus.
1330 3123 1511 3163 Lambin.

1178 3186 1225 3227 C.
1245 3186 1451 3226 Terentius
1474 3186 1599 3226 Varro
1618 3186 1658 3224 et
1694 3183 1745 3223 L.
1768 3183 1929 3227 Paullus
1943 3183 2018 3224 ΛΕ·

1134 3247 1288 3299 mitius]
1343 3247 1491 3287 Editio
1522 3245 1744 3286 Parisina:
1791 3242 1841 3287 C.
1875 3246 2018 3288 Teren-

1135 3310 1216 3350 tius
1232 3314 1272 3349 et
1285 3309 1336 3349 L.
1356 3309 1557 3350 AEmilius.
1617 3308 1684 3347 De
1704 3308 1929 3362 utriusque
1945 3321 2020 3350 na·

1136 3376 1234 3411 tura
1252 3370 1443 3411 disci-tim
1463 3369 1689 3422 Appianus
1720 3371 1766 3411 in
1783 3370 2018 3415 Hannibal.

1136 3432 1326 3474 ’Υπάτους
1343 3448 1390 3473 τε
1407 3432 1602 3486 αἱροῦνται
1620 3431 1665 3473 ἑκ
1686 3431 1759 3483 μὲν
1775 3433 1883 3485 δόξης
1901 3441 2021 3474 πολε-

1137 3496 1248 3546 μκῆς
1275 3494 1433 3541 Λεύκιον
1450 3493 1622 3547 Αἰμίλιον
1638 3494 1708 3538 τὸν
1724 3496 1926 3550 Ἰλλυριοῖς
1949 3511 2019 3537 πο-
