<?xml version="1.0" encoding="UTF-8"?>
<!DOCTYPE html PUBLIC "-//W3C//DTD XHTML 1.0 Transitional//EN"
    "http://www.w3.org/TR/xhtml1/DTD/xhtml1-transitional.dtd">
<html xmlns="http://www.w3.org/1999/xhtml" xml:lang="en" lang="en">
 <head>
  <title>
</title>
<meta http-equiv="Content-Type" content="text/html;charset=utf-8" />
  <meta name='ocr-system' content='tesseract 3.04.00' />
  <meta name='ocr-capabilities' content='ocr_page ocr_carea ocr_par ocr_line ocrx_word'/>
</head>
<body>
  <div class='ocr_page' id='page_1' title='image "./vitaeexcellentiu02nepouoft_0291.png"; bbox 0 0 2306 3900; ppageno 0'>
   <div class='ocr_carea' id='block_1_1' title="bbox 930 279 1340 330">
    <p class='ocr_par' dir='ltr' id='par_1_1' title="bbox 930 279 1340 330">
     <span class='ocr_line' id='line_1_1' title="bbox 930 279 1340 330; baseline 0 -2"><span class='ocrx_word' id='word_1_1' title='bbox 930 279 1340 330; x_wconf 72' lang='lat' dir='ltr'>FRAGMENTA.</span> 
     </span>
    </p>
   </div>
   <div class='ocr_carea' id='block_1_2' title="bbox 211 406 1114 3492">
    <p class='ocr_par' dir='ltr' id='par_1_2' title="bbox 211 406 1104 2102">
     <span class='ocr_line' id='line_1_2' title="bbox 212 406 1093 463; baseline -0.005 -11"><span class='ocrx_word' id='word_1_2' title='bbox 212 411 482 463; x_wconf 61' lang='grc' dir='ltr'><strong><em>Παφλαγόνων</em></strong></span> <span class='ocrx_word' id='word_1_3' title='bbox 494 411 527 452; x_wconf 78' lang='grc' dir='ltr'>δ’</span> <span class='ocrx_word' id='word_1_4' title='bbox 538 409 672 461; x_wconf 65' lang='grc' dir='ltr'><strong><em>ἡγεῖτο</em></strong></span> <span class='ocrx_word' id='word_1_5' title='bbox 681 406 940 458; x_wconf 75' lang='grc' dir='ltr'>Πυλαιμένεος</span> <span class='ocrx_word' id='word_1_6' title='bbox 955 406 1093 448; x_wconf 77' lang='grc' dir='ltr'><strong><em>λάσιον</em></strong></span> 
     </span>
     <span class='ocr_line' id='line_1_3' title="bbox 212 470 1092 527; baseline -0.001 -3"><span class='ocrx_word' id='word_1_7' title='bbox 212 477 298 527; x_wconf 78' lang='grc' dir='ltr'><strong>κῆρ,</strong></span> <span class='ocrx_word' id='word_1_8' title='bbox 312 475 377 526; x_wconf 72' lang='grc' dir='ltr'>Ἐξ</span> <span class='ocrx_word' id='word_1_9' title='bbox 390 477 570 525; x_wconf 73' lang='grc' dir='ltr'>Ἐνετῶν,</span> <span class='ocrx_word' id='word_1_10' title='bbox 586 475 673 514; x_wconf 75' lang='grc' dir='ltr'>ὅθεν</span> <span class='ocrx_word' id='word_1_11' title='bbox 684 470 968 525; x_wconf 66' lang='grc' dir='ltr'>ἡμιόνωνῖγένοε</span> <span class='ocrx_word' id='word_1_12' title='bbox 978 471 1092 524; x_wconf 68' lang='lat'><strong>&amp;7⁹⁰-</strong></span> 
     </span>
     <span class='ocr_line' id='line_1_4' title="bbox 211 536 1093 591; baseline -0.003 -14"><span class='ocrx_word' id='word_1_13' title='bbox 211 536 372 591; x_wconf 65' lang='grc' dir='ltr'>τεράων.</span> <span class='ocrx_word' id='word_1_14' title='bbox 427 538 542 581; x_wconf 78' lang='lat' dir='ltr'>Quia</span> <span class='ocrx_word' id='word_1_15' title='bbox 566 537 726 577; x_wconf 86' lang='lat' dir='ltr'>nullum</span> <span class='ocrx_word' id='word_1_16' title='bbox 746 537 980 576; x_wconf 84' lang='lat' dir='ltr'>Enetorum</span> <span class='ocrx_word' id='word_1_17' title='bbox 997 546 1093 575; x_wconf 85' lang='lat' dir='ltr'>ves-</span> 
     </span>
     <span class='ocr_line' id='line_1_5' title="bbox 213 597 1093 654; baseline -0.007 -12"><span class='ocrx_word' id='word_1_18' title='bbox 213 602 364 654; x_wconf 84' lang='lat' dir='ltr'>tigium</span> <span class='ocrx_word' id='word_1_19' title='bbox 401 601 446 641; x_wconf 92' lang='lat' dir='ltr'>in</span> <span class='ocrx_word' id='word_1_20' title='bbox 485 598 780 652; x_wconf 77' lang='lat' dir='ltr'><strong>Paphlagonia</strong></span> <span class='ocrx_word' id='word_1_21' title='bbox 815 597 1093 650; x_wconf 72' lang='lat' dir='ltr'>sequentibus</span> 
     </span>
     <span class='ocr_line' id='line_1_6' title="bbox 211 660 1093 715; baseline -0.008 -9"><span class='ocrx_word' id='word_1_22' title='bbox 211 666 314 705; x_wconf 79' lang='lat' dir='ltr'>aevis</span> <span class='ocrx_word' id='word_1_23' title='bbox 329 664 518 714; x_wconf 82' lang='lat' dir='ltr'>exstitit,</span> <span class='ocrx_word' id='word_1_24' title='bbox 546 663 644 703; x_wconf 87' lang='lat' dir='ltr'>ideo</span> <span class='ocrx_word' id='word_1_25' title='bbox 676 662 917 715; x_wconf 82' lang='lat' dir='ltr'>quaesivere</span> <span class='ocrx_word' id='word_1_26' title='bbox 940 660 1093 702; x_wconf 85' lang='lat' dir='ltr'>Gram-</span> 
     </span>
     <span class='ocr_line' id='line_1_7' title="bbox 212 724 1095 779; baseline -0.008 -9"><span class='ocrx_word' id='word_1_27' title='bbox 212 729 361 770; x_wconf 88' lang='lat' dir='ltr'>matici</span> <span class='ocrx_word' id='word_1_28' title='bbox 380 740 430 769; x_wconf 83' lang='lat' dir='ltr'>ac</span> <span class='ocrx_word' id='word_1_29' title='bbox 461 727 722 779; x_wconf 81' lang='lat' dir='ltr'>Geo&#39;graphi‚</span> <span class='ocrx_word' id='word_1_30' title='bbox 747 726 919 779; x_wconf 84' lang='lat' dir='ltr'>quinam</span> <span class='ocrx_word' id='word_1_31' title='bbox 945 724 1008 764; x_wconf 86' lang='lat' dir='ltr'>illi</span> <span class='ocrx_word' id='word_1_32' title='bbox 1028 736 1095 764; x_wconf 87' lang='lat' dir='ltr'>es-</span> 
     </span>
     <span class='ocr_line' id='line_1_8' title="bbox 213 786 1094 841; baseline -0.007 -8"><span class='ocrx_word' id='word_1_33' title='bbox 213 798 310 833; x_wconf 81' lang='lat' dir='ltr'>sent</span> <span class='ocrx_word' id='word_1_34' title='bbox 322 791 472 833; x_wconf 63' lang='lat' dir='ltr'>’evaei</span> <span class='ocrx_word' id='word_1_35' title='bbox 491 790 726 833; x_wconf 79' lang='lat' dir='ltr'>Homerici.</span> <span class='ocrx_word' id='word_1_36' title='bbox 764 789 823 830; x_wconf 79' lang='grc' dir='ltr'>Οὔ</span> <span class='ocrx_word' id='word_1_37' title='bbox 835 788 912 841; x_wconf 73' lang='grc' dir='ltr'>’γὰρ</span> <span class='ocrx_word' id='word_1_38' title='bbox 924 786 1094 828; x_wconf 79' lang='grc' dir='ltr'><strong><em>δείκνυσ-</em></strong></span> 
     </span>
     <span class='ocr_line' id='line_1_9' title="bbox 213 851 1098 908; baseline -0.007 -11"><span class='ocrx_word' id='word_1_39' title='bbox 213 854 276 897; x_wconf 71' lang='lat' dir='ltr'>od</span> <span class='ocrx_word' id='word_1_40' title='bbox 305 864 403 908; x_wconf 77' lang='grc' dir='ltr'><strong><em>φασι</em></strong></span> <span class='ocrx_word' id='word_1_41' title='bbox 416 857 497 907; x_wconf 80' lang='grc' dir='ltr'><em>νῦν,</em></span> <span class='ocrx_word' id='word_1_42' title='bbox 517 855 657 908; x_wconf 85' lang='lat' dir='ltr'>inquit</span> <span class='ocrx_word' id='word_1_43' title='bbox 669 854 845 903; x_wconf 83' lang='lat' dir='ltr'>Strabo,</span> <span class='ocrx_word' id='word_1_44' title='bbox 860 851 1037 892; x_wconf 66' lang='grc' dir='ltr'>Ἐνετοὺς</span> <span class='ocrx_word' id='word_1_45' title='bbox 1056 852 1098 891; x_wconf 80' lang='grc' dir='ltr'>ἐν</span> 
     </span>
     <span class='ocr_line' id='line_1_10' title="bbox 214 915 1098 972; baseline -0.005 -12"><span class='ocrx_word' id='word_1_46' title='bbox 214 918 487 972; x_wconf 76' lang='grc' dir='ltr'>Παφλαγονίᾳ.</span> <span class='ocrx_word' id='word_1_47' title='bbox 527 917 778 960; x_wconf 84' lang='lat' dir='ltr'>Zenodotus</span> <span class='ocrx_word' id='word_1_48' title='bbox 810 915 1033 956; x_wconf 88' lang='lat' dir='ltr'>scribebat</span> <span class='ocrx_word' id='word_1_49' title='bbox 1055 927 1098 956; x_wconf 86' lang='lat' dir='ltr'>a·</span> 
     </span>
     <span class='ocr_line' id='line_1_11' title="bbox 214 976 1098 1036; baseline -0.007 -12"><span class='ocrx_word' id='word_1_50' title='bbox 214 984 304 1036; x_wconf 90' lang='lat' dir='ltr'>pud</span> <span class='ocrx_word' id='word_1_51' title='bbox 332 983 516 1023; x_wconf 69' lang='lat' dir='ltr'>Poetam</span> <span class='ocrx_word' id='word_1_52' title='bbox 547 982 587 1032; x_wconf 74' lang='grc' dir='ltr'>ἐξ</span> <span class='ocrx_word' id='word_1_53' title='bbox 609 981 781 1031; x_wconf 65' lang='lat' dir='ltr'>’Eitea-iis,</span> <span class='ocrx_word' id='word_1_54' title='bbox 811 983 858 1019; x_wconf 88' lang='lat' dir='ltr'>ut</span> <span class='ocrx_word' id='word_1_55' title='bbox 874 978 930 1018; x_wconf 87' lang='lat' dir='ltr'>de</span> <span class='ocrx_word' id='word_1_56' title='bbox 949 976 1098 1019; x_wconf 89' lang='lat' dir='ltr'>Amiso</span> 
     </span>
     <span class='ocr_line' id='line_1_12' title="bbox 215 1041 1097 1099; baseline -0.009 -11"><span class='ocrx_word' id='word_1_57' title='bbox 215 1047 545 1099; x_wconf 77' lang='lat' dir='ltr'>intelligeretur,</span> <span class='ocrx_word' id='word_1_58' title='bbox 575 1057 672 1098; x_wconf 82' lang='lat' dir='ltr'>quae</span> <span class='ocrx_word' id='word_1_59' title='bbox 690 1045 790 1084; x_wconf 91' lang='lat' dir='ltr'>olim</span> <span class='ocrx_word' id='word_1_60' title='bbox 818 1041 954 1090; x_wconf 77' lang='grc' dir='ltr'>Ἔνετὴ</span> <span class='ocrx_word' id='word_1_61' title='bbox 974 1053 1097 1082; x_wconf 87' lang='lat' dir='ltr'>voca·</span> 
     </span>
     <span class='ocr_line' id='line_1_13' title="bbox 215 1105 1098 1154; baseline -0.009 -1"><span class='ocrx_word' id='word_1_62' title='bbox 215 1113 353 1154; x_wconf 82' lang='lat' dir='ltr'>batur.</span> <span class='ocrx_word' id='word_1_63' title='bbox 422 1110 511 1152; x_wconf 87' lang='lat' dir='ltr'>Alii</span> <span class='ocrx_word' id='word_1_64' title='bbox 544 1110 685 1151; x_wconf 86' lang='lat' dir='ltr'>vicum</span> <span class='ocrx_word' id='word_1_65' title='bbox 728 1109 809 1148; x_wconf 88' lang='lat' dir='ltr'>hoc</span> <span class='ocrx_word' id='word_1_66' title='bbox 845 1107 1016 1148; x_wconf 89' lang='lat' dir='ltr'>nomine</span> <span class='ocrx_word' id='word_1_67' title='bbox 1052 1105 1098 1146; x_wconf 91' lang='lat' dir='ltr'>in</span> 
     </span>
     <span class='ocr_line' id='line_1_14' title="bbox 215 1170 1097 1228; baseline -0.007 -13"><span class='ocrx_word' id='word_1_68' title='bbox 215 1174 512 1228; x_wconf 72' lang='lat' dir='ltr'>Paphlagonia</span> <span class='ocrx_word' id='word_1_69' title='bbox 542 1172 712 1213; x_wconf 89' lang='lat' dir='ltr'>ostendi</span> <span class='ocrx_word' id='word_1_70' title='bbox 740 1170 931 1222; x_wconf 80' lang='lat' dir='ltr'>aiebant,</span> <span class='ocrx_word' id='word_1_71' title='bbox 948 1170 1097 1211; x_wconf 91' lang='lat' dir='ltr'>decem</span> 
     </span>
     <span class='ocr_line' id='line_1_15' title="bbox 216 1225 1099 1286; baseline -0.007 -8"><span class='ocrx_word' id='word_1_72' title='bbox 216 1234 399 1277; x_wconf 77' lang='lat' dir='ltr'>schaenis</span> <span class='ocrx_word' id='word_1_73' title='bbox 418 1236 474 1277; x_wconf 85' lang='lat' dir='ltr'>ab</span> <span class='ocrx_word' id='word_1_74' title='bbox 494 1235 684 1276; x_wconf 79' lang='lat' dir='ltr'>Amastri</span> <span class='ocrx_word' id='word_1_75' title='bbox 703 1234 912 1274; x_wconf 86' lang='lat' dir='ltr'>dissitum.</span> <span class='ocrx_word' id='word_1_76' title='bbox 963 1225 1099 1286; x_wconf 87' lang='lat' dir='ltr'>Atqui</span> 
     </span>
     <span class='ocr_line' id='line_1_16' title="bbox 216 1296 1099 1340; baseline -0.005 0"><span class='ocrx_word' id='word_1_77' title='bbox 216 1312 303 1340; x_wconf 93' lang='lat' dir='ltr'>non</span> <span class='ocrx_word' id='word_1_78' title='bbox 331 1299 455 1339; x_wconf 89' lang='lat' dir='ltr'>nimis</span> <span class='ocrx_word' id='word_1_79' title='bbox 480 1298 662 1340; x_wconf 89' lang='lat' dir='ltr'>celebris</span> <span class='ocrx_word' id='word_1_80' title='bbox 685 1298 760 1338; x_wconf 89' lang='lat' dir='ltr'>ille</span> <span class='ocrx_word' id='word_1_81' title='bbox 793 1297 913 1337; x_wconf 84' lang='lat' dir='ltr'>vicus</span> <span class='ocrx_word' id='word_1_82' title='bbox 943 1296 988 1336; x_wconf 91' lang='lat' dir='ltr'>in</span> <span class='ocrx_word' id='word_1_83' title='bbox 1014 1296 1099 1336; x_wconf 92' lang='lat' dir='ltr'>Pa·</span> 
     </span>
     <span class='ocr_line' id='line_1_17' title="bbox 217 1360 1101 1417; baseline -0.006 -12"><span class='ocrx_word' id='word_1_84' title='bbox 217 1365 457 1417; x_wconf 80' lang='lat' dir='ltr'>phlagonia,</span> <span class='ocrx_word' id='word_1_85' title='bbox 491 1368 542 1404; x_wconf 89' lang='lat' dir='ltr'>ut</span> <span class='ocrx_word' id='word_1_86' title='bbox 578 1375 630 1404; x_wconf 92' lang='lat' dir='ltr'>eo</span> <span class='ocrx_word' id='word_1_87' title='bbox 665 1362 845 1415; x_wconf 88' lang='lat' dir='ltr'>insignis</span> <span class='ocrx_word' id='word_1_88' title='bbox 880 1362 974 1401; x_wconf 75' lang='lat' dir='ltr'>hoec</span> <span class='ocrx_word' id='word_1_89' title='bbox 1011 1360 1101 1401; x_wconf 70' lang='lat' dir='ltr'>diei</span> 
     </span>
     <span class='ocr_line' id='line_1_18' title="bbox 216 1423 1100 1479; baseline -0.008 -11"><span class='ocrx_word' id='word_1_90' title='bbox 216 1427 369 1479; x_wconf 84' lang='lat' dir='ltr'>possit.</span> <span class='ocrx_word' id='word_1_91' title='bbox 423 1426 647 1466; x_wconf 78' lang='lat' dir='ltr'>Proeterea</span> <span class='ocrx_word' id='word_1_92' title='bbox 680 1436 767 1465; x_wconf 88' lang='lat' dir='ltr'>non</span> <span class='ocrx_word' id='word_1_93' title='bbox 804 1436 858 1463; x_wconf 84' lang='lat' dir='ltr'>ex</span> <span class='ocrx_word' id='word_1_94' title='bbox 892 1423 967 1463; x_wconf 92' lang='lat' dir='ltr'>illo</span> <span class='ocrx_word' id='word_1_95' title='bbox 1002 1423 1100 1462; x_wconf 86' lang='lat' dir='ltr'>vico</span> 
     </span>
     <span class='ocr_line' id='line_1_19' title="bbox 218 1485 1100 1531; baseline -0.008 0"><span class='ocrx_word' id='word_1_96' title='bbox 218 1494 486 1531; x_wconf 75' lang='lat' dir='ltr'>transvectos</span> <span class='ocrx_word' id='word_1_97' title='bbox 516 1489 707 1529; x_wconf 86' lang='lat' dir='ltr'>Venetos</span> <span class='ocrx_word' id='word_1_98' title='bbox 744 1485 887 1526; x_wconf 82' lang='lat' dir='ltr'>Italiae</span> <span class='ocrx_word' id='word_1_99' title='bbox 933 1489 1100 1525; x_wconf 90' lang='lat' dir='ltr'>certum</span> 
     </span>
     <span class='ocr_line' id='line_1_20' title="bbox 217 1548 1101 1605; baseline -0.008 -11"><span class='ocrx_word' id='word_1_100' title='bbox 217 1558 300 1605; x_wconf 87' lang='lat' dir='ltr'>est,</span> <span class='ocrx_word' id='word_1_101' title='bbox 328 1552 406 1593; x_wconf 86' lang='lat' dir='ltr'>sed</span> <span class='ocrx_word' id='word_1_102' title='bbox 436 1564 492 1592; x_wconf 87' lang='lat' dir='ltr'>ex</span> <span class='ocrx_word' id='word_1_103' title='bbox 519 1550 691 1604; x_wconf 90' lang='lat' dir='ltr'>populis</span> <span class='ocrx_word' id='word_1_104' title='bbox 719 1549 885 1601; x_wconf 86' lang='lat' dir='ltr'>Enetis,</span> <span class='ocrx_word' id='word_1_105' title='bbox 902 1548 976 1601; x_wconf 91' lang='lat' dir='ltr'>qui</span> <span class='ocrx_word' id='word_1_106' title='bbox 1002 1553 1101 1600; x_wconf 91' lang='lat' dir='ltr'>post</span> 
     </span>
     <span class='ocr_line' id='line_1_21' title="bbox 215 1611 1102 1671; baseline -0.01 -12"><span class='ocrx_word' id='word_1_107' title='bbox 215 1618 393 1671; x_wconf 87' lang='lat' dir='ltr'>Trojam</span> <span class='ocrx_word' id='word_1_108' title='bbox 424 1622 612 1669; x_wconf 89' lang='lat' dir='ltr'>captam,</span> <span class='ocrx_word' id='word_1_109' title='bbox 643 1625 774 1668; x_wconf 89' lang='lat' dir='ltr'>quum</span> <span class='ocrx_word' id='word_1_110' title='bbox 803 1613 876 1652; x_wconf 91' lang='lat' dir='ltr'>diu</span> <span class='ocrx_word' id='word_1_111' title='bbox 909 1611 1102 1652; x_wconf 84' lang='lat' dir='ltr'>deerras-</span> 
     </span>
     <span class='ocr_line' id='line_1_22' title="bbox 218 1675 1104 1728; baseline -0.009 -6"><span class='ocrx_word' id='word_1_112' title='bbox 218 1686 330 1728; x_wconf 85' lang='lat' dir='ltr'>sent,</span> <span class='ocrx_word' id='word_1_113' title='bbox 381 1679 556 1721; x_wconf 88' lang='lat' dir='ltr'>tandem</span> <span class='ocrx_word' id='word_1_114' title='bbox 610 1678 655 1718; x_wconf 87' lang='lat' dir='ltr'>in</span> <span class='ocrx_word' id='word_1_115' title='bbox 703 1677 876 1718; x_wconf 87' lang='lat' dir='ltr'>Italiam</span> <span class='ocrx_word' id='word_1_116' title='bbox 924 1675 1104 1716; x_wconf 84' lang='lat' dir='ltr'>devene-</span> 
     </span>
     <span class='ocr_line' id='line_1_23' title="bbox 220 1738 1103 1796; baseline -0.008 -11"><span class='ocrx_word' id='word_1_117' title='bbox 220 1749 338 1796; x_wconf 82' lang='lat' dir='ltr'>runt,</span> <span class='ocrx_word' id='word_1_118' title='bbox 355 1748 401 1784; x_wconf 89' lang='lat' dir='ltr'>et</span> <span class='ocrx_word' id='word_1_119' title='bbox 417 1741 650 1782; x_wconf 85' lang='lat' dir='ltr'>Venetiam</span> <span class='ocrx_word' id='word_1_120' title='bbox 680 1739 845 1793; x_wconf 89' lang='lat' dir='ltr'>regioni</span> <span class='ocrx_word' id='word_1_121' title='bbox 864 1751 915 1779; x_wconf 91' lang='lat' dir='ltr'>ac</span> <span class='ocrx_word' id='word_1_122' title='bbox 934 1738 1103 1791; x_wconf 90' lang='lat' dir='ltr'>populis</span> 
     </span>
     <span class='ocr_line' id='line_1_24' title="bbox 219 1800 1104 1852; baseline -0.008 -5"><span class='ocrx_word' id='word_1_123' title='bbox 219 1818 375 1847; x_wconf 89' lang='lat' dir='ltr'>nomen</span> <span class='ocrx_word' id='word_1_124' title='bbox 396 1805 623 1846; x_wconf 80' lang='lat' dir='ltr'>dederunt.</span> <span class='ocrx_word' id='word_1_125' title='bbox 679 1803 733 1843; x_wconf 91' lang='lat' dir='ltr'>In</span> <span class='ocrx_word' id='word_1_126' title='bbox 763 1800 961 1843; x_wconf 88' lang='lat' dir='ltr'>confesso</span> <span class='ocrx_word' id='word_1_127' title='bbox 988 1800 1104 1852; x_wconf 88' lang='lat' dir='ltr'>apud</span> 
     </span>
     <span class='ocr_line' id='line_1_25' title="bbox 220 1862 1103 1914; baseline -0.009 -3"><span class='ocrx_word' id='word_1_128' title='bbox 220 1881 367 1910; x_wconf 87' lang='lat' dir='ltr'>omnes</span> <span class='ocrx_word' id='word_1_129' title='bbox 385 1880 481 1910; x_wconf 87' lang='lat' dir='ltr'>esse</span> <span class='ocrx_word' id='word_1_130' title='bbox 501 1867 636 1909; x_wconf 89' lang='lat' dir='ltr'>tradit</span> <span class='ocrx_word' id='word_1_131' title='bbox 652 1865 823 1914; x_wconf 83' lang='lat' dir='ltr'>Strabo,</span> <span class='ocrx_word' id='word_1_132' title='bbox 838 1862 1017 1904; x_wconf 76' lang='grc' dir='ltr'><strong><em>Ἐνετοὺς</em></strong></span> <span class='ocrx_word' id='word_1_133' title='bbox 1029 1875 1103 1904; x_wconf 91' lang='lat' dir='ltr'>no·</span> 
     </span>
     <span class='ocr_line' id='line_1_26' title="bbox 221 1927 1103 1982; baseline -0.009 -8"><span class='ocrx_word' id='word_1_134' title='bbox 221 1932 467 1974; x_wconf 85' lang='lat' dir='ltr'>bilissimam</span> <span class='ocrx_word' id='word_1_135' title='bbox 496 1943 547 1972; x_wconf 90' lang='lat' dir='ltr'>ac</span> <span class='ocrx_word' id='word_1_136' title='bbox 577 1929 838 1982; x_wconf 68' lang='lat' dir='ltr'>praecipuam</span> <span class='ocrx_word' id='word_1_137' title='bbox 858 1927 1103 1980; x_wconf 86' lang='lat' dir='ltr'>Paphlago-</span> 
     </span>
     <span class='ocr_line' id='line_1_27' title="bbox 220 1991 1103 2049; baseline -0.007 -11"><span class='ocrx_word' id='word_1_138' title='bbox 220 1998 303 2039; x_wconf 75' lang='lat' dir='ltr'>niae</span> <span class='ocrx_word' id='word_1_139' title='bbox 322 1996 453 2037; x_wconf 86' lang='lat' dir='ltr'>fuisse</span> <span class='ocrx_word' id='word_1_140' title='bbox 474 2001 662 2049; x_wconf 84' lang='lat' dir='ltr'>gentem.</span> <span class='ocrx_word' id='word_1_141' title='bbox 716 1993 826 2034; x_wconf 91' lang='lat' dir='ltr'>Eum</span> <span class='ocrx_word' id='word_1_142' title='bbox 845 1991 945 2032; x_wconf 87' lang='lat' dir='ltr'>vide</span> <span class='ocrx_word' id='word_1_143' title='bbox 962 1991 992 2031; x_wconf 85' lang='lat' dir='ltr'>l.</span> <span class='ocrx_word' id='word_1_144' title='bbox 1015 2001 1103 2032; x_wconf 78' lang='lat' dir='ltr'>xu-</span> 
     </span>
     <span class='ocr_line' id='line_1_28' title="bbox 220 2061 387 2102; baseline -0.012 0"><span class='ocrx_word' id='word_1_145' title='bbox 220 2061 387 2102; x_wconf 69' lang='lat' dir='ltr'>Salmas.</span> 
     </span>
    </p>

    <p class='ocr_par' dir='ltr' id='par_1_3' title="bbox 221 2117 1103 2230">
     <span class='ocr_line' id='line_1_29' title="bbox 280 2117 1103 2173; baseline -0.006 -7"><span class='ocrx_word' id='word_1_146' title='bbox 280 2124 360 2166; x_wconf 73' lang='lat' dir='ltr'>Ubi</span> <span class='ocrx_word' id='word_1_147' title='bbox 385 2121 610 2173; x_wconf 62' lang='lat' dir='ltr'>ausimum]</span> <span class='ocrx_word' id='word_1_148' title='bbox 659 2120 746 2161; x_wconf 88' lang='lat' dir='ltr'>Ms.</span> <span class='ocrx_word' id='word_1_149' title='bbox 772 2118 882 2161; x_wconf 88' lang='lat' dir='ltr'>Cod.</span> <span class='ocrx_word' id='word_1_150' title='bbox 901 2117 1103 2161; x_wconf 83' lang='lat' dir='ltr'>ehifleti.</span> 
     </span>
     <span class='ocr_line' id='line_1_30' title="bbox 221 2187 567 2230; baseline -0.014 0"><span class='ocrx_word' id='word_1_151' title='bbox 221 2189 287 2230; x_wconf 77' lang='lat' dir='ltr'>ubi</span> <span class='ocrx_word' id='word_1_152' title='bbox 305 2188 447 2229; x_wconf 61' lang='lat' dir='ltr'>minua</span> <span class='ocrx_word' id='word_1_153' title='bbox 466 2187 567 2226; x_wconf 85' lang='lat' dir='ltr'>Bos.</span> 
     </span>
    </p>

    <p class='ocr_par' dir='ltr' id='par_1_4' title="bbox 221 2243 1107 2618">
     <span class='ocr_line' id='line_1_31' title="bbox 277 2243 1104 2303; baseline -0.011 -11"><span class='ocrx_word' id='word_1_154' title='bbox 277 2248 476 2303; x_wconf 80' lang='lat' dir='ltr'>Melpum]</span> <span class='ocrx_word' id='word_1_155' title='bbox 502 2249 614 2289; x_wconf 88' lang='lat' dir='ltr'>Sunt</span> <span class='ocrx_word' id='word_1_156' title='bbox 633 2245 706 2299; x_wconf 88' lang='lat' dir='ltr'>qui</span> <span class='ocrx_word' id='word_1_157' title='bbox 727 2249 884 2298; x_wconf 87' lang='lat' dir='ltr'>putent</span> <span class='ocrx_word' id='word_1_158' title='bbox 903 2255 997 2285; x_wconf 89' lang='lat' dir='ltr'>esse</span> <span class='ocrx_word' id='word_1_159' title='bbox 1019 2243 1104 2284; x_wconf 86' lang='lat' dir='ltr'>Me-</span> 
     </span>
     <span class='ocr_line' id='line_1_32' title="bbox 221 2307 1107 2363; baseline -0.01 -7"><span class='ocrx_word' id='word_1_160' title='bbox 221 2315 338 2355; x_wconf 64' lang='lat' dir='ltr'>aium</span> <span class='ocrx_word' id='word_1_161' title='bbox 374 2312 654 2363; x_wconf 89' lang='lat' dir='ltr'>municipium</span> <span class='ocrx_word' id='word_1_162' title='bbox 690 2309 834 2349; x_wconf 83' lang='lat' dir='ltr'>nobile</span> <span class='ocrx_word' id='word_1_163' title='bbox 864 2313 910 2348; x_wconf 92' lang='lat' dir='ltr'>et</span> <span class='ocrx_word' id='word_1_164' title='bbox 946 2307 1107 2348; x_wconf 87' lang='lat' dir='ltr'>ditissi-</span> 
     </span>
     <span class='ocr_line' id='line_1_33' title="bbox 222 2371 1106 2428; baseline -0.007 -11"><span class='ocrx_word' id='word_1_165' title='bbox 222 2389 366 2417; x_wconf 86' lang='lat' dir='ltr'>mum:</span> <span class='ocrx_word' id='word_1_166' title='bbox 407 2380 559 2428; x_wconf 87' lang='lat' dir='ltr'>estque</span> <span class='ocrx_word' id='word_1_167' title='bbox 592 2373 638 2424; x_wconf 84' lang='lat' dir='ltr'>in</span> <span class='ocrx_word' id='word_1_168' title='bbox 663 2372 828 2422; x_wconf 89' lang='lat' dir='ltr'>Orbiis,</span> <span class='ocrx_word' id='word_1_169' title='bbox 859 2371 916 2412; x_wconf 89' lang='lat' dir='ltr'>de</span> <span class='ocrx_word' id='word_1_170' title='bbox 953 2371 1106 2424; x_wconf 85' lang='lat' dir='ltr'>quibus</span> 
     </span>
     <span class='ocr_line' id='line_1_34' title="bbox 222 2435 1106 2493; baseline -0.007 -12"><span class='ocrx_word' id='word_1_171' title='bbox 222 2441 360 2481; x_wconf 88' lang='lat' dir='ltr'>multa</span> <span class='ocrx_word' id='word_1_172' title='bbox 393 2437 608 2493; x_wconf 83' lang='lat' dir='ltr'>Zanchius</span> <span class='ocrx_word' id='word_1_173' title='bbox 641 2435 696 2476; x_wconf 90' lang='lat' dir='ltr'>ad</span> <span class='ocrx_word' id='word_1_174' title='bbox 731 2436 786 2476; x_wconf 91' lang='lat' dir='ltr'>P.</span> <span class='ocrx_word' id='word_1_175' title='bbox 806 2436 1043 2488; x_wconf 89' lang='lat' dir='ltr'>Betulium,</span> <span class='ocrx_word' id='word_1_176' title='bbox 1059 2440 1106 2476; x_wconf 90' lang='lat' dir='ltr'>et</span> 
     </span>
     <span class='ocr_line' id='line_1_35' title="bbox 225 2499 1106 2552; baseline -0.006 -8"><span class='ocrx_word' id='word_1_177' title='bbox 225 2504 281 2544; x_wconf 80' lang='lat' dir='ltr'>G.</span> <span class='ocrx_word' id='word_1_178' title='bbox 298 2503 470 2544; x_wconf 88' lang='lat' dir='ltr'>Merula</span> <span class='ocrx_word' id='word_1_179' title='bbox 500 2500 718 2552; x_wconf 87' lang='lat' dir='ltr'>Antiquit.</span> <span class='ocrx_word' id='word_1_180' title='bbox 751 2499 904 2540; x_wconf 80' lang='lat' dir='ltr'>Galliae</span> <span class='ocrx_word' id='word_1_181' title='bbox 926 2499 1106 2551; x_wconf 84' lang='lat' dir='ltr'>Cisalpi—</span> 
     </span>
     <span class='ocr_line' id='line_1_36' title="bbox 225 2563 702 2618; baseline -0.01 -11"><span class='ocrx_word' id='word_1_182' title='bbox 225 2579 311 2618; x_wconf 77' lang='lat' dir='ltr'>nae,</span> <span class='ocrx_word' id='word_1_183' title='bbox 329 2567 404 2606; x_wconf 86' lang='lat' dir='ltr'>lib.</span> <span class='ocrx_word' id='word_1_184' title='bbox 423 2577 456 2605; x_wconf 87' lang='lat'>1.</span> <span class='ocrx_word' id='word_1_185' title='bbox 475 2568 518 2604; x_wconf 81' lang='lat'>9.</span> <span class='ocrx_word' id='word_1_186' title='bbox 546 2563 702 2604; x_wconf 76' lang='lat' dir='ltr'>Schott.</span> 
     </span>
    </p>

    <p class='ocr_par' dir='ltr' id='par_1_5' title="bbox 223 2621 1111 3175">
     <span class='ocr_line' id='line_1_37' title="bbox 281 2621 1110 2675; baseline -0.007 -7"><span class='ocrx_word' id='word_1_187' title='bbox 281 2630 369 2675; x_wconf 76' lang='lat' dir='ltr'>Quo</span> <span class='ocrx_word' id='word_1_188' title='bbox 403 2626 593 2667; x_wconf 79' lang='lat' dir='ltr'>Camillus</span> <span class='ocrx_word' id='word_1_189' title='bbox 623 2623 757 2675; x_wconf 78' lang='lat' dir='ltr'>Veios]</span> <span class='ocrx_word' id='word_1_190' title='bbox 802 2622 874 2663; x_wconf 87' lang='lat' dir='ltr'>De</span> <span class='ocrx_word' id='word_1_191' title='bbox 905 2621 974 2663; x_wconf 91' lang='lat' dir='ltr'>die</span> <span class='ocrx_word' id='word_1_192' title='bbox 1006 2634 1110 2663; x_wconf 92' lang='lat' dir='ltr'>non-</span> 
     </span>
     <span class='ocr_line' id='line_1_38' title="bbox 225 2685 1107 2738; baseline -0.008 -5"><span class='ocrx_word' id='word_1_193' title='bbox 225 2692 326 2732; x_wconf 86' lang='lat' dir='ltr'>dum</span> <span class='ocrx_word' id='word_1_194' title='bbox 360 2692 403 2731; x_wconf 91' lang='lat' dir='ltr'>in</span> <span class='ocrx_word' id='word_1_195' title='bbox 433 2689 574 2730; x_wconf 88' lang='lat' dir='ltr'>Fastis</span> <span class='ocrx_word' id='word_1_196' title='bbox 611 2692 686 2728; x_wconf 89' lang='lat' dir='ltr'>aut</span> <span class='ocrx_word' id='word_1_197' title='bbox 717 2685 861 2727; x_wconf 87' lang='lat' dir='ltr'>diariis</span> <span class='ocrx_word' id='word_1_198' title='bbox 891 2685 1107 2738; x_wconf 88' lang='lat' dir='ltr'>comperi:</span> 
     </span>
     <span class='ocr_line' id='line_1_39' title="bbox 226 2747 1110 2799; baseline -0.009 -2"><span class='ocrx_word' id='word_1_199' title='bbox 226 2747 359 2796; x_wconf 68' lang='lat' dir='ltr'>annuis</span> <span class='ocrx_word' id='word_1_200' title='bbox 387 2759 455 2795; x_wconf 87' lang='lat' dir='ltr'>est</span> <span class='ocrx_word' id='word_1_201' title='bbox 486 2753 529 2793; x_wconf 90' lang='lat' dir='ltr'>in</span> <span class='ocrx_word' id='word_1_202' title='bbox 558 2752 610 2793; x_wconf 82' lang='lat' dir='ltr'>lis</span> <span class='ocrx_word' id='word_1_203' title='bbox 641 2750 815 2791; x_wconf 78' lang='lat' dir='ltr'>Tabulis</span> <span class='ocrx_word' id='word_1_204' title='bbox 846 2749 1110 2799; x_wconf 89' lang='lat' dir='ltr'>marmoreis,</span> 
     </span>
     <span class='ocr_line' id='line_1_40' title="bbox 225 2811 1110 2873; baseline -0.009 -14"><span class='ocrx_word' id='word_1_205' title='bbox 225 2831 311 2873; x_wconf 87' lang='lat' dir='ltr'>quo</span> <span class='ocrx_word' id='word_1_206' title='bbox 329 2817 384 2858; x_wconf 90' lang='lat' dir='ltr'>de</span> <span class='ocrx_word' id='word_1_207' title='bbox 414 2814 675 2856; x_wconf 81' lang='lat' dir='ltr'>Veientibus</span> <span class='ocrx_word' id='word_1_208' title='bbox 704 2812 907 2853; x_wconf 79' lang='lat' dir='ltr'>Dictator</span> <span class='ocrx_word' id='word_1_209' title='bbox 926 2811 1110 2864; x_wconf 90' lang='lat' dir='ltr'>primum</span> 
     </span>
     <span class='ocr_line' id='line_1_41' title="bbox 227 2874 1111 2934; baseline -0.01 -10"><span class='ocrx_word' id='word_1_210' title='bbox 227 2879 524 2934; x_wconf 88' lang='lat' dir='ltr'>triumphavit,</span> <span class='ocrx_word' id='word_1_211' title='bbox 568 2876 623 2918; x_wconf 85' lang='lat' dir='ltr'>A.</span> <span class='ocrx_word' id='word_1_212' title='bbox 656 2877 713 2917; x_wconf 90' lang='lat' dir='ltr'>U.</span> <span class='ocrx_word' id='word_1_213' title='bbox 747 2876 798 2916; x_wconf 84' lang='lat' dir='ltr'>C.</span> <span class='ocrx_word' id='word_1_214' title='bbox 835 2877 930 2915; x_wconf 70' lang='lat'>35⁷.</span> <span class='ocrx_word' id='word_1_215' title='bbox 967 2874 1111 2916; x_wconf 86' lang='lat' dir='ltr'>Livius</span> 
     </span>
     <span class='ocr_line' id='line_1_42' title="bbox 223 2938 1110 2987; baseline -0.008 0"><span class='ocrx_word' id='word_1_216' title='bbox 223 2947 297 2987; x_wconf 88' lang='lat' dir='ltr'>lib.</span> <span class='ocrx_word' id='word_1_217' title='bbox 316 2958 360 2987; x_wconf 83' lang='lat' dir='ltr'>v.</span> <span class='ocrx_word' id='word_1_218' title='bbox 387 2950 434 2985; x_wconf 88' lang='lat' dir='ltr'>et</span> <span class='ocrx_word' id='word_1_219' title='bbox 453 2954 618 2983; x_wconf 83' lang='lat' dir='ltr'>rursum</span> <span class='ocrx_word' id='word_1_220' title='bbox 647 2938 816 2980; x_wconf 83' lang='lat' dir='ltr'>Plinius</span> <span class='ocrx_word' id='word_1_221' title='bbox 846 2939 920 2980; x_wconf 91' lang='lat' dir='ltr'>lib.</span> <span class='ocrx_word' id='word_1_222' title='bbox 939 2949 1110 2981; x_wconf 74' lang='lat' dir='ltr'>xxxin.</span> 
     </span>
     <span class='ocr_line' id='line_1_43' title="bbox 226 3003 1109 3049; baseline -0.007 1"><span class='ocrx_word' id='word_1_223' title='bbox 226 3013 268 3049; x_wconf 72' lang='lat'>⁷.</span> <span class='ocrx_word' id='word_1_224' title='bbox 309 3007 567 3049; x_wconf 75' lang='lat' dir='ltr'>Plutarchus</span> <span class='ocrx_word' id='word_1_225' title='bbox 587 3003 781 3046; x_wconf 87' lang='lat' dir='ltr'>Camillo.</span> <span class='ocrx_word' id='word_1_226' title='bbox 826 3003 1024 3043; x_wconf 86' lang='lat' dir='ltr'>Valerius</span> <span class='ocrx_word' id='word_1_227' title='bbox 1046 3014 1109 3044; x_wconf 78' lang='lat' dir='ltr'>tv.</span> 
     </span>
     <span class='ocr_line' id='line_1_44' title="bbox 229 3065 1111 3142; baseline -0.007 -30"><span class='ocrx_word' id='word_1_228' title='bbox 229 3076 269 3111; x_wconf 89' lang='grc'>1.</span> <span class='ocrx_word' id='word_1_229' title='bbox 298 3071 473 3111; x_wconf 88' lang='lat' dir='ltr'>Diodor.</span> <span class='ocrx_word' id='word_1_230' title='bbox 502 3068 617 3109; x_wconf 88' lang='lat' dir='ltr'>Flor.</span> <span class='ocrx_word' id='word_1_231' title='bbox 651 3068 835 3119; x_wconf 89' lang='lat' dir='ltr'>Eutrop.</span> <span class='ocrx_word' id='word_1_232' title='bbox 863 3065 1028 3142; x_wconf 81' lang='lat' dir='ltr'>Auctor</span> <span class='ocrx_word' id='word_1_233' title='bbox 1056 3065 1111 3107; x_wconf 85' lang='lat' dir='ltr'>de</span> 
     </span>
     <span class='ocr_line' id='line_1_45' title="bbox 227 3131 680 3175; baseline -0.011 0"><span class='ocrx_word' id='word_1_234' title='bbox 227 3135 344 3175; x_wconf 87' lang='lat' dir='ltr'>Viris</span> <span class='ocrx_word' id='word_1_235' title='bbox 362 3133 527 3173; x_wconf 70' lang='lat' dir='ltr'>Ilm-tr.</span> <span class='ocrx_word' id='word_1_236' title='bbox 554 3131 680 3171; x_wconf 81' lang='lat' dir='ltr'>Idem.</span> 
     </span>
    </p>

    <p class='ocr_par' dir='ltr' id='par_1_6' title="bbox 229 3191 1114 3492">
     <span class='ocr_line' id='line_1_46' title="bbox 281 3191 1113 3250; baseline -0.005 -12"><span class='ocrx_word' id='word_1_237' title='bbox 281 3194 519 3250; x_wconf 76' lang='lat' dir='ltr'>Aquileiam]</span> <span class='ocrx_word' id='word_1_238' title='bbox 562 3194 702 3236; x_wconf 84' lang='lat' dir='ltr'>Quam</span> <span class='ocrx_word' id='word_1_239' title='bbox 720 3204 746 3232; x_wconf 82' lang='lat' dir='ltr'>a</span> <span class='ocrx_word' id='word_1_240' title='bbox 762 3191 952 3234; x_wconf 85' lang='lat' dir='ltr'>fontibus</span> <span class='ocrx_word' id='word_1_241' title='bbox 981 3205 1113 3247; x_wconf 86' lang='lat' dir='ltr'>aqua·</span> 
     </span>
     <span class='ocr_line' id='line_1_47' title="bbox 230 3255 1113 3313; baseline -0.006 -11"><span class='ocrx_word' id='word_1_242' title='bbox 230 3274 323 3302; x_wconf 90' lang='lat' dir='ltr'>rum</span> <span class='ocrx_word' id='word_1_243' title='bbox 343 3257 604 3313; x_wconf 80' lang='lat' dir='ltr'>perennibus</span> <span class='ocrx_word' id='word_1_244' title='bbox 621 3255 783 3297; x_wconf 85' lang='lat' dir='ltr'>dictam</span> <span class='ocrx_word' id='word_1_245' title='bbox 803 3257 967 3299; x_wconf 85' lang='lat' dir='ltr'>volunt.</span> <span class='ocrx_word' id='word_1_246' title='bbox 1002 3259 1113 3298; x_wconf 91' lang='lat' dir='ltr'>Con-</span> 
     </span>
     <span class='ocr_line' id='line_1_48' title="bbox 231 3320 1114 3365; baseline -0.007 1"><span class='ocrx_word' id='word_1_247' title='bbox 231 3325 326 3365; x_wconf 87' lang='lat' dir='ltr'>dita</span> <span class='ocrx_word' id='word_1_248' title='bbox 343 3329 411 3364; x_wconf 86' lang='lat' dir='ltr'>est</span> <span class='ocrx_word' id='word_1_249' title='bbox 430 3334 457 3362; x_wconf 91' lang='lat' dir='ltr'>a</span> <span class='ocrx_word' id='word_1_250' title='bbox 482 3320 683 3362; x_wconf 86' lang='lat' dir='ltr'>Romanis</span> <span class='ocrx_word' id='word_1_251' title='bbox 703 3324 856 3360; x_wconf 87' lang='lat' dir='ltr'>contra</span> <span class='ocrx_word' id='word_1_252' title='bbox 885 3320 1114 3362; x_wconf 86' lang='lat' dir='ltr'>Barbaros.</span> 
     </span>
     <span class='ocr_line' id='line_1_49' title="bbox 229 3383 1114 3435; baseline -0.011 -7"><span class='ocrx_word' id='word_1_253' title='bbox 229 3387 346 3428; x_wconf 84' lang='lat' dir='ltr'>Urbs</span> <span class='ocrx_word' id='word_1_254' title='bbox 379 3391 468 3427; x_wconf 88' lang='lat' dir='ltr'>tam</span> <span class='ocrx_word' id='word_1_255' title='bbox 507 3388 690 3435; x_wconf 84' lang='lat' dir='ltr'>augusta</span> <span class='ocrx_word' id='word_1_256' title='bbox 722 3383 951 3435; x_wconf 89' lang='lat' dir='ltr'>quondam,</span> <span class='ocrx_word' id='word_1_257' title='bbox 972 3388 1021 3423; x_wconf 89' lang='lat' dir='ltr'>ut</span> <span class='ocrx_word' id='word_1_258' title='bbox 1055 3383 1114 3423; x_wconf 74' lang='lat' dir='ltr'>al.</span> 
     </span>
     <span class='ocr_line' id='line_1_50' title="bbox 231 3444 1114 3492; baseline -0.005 -2"><span class='ocrx_word' id='word_1_259' title='bbox 231 3455 326 3491; x_wconf 80' lang='lat' dir='ltr'>tera</span> <span class='ocrx_word' id='word_1_260' title='bbox 346 3450 483 3492; x_wconf 84' lang='lat' dir='ltr'>Roma</span> <span class='ocrx_word' id='word_1_261' title='bbox 515 3448 748 3489; x_wconf 87' lang='lat' dir='ltr'>diceretur.</span> <span class='ocrx_word' id='word_1_262' title='bbox 805 3444 951 3487; x_wconf 84' lang='lat' dir='ltr'>Hodie</span> <span class='ocrx_word' id='word_1_263' title='bbox 973 3445 1028 3487; x_wconf 85' lang='lat' dir='ltr'>ad</span> <span class='ocrx_word' id='word_1_264' title='bbox 1048 3458 1114 3487; x_wconf 88' lang='lat' dir='ltr'>so·</span> 
     </span>
    </p>
   </div>
   <div class='ocr_carea' id='block_1_3' title="bbox 1933 275 2041 327">
    <p class='ocr_par' dir='ltr' id='par_1_7' title="bbox 1933 275 2041 327">
     <span class='ocr_line' id='line_1_51' title="bbox 1933 275 2041 327; baseline 0.009 -1"><span class='ocrx_word' id='word_1_265' title='bbox 1933 275 2041 327; x_wconf 84' lang='lat'>713</span> 
     </span>
    </p>
   </div>
   <div class='ocr_carea' id='block_1_4' title="bbox 1154 403 2066 3499">
    <p class='ocr_par' dir='ltr' id='par_1_8' title="bbox 1154 403 2042 526">
     <span class='ocr_line' id='line_1_52' title="bbox 1155 403 2042 460; baseline -0.007 -11"><span class='ocrx_word' id='word_1_266' title='bbox 1155 408 1381 449; x_wconf 89' lang='lat' dir='ltr'>litudinem</span> <span class='ocrx_word' id='word_1_267' title='bbox 1443 405 1755 460; x_wconf 85' lang='lat' dir='ltr'>propemodum</span> <span class='ocrx_word' id='word_1_268' title='bbox 1813 403 2042 457; x_wconf 86' lang='lat' dir='ltr'>perducta,</span> 
     </span>
     <span class='ocr_line' id='line_1_53' title="bbox 1154 474 1505 526; baseline -0.003 -12"><span class='ocrx_word' id='word_1_269' title='bbox 1154 474 1335 515; x_wconf 86' lang='lat' dir='ltr'>Venetis</span> <span class='ocrx_word' id='word_1_270' title='bbox 1363 479 1505 526; x_wconf 88' lang='lat' dir='ltr'>paret.</span> 
     </span>
    </p>

    <p class='ocr_par' dir='ltr' id='par_1_9' title="bbox 1156 531 2048 1150">
     <span class='ocr_line' id='line_1_54' title="bbox 1210 531 2043 589; baseline -0.007 -11"><span class='ocrx_word' id='word_1_271' title='bbox 1210 537 1423 589; x_wconf 76' lang='lat' dir='ltr'>Eidemque</span> <span class='ocrx_word' id='word_1_272' title='bbox 1452 537 1558 576; x_wconf 86' lang='lat' dir='ltr'>Istro</span> <span class='ocrx_word' id='word_1_273' title='bbox 1584 547 1635 575; x_wconf 81' lang='lat' dir='ltr'>ex</span> <span class='ocrx_word' id='word_1_274' title='bbox 1652 536 1811 574; x_wconf 83' lang='lat' dir='ltr'>adverso</span> <span class='ocrx_word' id='word_1_275' title='bbox 1829 533 1936 574; x_wconf 80' lang='lat' dir='ltr'>Padi</span> <span class='ocrx_word' id='word_1_276' title='bbox 1945 531 2043 588; x_wconf 84' lang='lat' dir='ltr'>fau-</span> 
     </span>
     <span class='ocr_line' id='line_1_55' title="bbox 1156 596 2044 652; baseline -0.005 -11"><span class='ocrx_word' id='word_1_277' title='bbox 1156 600 1236 652; x_wconf 82' lang='lat' dir='ltr'>ces]</span> <span class='ocrx_word' id='word_1_278' title='bbox 1263 601 1417 642; x_wconf 87' lang='lat' dir='ltr'>Strabo</span> <span class='ocrx_word' id='word_1_279' title='bbox 1453 600 1526 641; x_wconf 91' lang='lat' dir='ltr'>lib.</span> <span class='ocrx_word' id='word_1_280' title='bbox 1556 611 1590 639; x_wconf 86' lang='lat'>1.</span> <span class='ocrx_word' id='word_1_281' title='bbox 1617 598 1767 639; x_wconf 88' lang='lat' dir='ltr'>scribit</span> <span class='ocrx_word' id='word_1_282' title='bbox 1794 596 2044 637; x_wconf 87' lang='lat' dir='ltr'>Eratosthe-</span> 
     </span>
     <span class='ocr_line' id='line_1_56' title="bbox 1157 659 2043 717; baseline -0.005 -11"><span class='ocrx_word' id='word_1_283' title='bbox 1157 677 1270 717; x_wconf 89' lang='lat' dir='ltr'>nem,</span> <span class='ocrx_word' id='word_1_284' title='bbox 1289 671 1335 706; x_wconf 88' lang='lat' dir='ltr'>et</span> <span class='ocrx_word' id='word_1_285' title='bbox 1351 671 1453 706; x_wconf 87' lang='lat' dir='ltr'>ante</span> <span class='ocrx_word' id='word_1_286' title='bbox 1471 676 1570 705; x_wconf 88' lang='lat' dir='ltr'>eum</span> <span class='ocrx_word' id='word_1_287' title='bbox 1585 663 1741 703; x_wconf 91' lang='lat' dir='ltr'>multos</span> <span class='ocrx_word' id='word_1_288' title='bbox 1755 662 1801 702; x_wconf 89' lang='lat' dir='ltr'>in</span> <span class='ocrx_word' id='word_1_289' title='bbox 1819 661 1892 702; x_wconf 90' lang='lat' dir='ltr'>illa</span> <span class='ocrx_word' id='word_1_290' title='bbox 1910 659 2043 702; x_wconf 84' lang='lat' dir='ltr'>fuisse</span> 
     </span>
     <span class='ocr_line' id='line_1_57' title="bbox 1158 724 2043 781; baseline -0.007 -12"><span class='ocrx_word' id='word_1_291' title='bbox 1158 728 1417 781; x_wconf 81' lang='lat' dir='ltr'>ignorantia,</span> <span class='ocrx_word' id='word_1_292' title='bbox 1458 731 1509 768; x_wconf 90' lang='lat' dir='ltr'>ut</span> <span class='ocrx_word' id='word_1_293' title='bbox 1538 725 1718 767; x_wconf 83' lang='lat' dir='ltr'>fluvium</span> <span class='ocrx_word' id='word_1_294' title='bbox 1754 724 1807 765; x_wconf 88' lang='lat' dir='ltr'>ab</span> <span class='ocrx_word' id='word_1_295' title='bbox 1842 724 2043 764; x_wconf 88' lang='lat' dir='ltr'>Danubio</span> 
     </span>
     <span class='ocr_line' id='line_1_58' title="bbox 1159 788 2045 848; baseline -0.007 -15"><span class='ocrx_word' id='word_1_296' title='bbox 1159 792 1395 848; x_wconf 85' lang='lat' dir='ltr'>derivatum</span> <span class='ocrx_word' id='word_1_297' title='bbox 1414 793 1457 832; x_wconf 88' lang='lat' dir='ltr'>in</span> <span class='ocrx_word' id='word_1_298' title='bbox 1478 790 1748 832; x_wconf 87' lang='lat' dir='ltr'>Adriaticum</span> <span class='ocrx_word' id='word_1_299' title='bbox 1758 789 1886 841; x_wconf 82' lang='lat' dir='ltr'>juxta</span> <span class='ocrx_word' id='word_1_300' title='bbox 1903 788 2045 828; x_wconf 87' lang='lat' dir='ltr'>Istros</span> 
     </span>
     <span class='ocr_line' id='line_1_59' title="bbox 1160 850 2046 909; baseline -0.01 -11"><span class='ocrx_word' id='word_1_301' title='bbox 1160 856 1312 909; x_wconf 87' lang='lat' dir='ltr'>egredi</span> <span class='ocrx_word' id='word_1_302' title='bbox 1341 853 1631 903; x_wconf 81' lang='lat' dir='ltr'>tradiderint3</span> <span class='ocrx_word' id='word_1_303' title='bbox 1673 851 1789 893; x_wconf 90' lang='lat' dir='ltr'>unde</span> <span class='ocrx_word' id='word_1_304' title='bbox 1808 856 1854 892; x_wconf 91' lang='lat' dir='ltr'>et</span> <span class='ocrx_word' id='word_1_305' title='bbox 1882 850 2046 891; x_wconf 87' lang='lat' dir='ltr'>Iasonis</span> 
     </span>
     <span class='ocr_line' id='line_1_60' title="bbox 1162 914 2048 961; baseline -0.007 0"><span class='ocrx_word' id='word_1_306' title='bbox 1162 932 1187 961; x_wconf 89' lang='lat' dir='ltr'>e</span> <span class='ocrx_word' id='word_1_307' title='bbox 1216 920 1362 960; x_wconf 89' lang='lat' dir='ltr'>Ponto</span> <span class='ocrx_word' id='word_1_308' title='bbox 1379 919 1424 958; x_wconf 87' lang='lat' dir='ltr'>in</span> <span class='ocrx_word' id='word_1_309' title='bbox 1460 917 1730 958; x_wconf 85' lang='lat' dir='ltr'>Adriaticum</span> <span class='ocrx_word' id='word_1_310' title='bbox 1759 914 1968 956; x_wconf 85' lang='lat' dir='ltr'>transitus</span> <span class='ocrx_word' id='word_1_311' title='bbox 1989 915 2048 955; x_wconf 91' lang='lat' dir='ltr'>lo-</span> 
     </span>
     <span class='ocr_line' id='line_1_61' title="bbox 1163 978 2046 1023; baseline -0.006 0"><span class='ocrx_word' id='word_1_312' title='bbox 1163 994 1261 1023; x_wconf 86' lang='lat' dir='ltr'>cum</span> <span class='ocrx_word' id='word_1_313' title='bbox 1279 980 1484 1022; x_wconf 85' lang='lat' dir='ltr'>habuerit</span> <span class='ocrx_word' id='word_1_314' title='bbox 1498 980 1707 1021; x_wconf 74' lang='lat' dir='ltr'>historiae.</span> <span class='ocrx_word' id='word_1_315' title='bbox 1765 978 1858 1019; x_wconf 89' lang='lat' dir='ltr'>Hos</span> <span class='ocrx_word' id='word_1_316' title='bbox 1878 978 2046 1018; x_wconf 88' lang='lat' dir='ltr'>Plinius</span> 
     </span>
     <span class='ocr_line' id='line_1_62' title="bbox 1161 1041 2047 1096; baseline -0.005 -10"><span class='ocrx_word' id='word_1_317' title='bbox 1161 1057 1212 1086; x_wconf 89' lang='lat' dir='ltr'>ac</span> <span class='ocrx_word' id='word_1_318' title='bbox 1233 1045 1351 1085; x_wconf 91' lang='lat' dir='ltr'>Mela</span> <span class='ocrx_word' id='word_1_319' title='bbox 1370 1043 1505 1084; x_wconf 88' lang='lat' dir='ltr'>secuti</span> <span class='ocrx_word' id='word_1_320' title='bbox 1523 1043 1618 1096; x_wconf 88' lang='lat' dir='ltr'>pari</span> <span class='ocrx_word' id='word_1_321' title='bbox 1635 1041 1893 1095; x_wconf 78' lang='lat' dir='ltr'>ignorantiae</span> <span class='ocrx_word' id='word_1_322' title='bbox 1925 1052 2047 1082; x_wconf 87' lang='lat' dir='ltr'>naevo</span> 
     </span>
     <span class='ocr_line' id='line_1_63' title="bbox 1163 1107 1569 1150; baseline 0 -2"><span class='ocrx_word' id='word_1_323' title='bbox 1163 1113 1382 1150; x_wconf 78' lang='lat' dir='ltr'>notantur.</span> <span class='ocrx_word' id='word_1_324' title='bbox 1411 1107 1569 1148; x_wconf 79' lang='lat' dir='ltr'>Keuch.</span> 
     </span>
    </p>

    <p class='ocr_par' dir='ltr' id='par_1_10' title="bbox 1163 1166 2052 1539">
     <span class='ocr_line' id='line_1_64' title="bbox 1217 1166 2048 1224; baseline -0.007 -12"><span class='ocrx_word' id='word_1_325' title='bbox 1217 1172 1405 1224; x_wconf 79' lang='lat' dir='ltr'>Plerique</span> <span class='ocrx_word' id='word_1_326' title='bbox 1440 1171 1579 1211; x_wconf 78' lang='lat' dir='ltr'>dixere</span> <span class='ocrx_word' id='word_1_327' title='bbox 1597 1167 1725 1220; x_wconf 76' lang='lat' dir='ltr'>falso]</span> <span class='ocrx_word' id='word_1_328' title='bbox 1769 1166 2048 1218; x_wconf 84' lang='lat' dir='ltr'>Aristoteles,</span> 
     </span>
     <span class='ocr_line' id='line_1_65' title="bbox 1163 1229 2051 1283; baseline -0.007 -8"><span class='ocrx_word' id='word_1_329' title='bbox 1163 1234 1233 1275; x_wconf 90' lang='lat' dir='ltr'>De</span> <span class='ocrx_word' id='word_1_330' title='bbox 1246 1234 1366 1276; x_wconf 90' lang='lat' dir='ltr'>Hist.</span> <span class='ocrx_word' id='word_1_331' title='bbox 1382 1233 1525 1274; x_wconf 89' lang='lat' dir='ltr'>Anim.</span> <span class='ocrx_word' id='word_1_332' title='bbox 1544 1244 1650 1274; x_wconf 78' lang='lat' dir='ltr'>vm.</span> <span class='ocrx_word' id='word_1_333' title='bbox 1665 1237 1712 1272; x_wconf 89' lang='lat' dir='ltr'>et</span> <span class='ocrx_word' id='word_1_334' title='bbox 1726 1229 1813 1283; x_wconf 77' lang='grc' dir='ltr'>περὶ</span> <span class='ocrx_word' id='word_1_335' title='bbox 1836 1229 2051 1280; x_wconf 74' lang='grc' dir='ltr'>θαυμασίων</span> 
     </span>
     <span class='ocr_line' id='line_1_66' title="bbox 1163 1292 2049 1347; baseline -0.006 -9"><span class='ocrx_word' id='word_1_336' title='bbox 1163 1297 1428 1347; x_wconf 73' lang='grc' dir='ltr'><strong><em>ἀκουσμάτων.</em></strong></span> <span class='ocrx_word' id='word_1_337' title='bbox 1468 1296 1626 1339; x_wconf 85' lang='lat' dir='ltr'>Strabo</span> <span class='ocrx_word' id='word_1_338' title='bbox 1651 1294 1726 1335; x_wconf 92' lang='lat' dir='ltr'>lib.</span> <span class='ocrx_word' id='word_1_339' title='bbox 1760 1305 1844 1334; x_wconf 87' lang='lat' dir='ltr'>vn.</span> <span class='ocrx_word' id='word_1_340' title='bbox 1872 1292 2049 1345; x_wconf 86' lang='lat' dir='ltr'>Apollo-</span> 
     </span>
     <span class='ocr_line' id='line_1_67' title="bbox 1163 1359 2051 1411; baseline -0.005 -9"><span class='ocrx_word' id='word_1_341' title='bbox 1163 1363 1261 1402; x_wconf 89' lang='lat' dir='ltr'>nius</span> <span class='ocrx_word' id='word_1_342' title='bbox 1289 1360 1483 1402; x_wconf 85' lang='lat' dir='ltr'>Rhodius</span> <span class='ocrx_word' id='word_1_343' title='bbox 1515 1364 1564 1400; x_wconf 91' lang='lat' dir='ltr'>et</span> <span class='ocrx_word' id='word_1_344' title='bbox 1598 1359 1719 1399; x_wconf 88' lang='lat' dir='ltr'>Mela</span> <span class='ocrx_word' id='word_1_345' title='bbox 1745 1359 1819 1398; x_wconf 88' lang='lat' dir='ltr'>lib.</span> <span class='ocrx_word' id='word_1_346' title='bbox 1856 1370 1909 1399; x_wconf 88' lang='lat' dir='ltr'>n.</span> <span class='ocrx_word' id='word_1_347' title='bbox 1946 1370 2051 1411; x_wconf 86' lang='lat' dir='ltr'>quos</span> 
     </span>
     <span class='ocr_line' id='line_1_68' title="bbox 1163 1418 2052 1472; baseline -0.004 -8"><span class='ocrx_word' id='word_1_348' title='bbox 1163 1425 1294 1464; x_wconf 86' lang='lat' dir='ltr'>miror</span> <span class='ocrx_word' id='word_1_349' title='bbox 1325 1434 1474 1464; x_wconf 85' lang='lat' dir='ltr'>omnes</span> <span class='ocrx_word' id='word_1_350' title='bbox 1505 1433 1602 1461; x_wconf 88' lang='lat' dir='ltr'>cum</span> <span class='ocrx_word' id='word_1_351' title='bbox 1636 1420 1814 1472; x_wconf 88' lang='lat' dir='ltr'>Nepote</span> <span class='ocrx_word' id='word_1_352' title='bbox 1848 1418 2052 1460; x_wconf 83' lang='lat' dir='ltr'>falsitatis</span> 
     </span>
     <span class='ocr_line' id='line_1_69' title="bbox 1165 1485 1489 1539; baseline -0.006 -12"><span class='ocrx_word' id='word_1_353' title='bbox 1165 1486 1302 1539; x_wconf 89' lang='lat' dir='ltr'>argui.</span> <span class='ocrx_word' id='word_1_354' title='bbox 1333 1485 1489 1527; x_wconf 70' lang='lat' dir='ltr'>Schott.</span> 
     </span>
    </p>

    <p class='ocr_par' dir='ltr' id='par_1_11' title="bbox 1166 1546 2057 2225">
     <span class='ocr_line' id='line_1_70' title="bbox 1220 1546 2051 1601; baseline -0.006 -10"><span class='ocrx_word' id='word_1_355' title='bbox 1220 1550 1330 1591; x_wconf 78' lang='lat' dir='ltr'>Padi</span> <span class='ocrx_word' id='word_1_356' title='bbox 1346 1548 1494 1601; x_wconf 80' lang='lat' dir='ltr'>accola]</span> <span class='ocrx_word' id='word_1_357' title='bbox 1507 1546 1635 1589; x_wconf 89' lang='lat' dir='ltr'>Unde</span> <span class='ocrx_word' id='word_1_358' title='bbox 1652 1546 1823 1588; x_wconf 89' lang='lat' dir='ltr'>Catullo</span> <span class='ocrx_word' id='word_1_359' title='bbox 1841 1546 2051 1598; x_wconf 83' lang='lat' dir='ltr'>epigram.</span> 
     </span>
     <span class='ocr_line' id='line_1_71' title="bbox 1166 1611 2052 1673; baseline -0.005 -17"><span class='ocrx_word' id='word_1_360' title='bbox 1166 1627 1198 1673; x_wconf 32' lang='grc' dir='ltr'>ι..</span> <span class='ocrx_word' id='word_1_361' title='bbox 1214 1615 1351 1656; x_wconf 90' lang='lat' dir='ltr'>Italus</span> <span class='ocrx_word' id='word_1_362' title='bbox 1367 1627 1380 1664; x_wconf 91' lang='lat'><strong>;</strong></span> <span class='ocrx_word' id='word_1_363' title='bbox 1399 1612 1591 1654; x_wconf 89' lang='lat' dir='ltr'>Ausonio</span> <span class='ocrx_word' id='word_1_364' title='bbox 1605 1617 1765 1663; x_wconf 90' lang='lat' dir='ltr'>autem,</span> <span class='ocrx_word' id='word_1_365' title='bbox 1778 1611 1904 1664; x_wconf 84' lang='lat' dir='ltr'>epist.</span> <span class='ocrx_word' id='word_1_366' title='bbox 1917 1622 2052 1653; x_wconf 77' lang='lat' dir='ltr'>xxiv.</span> 
     </span>
     <span class='ocr_line' id='line_1_72' title="bbox 1167 1674 2055 1727; baseline -0.003 -9"><span class='ocrx_word' id='word_1_367' title='bbox 1167 1678 1319 1719; x_wconf 86' lang='lat' dir='ltr'>Gallus</span> <span class='ocrx_word' id='word_1_368' title='bbox 1338 1681 1535 1718; x_wconf 89' lang='lat' dir='ltr'>vocatur.</span> <span class='ocrx_word' id='word_1_369' title='bbox 1594 1676 1765 1726; x_wconf 87' lang='lat' dir='ltr'>Nempe</span> <span class='ocrx_word' id='word_1_370' title='bbox 1799 1674 1899 1727; x_wconf 86' lang='lat' dir='ltr'>quia</span> <span class='ocrx_word' id='word_1_371' title='bbox 1924 1675 2055 1716; x_wconf 85' lang='lat' dir='ltr'>Italia</span> 
     </span>
     <span class='ocr_line' id='line_1_73' title="bbox 1166 1738 2053 1794; baseline -0.002 -13"><span class='ocrx_word' id='word_1_372' title='bbox 1166 1740 1478 1794; x_wconf 87' lang='lat' dir='ltr'>Transpadana</span> <span class='ocrx_word' id='word_1_373' title='bbox 1495 1739 1718 1780; x_wconf 85' lang='lat' dir='ltr'>diceretur</span> <span class='ocrx_word' id='word_1_374' title='bbox 1747 1738 1892 1779; x_wconf 87' lang='lat' dir='ltr'>Gallia</span> <span class='ocrx_word' id='word_1_375' title='bbox 1918 1739 2053 1791; x_wconf 84' lang='lat' dir='ltr'>Toga-</span> 
     </span>
     <span class='ocr_line' id='line_1_74' title="bbox 1168 1801 2056 1856; baseline -0.002 -11"><span class='ocrx_word' id='word_1_376' title='bbox 1168 1809 1227 1845; x_wconf 88' lang='lat' dir='ltr'>ta.</span> <span class='ocrx_word' id='word_1_377' title='bbox 1281 1805 1354 1845; x_wconf 92' lang='lat' dir='ltr'>De</span> <span class='ocrx_word' id='word_1_378' title='bbox 1372 1802 1481 1844; x_wconf 87' lang='lat' dir='ltr'>urbe</span> <span class='ocrx_word' id='word_1_379' title='bbox 1510 1801 1654 1856; x_wconf 89' lang='lat' dir='ltr'>patria</span> <span class='ocrx_word' id='word_1_380' title='bbox 1672 1802 1900 1856; x_wconf 88' lang='lat' dir='ltr'>quicquam</span> <span class='ocrx_word' id='word_1_381' title='bbox 1918 1813 1964 1842; x_wconf 92' lang='lat' dir='ltr'>se</span> <span class='ocrx_word' id='word_1_382' title='bbox 1981 1803 2056 1843; x_wconf 87' lang='lat' dir='ltr'>ha-</span> 
     </span>
     <span class='ocr_line' id='line_1_75' title="bbox 1167 1866 2056 1918; baseline -0.002 -10"><span class='ocrx_word' id='word_1_383' title='bbox 1167 1867 1273 1908; x_wconf 88' lang='lat' dir='ltr'>bere</span> <span class='ocrx_word' id='word_1_384' title='bbox 1306 1866 1532 1918; x_wconf 90' lang='lat' dir='ltr'>comperti,</span> <span class='ocrx_word' id='word_1_385' title='bbox 1564 1870 1697 1917; x_wconf 80' lang='lat' dir='ltr'>negat</span> <span class='ocrx_word' id='word_1_386' title='bbox 1724 1866 1842 1906; x_wconf 89' lang='lat' dir='ltr'>Elias</span> <span class='ocrx_word' id='word_1_387' title='bbox 1871 1866 2056 1907; x_wconf 77' lang='lat' dir='ltr'>vinetus</span> 
     </span>
     <span class='ocr_line' id='line_1_76' title="bbox 1169 1928 2056 1980; baseline -0.001 -10"><span class='ocrx_word' id='word_1_388' title='bbox 1169 1931 1212 1970; x_wconf 89' lang='lat' dir='ltr'>in</span> <span class='ocrx_word' id='word_1_389' title='bbox 1250 1929 1488 1970; x_wconf 88' lang='lat' dir='ltr'>Ausonium</span> <span class='ocrx_word' id='word_1_390' title='bbox 1520 1928 1652 1980; x_wconf 85' lang='lat' dir='ltr'>Idyll.</span> <span class='ocrx_word' id='word_1_391' title='bbox 1683 1940 1773 1970; x_wconf 77' lang='lat' dir='ltr'>vn.</span> <span class='ocrx_word' id='word_1_392' title='bbox 1822 1930 1886 1970; x_wconf 87' lang='lat' dir='ltr'>At</span> <span class='ocrx_word' id='word_1_393' title='bbox 1919 1930 2056 1970; x_wconf 90' lang='lat' dir='ltr'>Vero-</span> 
     </span>
     <span class='ocr_line' id='line_1_77' title="bbox 1169 1990 2057 2043; baseline -0.005 -8"><span class='ocrx_word' id='word_1_394' title='bbox 1169 2005 1343 2034; x_wconf 88' lang='lat' dir='ltr'>nensem</span> <span class='ocrx_word' id='word_1_395' title='bbox 1390 1992 1535 2043; x_wconf 87' lang='lat' dir='ltr'>fuisse,</span> <span class='ocrx_word' id='word_1_396' title='bbox 1579 1991 1624 2031; x_wconf 90' lang='lat' dir='ltr'>in</span> <span class='ocrx_word' id='word_1_397' title='bbox 1660 1990 1845 2032; x_wconf 83' lang='lat' dir='ltr'>Leandri</span> <span class='ocrx_word' id='word_1_398' title='bbox 1881 1991 2057 2032; x_wconf 90' lang='lat' dir='ltr'>Alberti</span> 
     </span>
     <span class='ocr_line' id='line_1_78' title="bbox 1169 2054 2057 2108; baseline -0.003 -10"><span class='ocrx_word' id='word_1_399' title='bbox 1169 2057 1300 2098; x_wconf 90' lang='lat' dir='ltr'>Italia</span> <span class='ocrx_word' id='word_1_400' title='bbox 1332 2057 1448 2108; x_wconf 88' lang='lat' dir='ltr'>lego,</span> <span class='ocrx_word' id='word_1_401' title='bbox 1482 2060 1532 2095; x_wconf 91' lang='lat' dir='ltr'>ut</span> <span class='ocrx_word' id='word_1_402' title='bbox 1562 2060 1609 2094; x_wconf 92' lang='lat' dir='ltr'>et</span> <span class='ocrx_word' id='word_1_403' title='bbox 1643 2055 1980 2106; x_wconf 82' lang='lat' dir='ltr'>cosmographia</span> <span class='ocrx_word' id='word_1_404' title='bbox 1999 2054 2057 2095; x_wconf 89' lang='lat' dir='ltr'>P.</span> 
     </span>
     <span class='ocr_line' id='line_1_79' title="bbox 1170 2116 2057 2171; baseline -0.005 -10"><span class='ocrx_word' id='word_1_405' title='bbox 1170 2120 1368 2162; x_wconf 86' lang='lat' dir='ltr'>Merulae.</span> <span class='ocrx_word' id='word_1_406' title='bbox 1411 2119 1552 2160; x_wconf 88' lang='lat' dir='ltr'>Natus</span> <span class='ocrx_word' id='word_1_407' title='bbox 1571 2116 1683 2158; x_wconf 85' lang='lat' dir='ltr'>fuit</span> <span class='ocrx_word' id='word_1_408' title='bbox 1673 2129 1716 2157; x_wconf 89' lang='lat' dir='ltr'>m</span> <span class='ocrx_word' id='word_1_409' title='bbox 1736 2117 1953 2159; x_wconf 84' lang='lat' dir='ltr'>Hostilia:</span> <span class='ocrx_word' id='word_1_410' title='bbox 1983 2118 2057 2171; x_wconf 88' lang='lat' dir='ltr'>qui</span> 
     </span>
     <span class='ocr_line' id='line_1_80' title="bbox 1168 2181 1775 2225; baseline -0.009 0"><span class='ocrx_word' id='word_1_411' title='bbox 1168 2185 1406 2225; x_wconf 85' lang='lat' dir='ltr'>Veronens.</span> <span class='ocrx_word' id='word_1_412' title='bbox 1425 2182 1562 2223; x_wconf 85' lang='lat' dir='ltr'>vicus.</span> <span class='ocrx_word' id='word_1_413' title='bbox 1595 2181 1775 2222; x_wconf 78' lang='lat' dir='ltr'>Vossius.</span> 
     </span>
    </p>

    <p class='ocr_par' dir='ltr' id='par_1_12' title="bbox 1170 2244 2060 2736">
     <span class='ocr_line' id='line_1_81' title="bbox 1223 2244 2059 2298; baseline -0.002 -10"><span class='ocrx_word' id='word_1_414' title='bbox 1223 2258 1325 2288; x_wconf 85' lang='lat' dir='ltr'>vm.</span> <span class='ocrx_word' id='word_1_415' title='bbox 1355 2245 1504 2298; x_wconf 75' lang='lat' dir='ltr'>Alpes</span> <span class='ocrx_word' id='word_1_416' title='bbox 1489 2258 1532 2286; x_wconf 80' lang='lat' dir='ltr'>m</span> <span class='ocrx_word' id='word_1_417' title='bbox 1550 2244 1811 2297; x_wconf 74' lang='lat' dir='ltr'>longitudine]</span> <span class='ocrx_word' id='word_1_418' title='bbox 1840 2245 1961 2285; x_wconf 89' lang='lat' dir='ltr'>Mela</span> <span class='ocrx_word' id='word_1_419' title='bbox 1980 2245 2059 2286; x_wconf 87' lang='lat' dir='ltr'>lib.</span> 
     </span>
     <span class='ocr_line' id='line_1_82' title="bbox 1170 2307 2056 2362; baseline -0.001 -12"><span class='ocrx_word' id='word_1_420' title='bbox 1170 2321 1222 2351; x_wconf 85' lang='lat' dir='ltr'>n.</span> <span class='ocrx_word' id='word_1_421' title='bbox 1243 2311 1256 2333; x_wconf 94' lang='lat'>‘</span> <span class='ocrx_word' id='word_1_422' title='bbox 1273 2308 1433 2362; x_wconf 91' lang='lat' dir='ltr'>Alpes</span> <span class='ocrx_word' id='word_1_423' title='bbox 1422 2321 1546 2360; x_wconf 63' lang='lat' dir='ltr'>ipsae,</span> <span class='ocrx_word' id='word_1_424' title='bbox 1560 2307 1641 2348; x_wconf 91' lang='lat' dir='ltr'>ab</span> <span class='ocrx_word' id='word_1_425' title='bbox 1631 2307 1682 2347; x_wconf 79' lang='lat' dir='ltr'>iis</span> <span class='ocrx_word' id='word_1_426' title='bbox 1697 2307 1913 2348; x_wconf 86' lang='lat' dir='ltr'>littoribus</span> <span class='ocrx_word' id='word_1_427' title='bbox 1927 2309 2056 2361; x_wconf 85' lang='lat' dir='ltr'>longe</span> 
     </span>
     <span class='ocr_line' id='line_1_83' title="bbox 1170 2370 2059 2426; baseline 0 -13"><span class='ocrx_word' id='word_1_428' title='bbox 1170 2373 1344 2426; x_wconf 90' lang='lat' dir='ltr'>lateque</span> <span class='ocrx_word' id='word_1_429' title='bbox 1380 2370 1564 2422; x_wconf 84' lang='lat' dir='ltr'>diffusae,</span> <span class='ocrx_word' id='word_1_430' title='bbox 1601 2371 1740 2422; x_wconf 89' lang='lat' dir='ltr'>primo</span> <span class='ocrx_word' id='word_1_431' title='bbox 1776 2370 1830 2411; x_wconf 88' lang='lat' dir='ltr'>ad</span> <span class='ocrx_word' id='word_1_432' title='bbox 1877 2372 2059 2424; x_wconf 71' lang='lat' dir='ltr'>Septen-</span> 
     </span>
     <span class='ocr_line' id='line_1_84' title="bbox 1171 2434 2060 2487; baseline -0.001 -11"><span class='ocrx_word' id='word_1_433' title='bbox 1171 2435 1354 2476; x_wconf 89' lang='lat' dir='ltr'>trionem</span> <span class='ocrx_word' id='word_1_434' title='bbox 1373 2446 1529 2487; x_wconf 87' lang='lat' dir='ltr'>magno</span> <span class='ocrx_word' id='word_1_435' title='bbox 1549 2434 1686 2486; x_wconf 84' lang='lat' dir='ltr'>gradu</span> <span class='ocrx_word' id='word_1_436' title='bbox 1716 2441 1968 2486; x_wconf 85' lang='lat' dir='ltr'>excurrunt,</span> <span class='ocrx_word' id='word_1_437' title='bbox 1986 2435 2060 2475; x_wconf 88' lang='lat' dir='ltr'>de-</span> 
     </span>
     <span class='ocr_line' id='line_1_85' title="bbox 1170 2496 2057 2547; baseline -0.002 -9"><span class='ocrx_word' id='word_1_438' title='bbox 1170 2498 1272 2539; x_wconf 89' lang='lat' dir='ltr'>inde</span> <span class='ocrx_word' id='word_1_439' title='bbox 1290 2497 1364 2539; x_wconf 88' lang='lat' dir='ltr'>ubi</span> <span class='ocrx_word' id='word_1_440' title='bbox 1384 2497 1661 2537; x_wconf 84' lang='lat' dir='ltr'>Germaniam</span> <span class='ocrx_word' id='word_1_441' title='bbox 1685 2496 1944 2547; x_wconf 82' lang='lat' dir='ltr'>attigerunt,</span> <span class='ocrx_word' id='word_1_442' title='bbox 1962 2509 2057 2537; x_wconf 86' lang='lat' dir='ltr'>ver·</span> 
     </span>
     <span class='ocr_line' id='line_1_86' title="bbox 1173 2557 2058 2612; baseline -0.002 -11"><span class='ocrx_word' id='word_1_443' title='bbox 1173 2573 1220 2601; x_wconf 88' lang='lat' dir='ltr'>so</span> <span class='ocrx_word' id='word_1_444' title='bbox 1239 2561 1406 2612; x_wconf 92' lang='lat' dir='ltr'>impetu</span> <span class='ocrx_word' id='word_1_445' title='bbox 1425 2560 1468 2599; x_wconf 89' lang='lat' dir='ltr'>in</span> <span class='ocrx_word' id='word_1_446' title='bbox 1483 2559 1711 2599; x_wconf 87' lang='lat' dir='ltr'>Orientem</span> <span class='ocrx_word' id='word_1_447' title='bbox 1724 2557 1898 2610; x_wconf 90' lang='lat' dir='ltr'>abeunt,</span> <span class='ocrx_word' id='word_1_448' title='bbox 1916 2558 2058 2611; x_wconf 90' lang='lat' dir='ltr'>direp-</span> 
     </span>
     <span class='ocr_line' id='line_1_87' title="bbox 1173 2620 2058 2676; baseline -0.001 -13"><span class='ocrx_word' id='word_1_449' title='bbox 1173 2623 1318 2676; x_wconf 87' lang='lat' dir='ltr'>tisque</span> <span class='ocrx_word' id='word_1_450' title='bbox 1355 2621 1524 2674; x_wconf 88' lang='lat' dir='ltr'>populis</span> <span class='ocrx_word' id='word_1_451' title='bbox 1558 2620 1827 2672; x_wconf 90' lang='lat' dir='ltr'>immanibus,</span> <span class='ocrx_word' id='word_1_452' title='bbox 1858 2633 1993 2675; x_wconf 89' lang='lat' dir='ltr'>usque</span> <span class='ocrx_word' id='word_1_453' title='bbox 2014 2622 2058 2662; x_wconf 92' lang='lat' dir='ltr'>in</span> 
     </span>
     <span class='ocr_line' id='line_1_88' title="bbox 1170 2683 1682 2736; baseline -0.004 -10"><span class='ocrx_word' id='word_1_454' title='bbox 1170 2685 1398 2726; x_wconf 86' lang='lat' dir='ltr'>Thraciam</span> <span class='ocrx_word' id='word_1_455' title='bbox 1419 2683 1682 2736; x_wconf 88' lang='lat' dir='ltr'>penetrant.&#39;</span> 
     </span>
    </p>

    <p class='ocr_par' dir='ltr' id='par_1_13' title="bbox 1173 2748 2066 3051">
     <span class='ocr_line' id='line_1_89' title="bbox 1234 2748 2061 2802; baseline -0.001 -11"><span class='ocrx_word' id='word_1_456' title='bbox 1234 2750 1365 2791; x_wconf 65' lang='lat' dir='ltr'>Vides</span> <span class='ocrx_word' id='word_1_457' title='bbox 1377 2751 1491 2790; x_wconf 82' lang='lat' dir='ltr'>semel</span> <span class='ocrx_word' id='word_1_458' title='bbox 1503 2753 1663 2789; x_wconf 73' lang='lat' dir='ltr'>centena</span> <span class='ocrx_word' id='word_1_459' title='bbox 1675 2748 1963 2801; x_wconf 73' lang='lat' dir='ltr'>quinquaginta</span> <span class='ocrx_word' id='word_1_460' title='bbox 1978 2749 2061 2802; x_wconf 84' lang='lat' dir='ltr'>M.]</span> 
     </span>
     <span class='ocr_line' id='line_1_90' title="bbox 1176 2810 2062 2854; baseline -0.001 0"><span class='ocrx_word' id='word_1_461' title='bbox 1176 2813 1283 2854; x_wconf 89' lang='lat' dir='ltr'>Cod.</span> <span class='ocrx_word' id='word_1_462' title='bbox 1318 2812 1581 2853; x_wconf 78' lang='lat' dir='ltr'>Toletanus:</span> <span class='ocrx_word' id='word_1_463' title='bbox 1626 2810 1746 2851; x_wconf 76' lang='lat' dir='ltr'>vicies</span> <span class='ocrx_word' id='word_1_464' title='bbox 1775 2813 1894 2852; x_wconf 75' lang='lat' dir='ltr'>semel</span> <span class='ocrx_word' id='word_1_465' title='bbox 1924 2813 1989 2854; x_wconf 90' lang='lat' dir='ltr'>M.</span> <span class='ocrx_word' id='word_1_466' title='bbox 2017 2817 2062 2853; x_wconf 78' lang='lat' dir='ltr'>ut</span> 
     </span>
     <span class='ocr_line' id='line_1_91' title="bbox 1173 2872 2066 2924; baseline -0.002 -8"><span class='ocrx_word' id='word_1_467' title='bbox 1173 2880 1308 2916; x_wconf 79' lang='lat' dir='ltr'>auctor</span> <span class='ocrx_word' id='word_1_468' title='bbox 1325 2879 1386 2915; x_wconf 79' lang='lat' dir='ltr'>est</span> <span class='ocrx_word' id='word_1_469' title='bbox 1407 2875 1550 2924; x_wconf 78' lang='lat' dir='ltr'>Varro,</span> <span class='ocrx_word' id='word_1_470' title='bbox 1581 2877 1620 2914; x_wconf 86' lang='lat' dir='ltr'>et</span> <span class='ocrx_word' id='word_1_471' title='bbox 1642 2872 1736 2922; x_wconf 84' lang='lat' dir='ltr'>sere</span> <span class='ocrx_word' id='word_1_472' title='bbox 1765 2878 1916 2914; x_wconf 79' lang='lat' dir='ltr'>veteres</span> <span class='ocrx_word' id='word_1_473' title='bbox 1946 2876 2066 2915; x_wconf 81' lang='lat' dir='ltr'>semel</span> 
     </span>
     <span class='ocr_line' id='line_1_92' title="bbox 1174 2937 2063 2992; baseline -0.001 -13"><span class='ocrx_word' id='word_1_474' title='bbox 1174 2939 1474 2992; x_wconf 67' lang='lat' dir='ltr'>quinquaginta.</span> <span class='ocrx_word' id='word_1_475' title='bbox 1521 2938 1656 2989; x_wconf 84' lang='lat' dir='ltr'>Nepos</span> <span class='ocrx_word' id='word_1_476' title='bbox 1677 2937 1881 2978; x_wconf 77' lang='lat' dir='ltr'>Cornelius</span> <span class='ocrx_word' id='word_1_477' title='bbox 1897 2948 1993 2979; x_wconf 88' lang='lat' dir='ltr'>ccc.</span> <span class='ocrx_word' id='word_1_478' title='bbox 2010 2948 2063 2978; x_wconf 70' lang='lat' dir='ltr'>x.</span> 
     </span>
     <span class='ocr_line' id='line_1_93' title="bbox 1177 3001 1583 3051; baseline -0.005 -7"><span class='ocrx_word' id='word_1_479' title='bbox 1177 3012 1217 3044; x_wconf 73' lang='grc' dir='ltr'>ι.</span> <span class='ocrx_word' id='word_1_480' title='bbox 1236 3001 1387 3051; x_wconf 66' lang='lat' dir='ltr'>adiicit.</span> <span class='ocrx_word' id='word_1_481' title='bbox 1415 3001 1583 3042; x_wconf 90' lang='lat' dir='ltr'>Schott.</span> 
     </span>
    </p>

    <p class='ocr_par' dir='ltr' id='par_1_14' title="bbox 1176 3065 2062 3234">
     <span class='ocr_line' id='line_1_94' title="bbox 1185 3065 2062 3117; baseline -0.006 -7"><span class='ocrx_word' id='word_1_482' title='bbox 1185 3109 1187 3111; x_wconf 87' lang='grc'><strong>,</strong></span> <span class='ocrx_word' id='word_1_483' title='bbox 1231 3068 1467 3108; x_wconf 78' lang='lat' dir='ltr'>Portentosa</span> <span class='ocrx_word' id='word_1_484' title='bbox 1498 3065 1670 3106; x_wconf 76' lang='lat' dir='ltr'>Groecioe</span> <span class='ocrx_word' id='word_1_485' title='bbox 1703 3066 1924 3117; x_wconf 77' lang='lat' dir='ltr'>mendacia]</span> <span class='ocrx_word' id='word_1_486' title='bbox 1969 3065 1982 3088; x_wconf 91' lang='lat'>‘</span> <span class='ocrx_word' id='word_1_487' title='bbox 2003 3065 2062 3105; x_wconf 81' lang='lat' dir='ltr'>Et</span> 
     </span>
     <span class='ocr_line' id='line_1_95' title="bbox 1176 3126 2062 3184; baseline -0.005 -13"><span class='ocrx_word' id='word_1_488' title='bbox 1176 3130 1380 3184; x_wconf 85' lang='lat' dir='ltr'>quicquid</span> <span class='ocrx_word' id='word_1_489' title='bbox 1398 3129 1589 3181; x_wconf 35' lang='lat' dir='ltr'>(Graecia</span> <span class='ocrx_word' id='word_1_490' title='bbox 1623 3127 1809 3168; x_wconf 87' lang='lat' dir='ltr'>mendax</span> <span class='ocrx_word' id='word_1_491' title='bbox 1838 3126 1988 3168; x_wconf 88' lang='lat' dir='ltr'>Audet</span> <span class='ocrx_word' id='word_1_492' title='bbox 2018 3127 2062 3167; x_wconf 85' lang='lat' dir='ltr'>in</span> 
     </span>
     <span class='ocr_line' id='line_1_96' title="bbox 1176 3188 1955 3234; baseline -0.004 -1"><span class='ocrx_word' id='word_1_493' title='bbox 1176 3191 1381 3234; x_wconf 66' lang='lat' dir='ltr'>historia!</span> <span class='ocrx_word' id='word_1_494' title='bbox 1407 3190 1632 3234; x_wconf 82' lang='lat' dir='ltr'>Juvenalis</span> <span class='ocrx_word' id='word_1_495' title='bbox 1649 3190 1737 3230; x_wconf 88' lang='lat' dir='ltr'>Sat.</span> <span class='ocrx_word' id='word_1_496' title='bbox 1754 3200 1800 3229; x_wconf 87' lang='lat' dir='ltr'>x.</span> <span class='ocrx_word' id='word_1_497' title='bbox 1831 3188 1955 3230; x_wconf 74' lang='lat' dir='ltr'>Idem.</span> 
     </span>
    </p>

    <p class='ocr_par' dir='ltr' id='par_1_15' title="bbox 1179 3252 2063 3499">
     <span class='ocr_line' id='line_1_97' title="bbox 1232 3252 2063 3305; baseline -0.004 -8"><span class='ocrx_word' id='word_1_498' title='bbox 1232 3258 1296 3297; x_wconf 85' lang='lat' dir='ltr'>De</span> <span class='ocrx_word' id='word_1_499' title='bbox 1314 3255 1440 3295; x_wconf 75' lang='lat' dir='ltr'>hortis</span> <span class='ocrx_word' id='word_1_500' title='bbox 1472 3252 1754 3305; x_wconf 77' lang='lat' dir='ltr'>Hesperidum]</span> <span class='ocrx_word' id='word_1_501' title='bbox 1796 3252 2063 3305; x_wconf 87' lang='lat' dir='ltr'>Hesperides</span> 
     </span>
     <span class='ocr_line' id='line_1_98' title="bbox 1179 3314 2061 3372; baseline -0.002 -14"><span class='ocrx_word' id='word_1_502' title='bbox 1179 3318 1392 3372; x_wconf 79' lang='lat' dir='ltr'>Nymphae</span> <span class='ocrx_word' id='word_1_503' title='bbox 1411 3320 1524 3367; x_wconf 87' lang='lat' dir='ltr'>sunt,</span> <span class='ocrx_word' id='word_1_504' title='bbox 1542 3315 1693 3368; x_wconf 86' lang='lat' dir='ltr'>quibus</span> <span class='ocrx_word' id='word_1_505' title='bbox 1711 3314 1824 3356; x_wconf 88' lang='lat' dir='ltr'>horti</span> <span class='ocrx_word' id='word_1_506' title='bbox 1843 3314 1906 3355; x_wconf 91' lang='lat' dir='ltr'>illi</span> <span class='ocrx_word' id='word_1_507' title='bbox 1926 3316 2061 3357; x_wconf 82' lang='lat' dir='ltr'>tribn-</span> 
     </span>
     <span class='ocr_line' id='line_1_99' title="bbox 1180 3378 2061 3433; baseline -0.002 -11"><span class='ocrx_word' id='word_1_508' title='bbox 1180 3386 1323 3422; x_wconf 89' lang='lat' dir='ltr'>untur.</span> <span class='ocrx_word' id='word_1_509' title='bbox 1378 3380 1430 3421; x_wconf 89' lang='lat' dir='ltr'>In</span> <span class='ocrx_word' id='word_1_510' title='bbox 1449 3378 1688 3433; x_wconf 82' lang='lat' dir='ltr'>Cyrenaica</span> <span class='ocrx_word' id='word_1_511' title='bbox 1703 3378 1924 3432; x_wconf 58' lang='grc' dir='ltr'>Ἑσπερίδες</span> <span class='ocrx_word' id='word_1_512' title='bbox 1942 3380 2061 3420; x_wconf 84' lang='lat' dir='ltr'>urbis</span> 
     </span>
     <span class='ocr_line' id='line_1_100' title="bbox 1179 3443 2059 3499; baseline -0.002 -12"><span class='ocrx_word' id='word_1_513' title='bbox 1179 3456 1349 3498; x_wconf 88' lang='lat' dir='ltr'>nomen,</span> <span class='ocrx_word' id='word_1_514' title='bbox 1379 3455 1474 3499; x_wconf 77' lang='lat' dir='ltr'>quoe</span> <span class='ocrx_word' id='word_1_515' title='bbox 1507 3448 1552 3485; x_wconf 85' lang='lat' dir='ltr'>et</span> <span class='ocrx_word' id='word_1_516' title='bbox 1586 3443 1763 3499; x_wconf 57' lang='lat' dir='ltr'>‘Emptis</span> <span class='ocrx_word' id='word_1_517' title='bbox 1781 3452 1827 3486; x_wconf 89' lang='lat' dir='ltr'>et</span> <span class='ocrx_word' id='word_1_518' title='bbox 1860 3445 2059 3497; x_wconf 68' lang='grc' dir='ltr'>Εὐστφὶς.</span> 
     </span>
    </p>
   </div>
  </div>
 </body>
</html>
