2326 3944
721 269 811 308 vr.
865 268 1283 321 LYSANDRUM,
1306 270 1456 310 :csta
1492 259 1567 311 4..
1592 278 1599 302 ;

221 387 402 430 tentiam
422 400 502 440 pro
516 399 564 428 se
588 387 866 428 obtenturum
884 399 968 427 non
987 386 1096 428 diffi-

221 450 368 492 debat.
410 450 480 491 Ad
516 450 688 491 verbnm
721 448 814 490 fere
850 450 1096 491 Diodorus:

219 514 296 555 Διὰ
323 514 371 563 δὴ
396 513 540 554 τούτου
565 512 693 567 (ξένου
723 513 912 565 πατρικοῦ
942 511 1098 566 λίβυος)

217 577 283 618 καὶ
312 580 391 617 τῶν
414 575 672 629 κομιζομένων
696 575 906 629 χρημάτων
928 576 1098 625 ἐλπίσας

217 640 380 682 πείσειν.
406 643 551 682 Valer.
570 642 687 681 Max.
715 641 790 680 lib.
810 652 892 681 vn.
912 645 951 681 1.
994 643 1006 664 ‘
1027 641 1098 682 Ita

219 704 381 757 Gyges,
400 703 511 743 ‘dum
549 704 602 744 ad
637 704 935 755 stipulatorem
974 716 1095 745 vanae

216 767 426 818 opinionis
458 767 598 806 Deum
631 767 788 807 habere
819 767 1096 818 concupisce·

215 834 299 877 ret,
318 829 487 869 ubinam
508 829 644 870 solida
663 835 710 870 et
726 842 880 870 secura
899 836 1016 870 esset
1033 829 1095 870 fe·

214 891 372 943 licitas,
389 892 572 933 didicit.5
602 894 721 933 Bene
742 894 918 934 Petron.
937 895 950 917 ‘
964 893 1097 936 Quid-

214 956 279 996 vis
313 957 494 997 nummis
527 957 813 1008 praesentibus
845 963 964 1010 opta,
982 959 1093 998 Eve-

214 1018 336 1060 niet!

263 1083 382 1124 Cleon
394 1083 737 1135 Halicarnasseus]
751 1082 975 1126 Alicarnas.
987 1083 1093 1127 eod.

213 1145 268 1186 P.
286 1145 395 1187 Dan.
415 1146 530 1186 Edit.
549 1147 706 1187 Venet.
739 1147 976 1187 Alicarnias.
1008 1143 1091 1188 'Sa-

212 1219 332 1249 varo.
373 1210 561 1260 Vulgata
594 1222 646 1249 ex
681 1210 837 1250 Graeco
871 1208 1092 1267 profluxit.

211 1271 284 1312 Sic
316 1271 602 1312 Plutarchus:
642 1271 706 1312 καὶ
738 1267 863 1329 λόγον
883 1270 1092 1324 ἐξεμελέτα

209 1334 303 1387 πρὸς
315 1334 390 1383 τὴν
404 1334 581 1375 ὑπόθεσιν
591 1335 859 1388 ’γεγραμμένον
871 1336 944 1376 ὑπὸ
960 1335 1093 1378 Κλέω-

210 1412 275 1439 νος
285 1397 629 1451 Ἁλικαρνασσέως.
646 1400 824 1441 Lambin.
848 1401 1090 1454 vam-patus

208 1460 284 1501 ille
317 1474 406 1502 mos
439 1463 482 1501 in
515 1462 700 1514 Graecia,
727 1469 785 1517 ut*
804 1463 1092 1506 Oratores-et

208 1523 425 1576 Sophistae
443 1524 535 1564 aliis
551 1526 765 1566 orationes
779 1527 1093 1579 scriptitarent:
1110 1572 1114 1576 ,

209 1587 337 1628 Unde
366 1586 626 1640 λογόγραφοι,
659 1595 757 1642 quae
790 1603 873 1631 vox
911 1603 1089 1632 cnm-,re

207 1655 357 1702 postea
374 1651 417 1690 in
436 1658 730 1704 contemptum
750 1653 948 1695 adducta.
975 1654 1088 1696 Vide

209 1713 389 1754 Cresoll.
408 1714 564 1755 theatr.
586 1715 717 1756 Rhet.
738 1727 808 1756 ιιι.
827 1719 869 1758 2.
897 1717 1034 1759 Boeel.
1057 1750 1061 1753 .

263 1777 372 1819 cn.
384 1782 423 1818 4.
445 1779 645 1818 Perlatnm
658 1793 670 1819 :
683 1780 802 1831 petiit
821 1793 846 1820 a
861 1781 1088 1823 Pharnaba·

204 1839 271 1892 zo]
320 1841 465 1881 Editio
515 1842 792 1894 Longoliana,
830 1846 1023 1895 perlatum
1062 1858 1088 1886 a

206 1905 475 1946 Pharnabazo.
533 1907 790 1948 Plutarchus
817 1914 992 1961 aperte:
1023 1909 1087 1950 καὶ

205 1970 400 2010 συνελθὼν
429 1970 550 2010 ἐδεῖτο
570 1969 714 2023 γράψαι
733 1970 819 2024 περὶ
851 1972 970 2013 αὐτοῦ
996 1973 1088 2025 πρὸς

203 2031 296 2074 τοὺς
313 2033 508 2086 ἄρχοντας
531 2033 666 2087 ἑτέραν
693 2035 918 2087 ἐπιστολὴν,
946 2037 996 2078 ὥς
1023 2037 1085 2077 οὔ·

203 2096 269 2137 azy
280 2095 520 2151 ἠδυιημένον,
535 2099 612 2139 οὐδ’
631 2099 886 2150 ἐγκαλοῦντα.
914 2103 985 2142 De
999 2114 1084 2155 quo

201 2160 246 2201 in
263 2159 501 2202 Alcibiade.
532 2162 846 2203 Commemorat
860 2175 956 2203 eum
974 2164 1084 2204 Thu·

180 2223 299 2276 ἐγὼ
318 2236 421 2266 vm.
442 2230 488 2266 et
506 2238 628 2278 saepe-
653 2227 849 2278 Xenoph.
872 2227 986 2267 Ἐλλ.
1007 2238 1080 2268 111.

202 2292 249 2327 et
282 2299 343 2329 lv,
381 2287 598 2329 Isocrates
630 2290 792 2342 Paneg.
822 2291 1079 2331 Plutarchus

199 2349 244 2389 in
261 2351 449 2403 Lysand.
479 2352 585 2391 Erat
602 2352 672 2392 hic
690 2353 922 2405 Cretensis,
941 2354 1078 2394 Phar-

201 2414 351 2456 nabazi
386 2414 512 2465 filius,
545 2416 646 2456 olim
679 2417 816 2468 Darii,
847 2423 894 2458 et
926 2424 1078 2470 postea

199 2477 453 2519 Artaxerxis
476 2479 693 2531 Satrapes,
714 2481 784 2533 qui
806 2480 1076 2522 Alcibiadem

197 2539 446 2591 interfecit:
466 2546 514 2582 ut
527 2542 682 2584 scribit
695 2544 873 2586 Diodor.
890 2545 963 2586 lib.
980 2556 1076 2588 xiv.

199 2601 381 2644 Lambin.

258 2665 418 2710 Quanta
448 2668 656 2710 sanctitate
691 2669 831 2711 bellam
872 2673 1077 2726 gessisset]

199 2725 391 2775 Justitia,
421 2729 713 2772 moderatione
746 2738 875 2786 atque
900 2735 1076 2788 integri·

198 2795 303 2833 tate.
329 2792 475 2833 Valer.
505 2805 567 2835 1v.
588 2797 652 2835 14.
681 2795 695 2818 ‘
715 2795 970 2848 Cypriacam
1000 2812 1074 2851 pe-

199 2854 365 2894 cuniam
403 2855 587 2896 maxima
626 2869 724 2898 cum
770 2859 994 2912 diligentia
1028 2867 1076 2904 et

198 2917 427 2958 sanctitate
463 2918 506 2958 iu
541 2919 690 2960 urbem
736 2921 1073 2974 deportaverat.'

196 2978 311 3021 Hinc
341 2982 354 3003 ⁴
383 2985 544 3022 sanctae
578 2983 740 3024 manus'
772 2997 858 3025 non
898 2988 1071 3039 pollntae

195 3043 421 3101 captandis
454 3049 499 3085 et
527 3047 803 3097 acceptandis
830 3051 1072 3092 muneribus

193 3105 519 3157 provincialium
550 3108 662 3160 apud
696 3111 794 3152 Val.
820 3112 892 3153 lib.
922 3126 974 3156 11.
1003 3118 1070 3158 11.

191 3169 205 3191 ⁶
229 3168 340 3208 Tum
358 3170 626 3211 continentia
644 3172 784 3215 inerat
800 3175 1069 3228 imperatori-

191 3230 273 3271 bus
291 3232 465 3283 nostris‚
479 3244 604 3285 quam
633 3241 806 3277 sanctas
829 3250 978 3281 manus
996 3241 1068 3281 ba-

190 3293 294 3336 bere
314 3294 523 3336 deberent
552 3296 668 3349 apud
695 3297 776 3340 ista
804 3301 957 3344 altaria
982 3302 1067 3345 dis-

191 3356 416 3399 centibus!
445 3358 568 3400 Gebh.

244 3419 356 3463 Huic
388 3422 458 3464 ille
493 3422 709 3466 liberaliter
738 3425 965 3480 pollicetur]
1010 3428 1065 3471 Se

1929 259 2051 326 485-

1161 390 1300 431 omnia
1309 390 1538 431 facturum.
1551 389 1768 430 Plutarch.
1777 387 2042 439 ὑποσχόμενος

1161 451 1314 494 ἅπαντα
1334 451 1520 501 ποιήσειν.
1562 452 1626 494 Ut
1653 453 1793 492 solent
1810 451 1909 493 falsi
1927 451 2046 499 falsi-.

1160 518 1322 558 moniis.
1363 518 1483 557 Curt.
1514 518 1586 558 lib.
1618 528 1702 557 vu.
1729 519 1793 557 11.
1821 516 1833 537 ‘
1854 515 2040 568 Polyda·

1159 593 1248 621 mas
1269 587 1389 622 tanto
1422 581 1626 621 liberatus
1655 584 1786 629 metu,
1804 578 2037 630 impensius

1159 644 1286 684 etiam
1330 657 1456 698 quam
1503 642 1774 696 exigebatur,
1822 641 2040 693 promittit

1158 706 1363 758 operam!
1426 706 1636 758 Loquitur
1673 710 1814 743 autem
1848 705 1900 744 ad
1940 716 2038 744 eum

1157 769 1329 810 modum
1360 770 1510 810 crebro
1530 768 1676 808 Caesar
1707 767 1760 806 de
1796 768 1917 807 Bello
1935 768 2037 809 Gal-

1156 833 1240 873 lico
1272 845 1336 874 lv.
1368 837 1432 874 18.
1472 833 1485 854 ‘
1519 830 1694 883 Legatis
1727 842 1875 882 pacem
1904 836 2037 884 atque
2123 841 2126 844 ·

1157 896 1386 936 amicitiam
1420 895 1665 947 petentibus
1698 893 1936 933 liberaliter
1968 906 2035 934 re-

1157 958 1358 1010 spondit?
1400 959 1506 1010 Cap.
1541 961 1607 999 21.
1645 958 1658 979 ‘
1679 957 1848 1008 Legatis
1880 955 2036 997 auditis

1156 1021 1391 1063 liberaliter
1423 1021 1638 1073 pollicitus
1669 1021 1948 1073 hortatusque
1986 1026 2035 1061 ut

1146 1085 1198 1130 ‘in
1211 1097 1271 1135 ‚ea
1287 1084 1505 1126 sententia
1532 1088 1851 1136 permanerent,
1870 1095 1942 1123 eos
1961 1083 2037 1124 do-

1154 1162 1268 1189 mum
1289 1147 1482 1189 remisit!
1512 1145 1599 1196 Ubi
1618 1146 1798 1187 Graecus
1819 1145 2033 1198 interpres

1154 1213 1299 1254 reddit
1313 1214 1641 1266 φιλοφρονεῖσθαι.
1673 1211 1871 1251 Gebhard.

1206 1276 1371 1317 Libram
1392 1275 1577 1326 gravem]
1621 1275 1836 1322 Grandem,
1868 1270 2033 1313 Gifanii

1153 1338 1301 1386 Codex
1335 1346 1381 1379 et
1415 1338 1741 1390 Ultrajectinns.
1795 1335 2033 1383 Ἐπιστολὴν

1151 1406 1295 1451 vocat,
1314 1401 1425 1442 bene
1457 1402 1626 1453 longam
1654 1401 1764 1440 haud
1798 1399 1944 1449 dubie,
1961 1411 2034 1440 vo·

1152 1463 1319 1504 luminis
1334 1464 1498 1515 instar,
1514 1463 1798 1514 Plutarchus.
1835 1461 2030 1503 Schottus.

1152 1525 1280 1568 Quod
1296 1532 1340 1566 et
1357 1526 1521 1578 probat<
1539 1525 1759 1566 Gebhard.

1204 1590 1314 1640 Dum
1342 1589 1589 1641 obsignatur]
1628 1589 1718 1630 Alii
1748 1589 1919 1630 codices
1959 1589 2030 1629 ha-

1148 1651 1270 1705 bent,
1299 1655 1391 1694 dum
1418 1654 1614 1707 signatur.
1670 1653 1876 1694 Nonnulli
1901 1652 2030 1703 desig-

1148 1719 1283 1772 natur,
1306 1717 1522 1758 mendose.
1551 1716 1824 1757 Plutarchus:
1856 1716 1896 1756 ἐν
1915 1714 1957 1756 δὲ
1973 1717 2032 1766 τῷ

1104 1790 1109 1794 ·
1136 1778 1366 1835 ,σφραγῖδας
1394 1778 1640 1826 ἐπιβάλλειν.
1670 1777 1854 1818 Lambin.
1909 1778 2029 1818 Mar·

1147 1844 1262 1884 tialis
1275 1838 1290 1884 ἐ
1318 1844 1331 1866 ‘
1350 1844 1450 1886 Jam
1471 1842 1612 1894 signat
1631 1853 1749 1882 meus
1769 1842 1947 1881 annulus
1967 1842 2026 1882 la-

1146 1906 1323 1958 genam?
1376 1906 1462 1947 Sed
1482 1906 1619 1945 altero
1649 1905 1792 1956 potius
1812 1905 1875 1945 uti
1893 1905 2027 1957 scrip-

1147 1975 1265 2010 tores
1283 1968 1480 2020 Augusto
1500 1967 1775 2020 antiquiores,
1790 1968 1917 2007 docet
1936 1967 2027 2007 Sal-

1145 2034 1298 2072 masius
1331 2032 1510 2085 specim.
1552 2028 1762 2071 confutat.
1811 2029 2024 2070 animadv.

1144 2093 1326 2135 Heraldi
1346 2106 1438 2146 cap.
1458 2097 1524 2134 30.

1195 2157 1376 2198 Alterum
1391 2157 1483 2210 pari
1501 2157 1783 2208 magnitudine,
1796 2160 1841 2196 ut
1857 2157 2025 2197 discerni

1140 2235 1218 2263 non
1250 2222 1399 2274 posset]
1448 2221 1679 2273 Longolius
1716 2220 1852 2272 addit,
1909 2225 2023 2261 tanta

1139 2287 1422 2334 similitudine;
1451 2285 1565 2338 quod
1585 2284 1799 2324 subditum
1819 2285 2022 2336 suspicor.

1139 2350 1316 2402 Lambin.
1359 2349 1574 2401 Exprimit
1593 2347 1875 2388 Plutarchus:
1909 2347 2021 2387 ἐναλ-

1139 2411 1260 2464 λάξας
1294 2412 1348 2453 τὰ
1381 2411 1523 2459 βιβλία
1551 2409 1671 2461 μηδὲν
1701 2407 1929 2462 διαφέροντα
1970 2411 2022 2464 τῇ

1139 2474 1237 2528 ὄψει.
1266 2476 1378 2516 Vide
1398 2475 1648 2528 Polyaenum
1668 2474 1860 2526 Strateg.
1879 2485 1964 2514 vn.

1196 2537 1453 2590 Cognossent]
1484 2537 1628 2578 Editio
1646 2538 1912 2588 Parisiensis,
1929 2549 2018 2588 cog·-

1137 2605 1349 2642 noscerent.
1377 2600 1664 2651 Cognoscere,
1678 2601 1818 2650 legere,
1836 2599 2018 2651 ἀναγινῶ·

1137 2678 1258 2706 σκειν.
1275 2665 1402 2716 Supr.
1424 2662 1661 2704 Pausania:
1692 2664 1704 2686 ‘
1741 2663 1908 2703 vincula
1927 2663 2016 2716 epi-

1137 2729 1259 2769 stolae
1286 2728 1464 2778 laxavit,
1491 2727 1698 2778 signoque
1726 2726 1923 2767 detracto
1943 2738 2014 2766 co·

1138 2792 1316 2845 gnevit.’
1333 2793 1524 2833 Conone:
1537 2791 1549 2813 ‘
1567 2790 1722 2843 Itaque
1736 2802 1828 2842 quae
1843 2789 2015 2830 volebat

1134 2857 1236 2898 hnic
1255 2856 1420 2908 scripta
1445 2853 1590 2895 tradit.
1646 2852 1812 2895 Quibus
1828 2852 2013 2906 cognitis

1136 2931 1214 2960 rex
1246 2923 1411 2959 tantum
1443 2914 1703 2957 auctoritate
1739 2922 1878 2956 motus
1917 2914 2012 2957 est.’

1136 2986 1350 3025 Datame:
1392 2983 1405 3007 ‘
1425 2982 1599 3024 Talibus
1618 2981 1689 3021 ille
1716 2979 1850 3020 literis
1867 2980 2013 3032 cogni-

1134 3048 1207 3099 tis,
1237 3060 1332 3089 cum
1355 3047 1447 3100 jam
1478 3046 1532 3086 ad
1564 3045 1804 3086 exercitum
1833 3042 2012 3085 Acaeum

1133 3110 1349 3152 venisset.'
1393 3109 1590 3150 Gebhard.

1186 3174 1290 3215 Suus
1308 3173 1396 3224 ficit
1413 3170 1630 3223 accusator]
1657 3170 1912 3221 Polyaenus:
1944 3169 2011 3209 αὖ·

1130 3238 1199 3280 τὸς
1215 3239 1300 3280 καθ’
1315 3239 1434 3279 αὑτοῦ
1449 3235 1661 3290 γράμματα
1680 3233 1848 3284 ἐκόμισε.
1881 3233 2009 3276 Gebn.

1183 3303 1427 3343 Lassumu
1448 3312 1516 3341 res
1537 3298 1739 3340 habemus
1770 3296 1885 3351 apud
1905 3297 2009 3338 Plu-

1130 3364 1264 3406 tarch.
1282 3365 1326 3405 in
1343 3364 1432 3405 vita
1445 3368 1491 3404 et
1510 3361 1626 3403 alibi.
1650 3359 1941 3414 Thucydidem
1961 3372 2007 3401 v.

1127 3428 1327 3483 Xenoph.
1372 3428 1517 3470 Graec.
1562 3425 1728 3469 Hister.
1765 3435 1820 3466 11.
1852 3429 1899 3466 et
1937 3435 2008 3468 ιιι.
