2306 3900
284 274 396 328 616

668 288 848 329 NOTAE
888 286 1227 332 VARlORUM
1268 293 1335 334 IN
1377 296 1431 336 G.
1473 295 1737 338 NEPOTIS

284 408 409 448 allata
427 411 487 447 est
511 405 708 459 suspicio:
736 419 833 460 pro,
857 419 944 449 cum
961 408 1171 451 dimidium
1225 394 1410 466 quarum
1441 419 1627 469 quatuor
1656 406 1799 456 noctis
1835 407 1978 468 erant,
2011 410 2123 462 'tati-

270 470 455 523 spatium
482 469 724 523 emtfeeisset,
749 472 874 513 allata
903 476 963 514 est
990 474 1172 526 suspicio.

284 539 535 580 Boeclerus.
591 537 729 592 Atqui
756 551 842 580 non
867 552 923 581 ex
941 539 1077 593 fumo,
1095 540 1173 582 sed

283 613 339 643 ex
358 600 527 655 fulgore
554 602 743 644 hostium
775 605 1053 656 praesentiam
1073 616 1173 646 con-

278 665 522 717 jectabant.
552 666 778 708 Plutarch.
832 665 1110 718 Θαυμάσαπες
1125 667 1173 708 τὸ

278 730 361 767 τῶν
395 729 526 782 πυρῶν
554 730 717 778 πλῆθος.
772 729 884 771 Nam
923 730 1006 771 etsi
1043 732 1174 784 plana

283 796 398 832 esset
429 791 565 845 regio,
583 804 663 845 per
682 804 810 846 quam
830 794 1065 835 incedebat
1083 793 1173 834 An-

282 854 422 908 tigoni
439 857 562 897 miles
579 869 590 897 :
623 861 768 898 tamen
789 856 1057 899 circumdata
1076 862 1174 898 erat

281 919 461 960 collibus
479 919 625 971 editis,
644 931 699 960 ex
721 919 874 972 quibus
905 918 1037 960 facile
1055 925 1170 971 erat,

275 982 474 1036 quamvis
506 983 634 1034 longo
673 982 920 1032 intervallo,
955 981 1173 1035 fulgorem

200 1043 205 1046 '
279 1045 441 1099 ignium
461 1045 820 1087 animadvertere.
860 1046 1064 1087 Gebhard.

334 1108 518 1167 Suspicio
533 1109 658 1150 allata
678 1108 755 1161 est]
798 1107 840 1149 A
868 1109 1082 1161 barbaris,
1099 1109 1175 1164 qni

281 1177 530 1225 spectantes
573 1175 710 1213 totam
746 1171 970 1225 regionem
1003 1177 1175 1213 montes

282 1235 542 1277 incolebant.
592 1235 811 1277 Nnncinm
844 1241 988 1277 autem
1018 1237 1176 1278 attule-

281 1305 385 1341 runt
420 1300 607 1341 Camelis
634 1300 894 1343 cursoribus.
946 1301 1034 1342 Ubi
1054 1307 1177 1344 notes

279 1365 425 1417 velim,
443 1377 547 1419 quos
565 1363 802 1418 ἱππαστρίαις
818 1363 1018 1417 καμήλους
1036 1370 1178 1419 vocet,

281 1428 478 1468 Diodoro
497 1428 584 1469 dici
603 1427 810 1481 δρομάδας.
841 1430 968 1470 Idem.

334 1494 403 1533 Ad
438 1493 671 1544 Eumenem]
711 1492 949 1543 Diodorus,
977 1492 990 1515 ‘
1007 1492 1063 1533 ad
1090 1493 1178 1533 Eu-

277 1567 451 1598 menem
471 1562 518 1597 et
531 1554 822 1597 Peucestam!
852 1555 1076 1596 Plutarch.
1094 1556 1107 1578 ‘
1122 1555 1177 1596 ad

281 1621 560 1678 Peucestarn,
589 1621 663 1673 qui
697 1620 873 1673 propius
901 1620 955 1662 ab
982 1620 1177 1663 hostibus

283 1684 463 1726 aberat?
489 1681 632 1724 Lamb.

337 1747 636 1799 Titubantibus]
687 1747 962 1798 Ἀμηχανοῢσι
982 1748 1074 1788 sive
1091 1749 1179 1789 ἀθυ-

280 1812 408 1862 μοῦσι,
457 1811 662 1851 Gebhard.
725 1811 919 1851 Nonius:
973 1811 1177 1864 Τίέιιὸανε,

280 1875 494 1928 trepidare.
523 1874 676 1914 Utitur
691 1873 846 1913 Cicero
861 1873 1055 1926 Philipp.
1072 1886 1175 1915 vm.

340 1939 395 1978 Ut
413 1949 491 1977 non
516 1935 645 1976 minus
662 1935 828 1976 totidem
856 1935 1010 1976 dierum
1028 1936 1176 1988 spatio]

283 2002 560 2054 Plutarchus,
594 2002 847 2054 Eumenem,
894 2002 972 2054 ait,
1008 2002 1178 2054 pollici·

284 2060 395 2115 tum,
421 2078 468 2107 se
494 2065 688 2106 hostibus
722 2064 872 2105 statim
898 2064 1178 2106 velocitatem

284 2141 597 2183 repressumm,
615 2134 664 2168 ut
688 2127 834 2181 triduo
852 2129 1178 2180 exspectatione

284 2193 454 2233 tardius
476 2192 780 2232 adventarent.
810 2192 930 2242 Mag.

337 2257 406 2296 Ad
438 2254 637 2306 Antigoni
667 2253 947 2304 refrenandum
972 2255 1179 2308 impetum]

289 2318 572 2359 Celei-itatem
593 2318 909 2359 retardandam.
958 2318 1180 2368 Refrenare

284 2383 472 2435 impetum
493 2381 667 2422 videtur
687 2381 950 2422 Plutarchus
971 2382 1181 2422 reddidis-

283 2459 329 2486 se
344 2446 552 2494 ἐπιστῆσαι
569 2447 646 2485 τῶν
661 2443 857 2495 πολεμίων
869 2443 917 2484 τὸ
934 2443 1073 2496 τάχος.
1114 2446 1179 2486 Μ.

285 2511 448 2551 Tullius
459 2510 502 2550 in
512 2509 772 2550 Antonium:
795 2509 807 2531 ‘
822 2509 985 2550 Brutus
997 2507 1180 2549 Antoni·

289 2587 360 2615 um
381 2574 658 2615 invadentem
675 2573 719 2613 in
741 2572 889 2613 Asiam
909 2585 934 2613 a
952 2584 1181 2625 progressu

287 2640 443 2690 arcuit,
462 2652 487 2679 a
507 2638 651 2679 reditu
678 2636 946 2679 refrenavit.'
977 2637 1180 2678 Gebhard.

285 2706 352 2745 Ad
374 2703 573 2754 Antigoni
605 2706 736 2743 autem
762 2701 1045 2751 refrenandum
1062 2702 1182 2754 impe·

289 2768 392 2820 tum]
423 2767 720 2816 Refrenandum
741 2767 912 2807 tralate.
940 2766 1179 2819 Epicurus:

287 2834 332 2872 οὐ
352 2831 431 2885 ’γὰρ
462 2830 729 2880 κατηνάλωται
761 2830 802 2870 αἴ
827 2831 1002 2871 τοιαῦται
1028 2829 1182 2883 ἄτομοι,

287 2901 368 2939 &c.
380 2897 495 2937 Vide
512 2894 658 2936 Gis-an.
672 2895 726 2935 ad
741 2894 1012 2935 Lucretium.
1023 2893 1179 2935 Kencla.

346 2959 428 3006 Qui
446 2958 551 2999 obvii
577 2962 670 2998 eant
689 2957 828 2998 itineri
848 2956 1181 3008 adversariorum]

290 3023 484 3066 Lambin.
513 3026 655 3069 θνητή,-
693 3020 808 3074 quod
827 3032 912 3060 non
934 3020 1185 3073 persuadet.

289 3090 406 3131 Nam
426 3098 479 3128 ex
500 3084 790 3127 tabernaculis
815 3083 900 3124 suis
912 3084 1046 3136 jussit
1064 3094 1186 3137 quos·

292 3153 390 3192 dam
427 3149 667 3204 procedere
704 3147 878 3189 obviam
913 3146 1186 3189 adventanti·

291 3215 372 3255 bus
392 3213 598 3266 Antigoni
618 3211 838 3254 militibus.
868 3212 993 3253 Idem.
1155 3212 1158 3213 ⁷

348 3279 409 3318 'Ut
425 3277 556 3329 primo
588 3281 717 3328 nocte,
745 3288 862 3328 quam
886 3274 1075 3316 latissime
1099 3288 1187 3328 pos·

289 3341 387 3390 sint,
398 3340 511 3390 ignes
519 3339 680 3387 faciant
694 3351 811 3391 quam
827 3339 1041 3392 maximos]
1063 3341 1075 3363 ‘
1090 3339 1185 3380 Pri-

292 3416 404 3446 mam
433 3402 618 3443 noctem'
652 3408 795 3454 vocat,
835 3414 959 3456 quarn
993 3403 1067 3444 alii
1099 3403 1187 3456 pri-

293 3479 408 3509 mam
446 3465 651 3518 vigiliam.
708 3465 1010 3519 Antiquissimi
1046 3466 1187 3518 νυχθή-

295 3545 407 3586 μερον
442 3527 757 3573 distribuebant
805 3529 849 3572 in
887 3535 1033 3583 partes
1071 3537 1188 3585 octo,

1235 475 1332 516 dem
1351 477 1452 519 diei.
1508 479 1567 519 Et
1585 478 1724 518 noctis
1751 477 1924 530 quidem
1945 481 2122 532 proprie

1233 540 1516 592 appellabant
1534 542 1722 594 vigilias,
1740 541 1828 582 diei
1861 553 1964 582 vero
1983 541 2123 584 boras.

1235 603 1423 644 Primam
1465 604 1652 657 vigiliam
1697 617 1796 646 cum
1834 605 1946 646 Solis
1998 612 2126 646 occu·

1236 663 1332 706 bitu
1351 666 1652 718 ordiebantur,
1671 666 1859 709 secunda
1875 679 1973 709 cnm
1993 673 2124 709 nocte

1234 728 1380 769 media
1399 729 1640 781 desinebat,
1658 735 1704 770 et
1724 730 1780 770 ab
1795 742 1847 770 ea
1864 730 2025 771 deinde
2043 730 2126 771 ini-

1236 791 1344 832 tium
1373 804 1496 832 suum
1517 793 1663 845 tertia,
1680 798 1779 845 post
1797 793 1908 834 hanc
1937 805 2034 834 cnm
2051 793 2130 834 So·

1235 855 1287 896 lis
1305 861 1404 895 ortu
1420 860 1467 896 et
1482 855 1569 896 diei
1587 862 1785 909 quartam
1805 856 2028 898 finiebant.
2059 857 2127 898 Ex

1234 914 1317 958 hac
1337 917 1479 959 noctis
1497 918 1710 960 divisione
1730 925 1827 960 orta
1844 925 1913 961 est
1928 921 2126 974 totnplex

1236 980 1417 1035 partitio
1452 981 1694 1034 vigiliarum
1730 982 1998 1034 militarium,
2039 984 2126 1024 Ve-

1237 1044 1370 1097 getio,
1416 1044 1596 1098 aliisque
1645 1045 1802 1098 passim
1849 1045 2128 1098 scriptoribus

1236 1112 1487 1148 memorata.
1542 1107 1631 1148 Sed
1681 1108 1798 1160 apud
1844 1107 2128 1149 Censorinum

1238 1177 1387 1224 partes
1405 1169 1648 1224 ννχθημέρου
1670 1171 1859 1212 sedecim
1884 1176 2003 1224 stunt,
2023 1182 2130 1225 quas

1238 1235 1293 1275 ad
1336 1247 1560 1275 numerum
1602 1234 1915 1276 duodenarium
1958 1234 2129 1288 redegit

1237 1299 1492 1340 Macrobius
1507 1299 1721 1340 Saturnal.
1753 1298 1829 1341 lib.
1855 1310 1888 1339 1.
1909 1302 1948 1340 3.
1974 1299 2129 1343 Memi-

1238 1362 1303 1405 nit
1323 1369 1370 1403 et
1388 1363 1602 1404 Alexand.
1624 1363 1935 1416 Neapolitanus
1955 1363 2128 1404 Genial.

1238 1427 1315 1468 lib.
1348 1440 1412 1469 ιν.
1445 1432 1514 1469 20.
1541 1433 1587 1468 et
1624 1428 1699 1468 lib.
1732 1439 1764 1467 1.
1790 1430 1857 1467 12.
1911 1426 2130 1467 Caeterum

1239 1502 1425 1539 causam,
1445 1503 1523 1531 cnr
1544 1491 1683 1544 prima
1700 1490 1847 1542 vigilia
1864 1502 1990 1543 quam
2009 1502 2129 1530 max·

1238 1554 1346 1594 imos
1365 1554 1488 1606 ignes
1515 1553 1727 1607 facerent,
1745 1553 1889 1594 reddit
1908 1554 2130 1595 Diodorus

1239 1617 1437 1660 lib.ssxix.
1494 1618 1758 1659 Plutarchus
1795 1619 1872 1671 ait,
1903 1618 1946 1659 ἐν
1971 1616 2131 1667 διαστή-

1238 1694 1361 1730 μασιν
1374 1693 1577 1722 accensos
1597 1681 1717 1734 ignes
1742 1679 1903 1732 fuisse3
1931 1687 1979 1723 et
2005 1681 2131 1723 addit

1240 1744 1461 1795 continuo,
1494 1745 1731 1784 Eumenem
1763 1757 1880 1785 more
1913 1758 2132 1797 στρατοπε·

1240 1805 1429 1847 δευόντων
1458 1812 1721 1860 strategema
1740 1808 1848 1849 illud
1877 1808 2132 1851 instituisse.

1223 1891 1226 1894 >
1242 1871 1409 1915 Quibus
1426 1877 1718 1913 consentanea
1736 1877 1854 1922 sunt,
1883 1885 1980 1926 quae
1997 1872 2042 1913 in
2060 1885 2132 1914 ea·

1241 1935 1340 1976 dem
1386 1935 1632 1976 narratione
1678 1941 2069 1977 commemorantur
2105 1949 2133 1977 a

1241 1998 1468 2051 Polyaeno,
1487 1998 1750 2052 Strategem.
1771 1999 1847 2040 lib.
1868 2011 1933 2041 lv.
1960 2001 2114 2042 Keuch.

1294 2062 1548 2103 Adsimulata
1583 2067 1802 2104 castrorum
1832 2064 2131 2117 consuetudine]

1242 2126 1425 2166 Scilicet
1469 2126 1632 2178 ignium
1682 2125 1992 2169 faciendorum.
2058 2130 2132 2170 De

1243 2203 1327 2244 qua
1348 2191 1520 2242 Lipsius
1550 2191 1593 2231 in
1611 2190 1742 2232 Milit.
1775 2191 1987 2233 Romana.
2025 2193 2132 2234 Boe-

1242 2256 1334 2296 cler.
1392 2255 1480 2294 Cur
1493 2259 1638 2296 autem
1659 2259 1811 2307 quarta
1830 2255 1976 2308 vigilia
1994 2257 2133 2298 nullos

1242 2316 1338 2357 fieri
1370 2317 1561 2358 voluerit
1593 2318 1716 2370 ignes
1746 2320 1976 2371 Eumenes,
1993 2319 2134 2372 inqui·

1245 2380 1424 2422 rendum
1476 2386 1556 2422 est.
1637 2382 1752 2422 Nam
1809 2382 2133 2434 Epaminondas

1244 2445 1403 2498 Sparta
1422 2445 1623 2497 repulsus
1637 2445 1824 2496 jubebat
1849 2458 1947 2486 suos
1979 2445 2135 2495 ἑωθινῆς

1244 2509 1425 2559 φυλουεῆς
1453 2507 1672 2561 (quartam
1691 2506 1841 2561 capio)
1872 2508 1976 2561 πυρὰ
2011 2509 2134 2550 καίειν

1246 2572 1288 2612 ἐν
1316 2573 1371 2626 τῇ
1415 2572 1664 2626 παρεμβολῇ.
1720 2572 1903 2614 Diodor.
1945 2574 2021 2616 lib.
2052 2585 2132 2616 xv.

1249 2636 1450 2677 Gebhard.

1300 2701 1411 2741 CAP.
1433 2703 1498 2742 10.
1532 2699 1640 2742 Vicit
1665 2699 1844 2754 consitio]
1885 2700 2012 2744 Quod
2035 2703 2136 2754 post

1243 2764 1447 2816 cognovit
1482 2763 1575 2815 ipse
1608 2763 1866 2816 Antigonus.
1909 2765 2135 2807 Plutarch.

1234 2828 1406 2868 ’Ἧσθετο
1420 2825 1835 2880 κατεστρατηγημένος
1851 2827 1923 2868 ὑπὸ
1931 2827 2136 2880 Εὐμένους.

1298 2954 1554 3008 Perfidiaque
1564 2953 1755 3005 militum]
1773 2954 1803 2996 J
1805 2954 1936 2995 nstin.
1949 2953 2027 2996 lib.
2038 2965 2135 2996 xxv.

1245 3023 1292 3060 et
1310 3018 1571 3059 Plutarchus
1592 3018 1636 3057 in
1657 3016 1807 3056 eodem
1843 3017 2052 3069 Eumene,
2078 3019 2136 3059 ad

1244 3082 1327 3122 hoc
1366 3080 1535 3121 facinus
1570 3079 1776 3132 impulsos
1812 3078 2135 3134 Argyraspides

1247 3144 1416 3195 dicunt,
1437 3155 1522 3197 quo
1551 3154 1728 3194 uxores,
1760 3155 1812 3184 ac
1846 3142 2025 3197 liberos,
2041 3156 2136 3186 sua·

1247 3219 1331 3262 que
1351 3219 1449 3261 quae
1469 3207 1511 3246 in
1532 3206 1685 3259 praelio
1701 3205 1954 3259 amiserant,
1970 3206 2026 3248 ab
2046 3206 2134 3248 Aa·

1247 3273 1397 3325 tigono
1411 3270 1676 3324 reciperent.
1704 3271 1822 3321 Mag.
2047 3272 2071 3282 χ

1301 3334 1502 3386 Antigono
1520 3338 1579 3374 est
1597 3333 1774 3384 deditus]
1813 3332 1991 3385 Olymp.
2007 3343 2135 3376 cxvi.

1249 3410 1348 3440 ann.
1379 3409 1412 3439 1.
1452 3397 1633 3438 Chronol.
1687 3395 1818 3448 Apud
1857 3395 2021 3438 Juatin.
2056 3397 2136 3440 lib.

1249 3473 1348 3504 xiv.
1369 3466 1417 3502 et
1449 3459 1727 3501 Plutarchum
1757 3462 1904 3498 exstat
1932 3467 2136 3512 expostu-

1247 3527 1352 3569 latio
1381 3524 1472 3577 ejus
1506 3523 1562 3565 ad
1596 3521 1771 3575 milites,
1798 3533 1906 3577 quos
1938 3524 2139 3580 coarguit
