2306 3900
283 264 392 319 578

282 408 352 436 cv.
373 407 483 435 anno
516 397 552 434 1.
589 393 784 445 pluribus
807 398 961 434 notare
981 393 1169 434 memini.

282 460 434 499 Schott.
490 456 693 497 Laertius
726 456 770 496 in
800 457 890 509 vita
910 457 1170 514 Pythagoraa

282 534 365 562 non
387 517 548 574 Lysiam
567 520 696 570 hunc,
727 519 803 560 sed
819 519 992 573 Lysiden
1006 519 1177 562 dictum⁴

284 583 470 623 adserit:
499 581 548 621 τὸ
567 580 608 622 δὲ
625 580 838 634 φερόμενον
861 582 938 636 (de
954 583 1078 633 libro,
1098 582 1171 636 qui

282 646 543 697 Pythagorae
582 648 754 686 nomine
796 646 1080 695 vendebatur,
1110 646 1169 686 lo-

280 707 447 762 quitur)
467 707 631 750 Λύσιδός
650 710 736 749 ἐστι
758 709 830 749 τοῦ
847 708 1081 762 Ταραντίνου
1094 713 1170 748 Πυ-

281 774 487 825 θαγορικοῦ
508 773 702 826 φυγόντος
721 772 774 814 εἰς
792 773 940 822 Θήβας,
963 772 1029 814 καὶ
1054 771 1171 813 'Ena-

279 836 463 886 μινώνδου
480 836 817 887 καθηγησαμένου.
849 837 920 878 Ad
935 837 1048 877 hunc
1068 849 1172 889 quo-

280 914 364 953 que
394 901 565 941 modum
601 901 836 941 Pausanias
865 901 907 940 in
934 899 1170 940 Boeoticis:

280 962 512 1014 Διδάγματοί
543 979 589 1003 τε
609 964 739 1004 αὐτοῖς
756 962 850 1003 τότε
867 962 1054 1014 ἐπιχώρια
1081 960 1172 1012 ἔμα-

275 1028 403 1068 θενές
431 1026 479 1067 τὸ
498 1025 799 1079 ἀκριβέστατον,
829 1025 894 1065 καὶ
922 1026 972 1066 ὡς
1000 1026 1074 1073 ἤδη
1092 1040 1173 1074 μει-

282 1090 414 1143 ράκιον
434 1090 643 1142 ἐφοίτησεν
673 1091 723 1132 ὥς
750 1089 886 1141 Λύσιν,
914 1088 1032 1142 ἄνδρα
1058 1087 1174 1139 γένος

281 1152 353 1204 μὲν
366 1152 615 1207 Ταραντῖνον,
629 1151 884 1203 ἐπιστάμενον
901 1151 943 1193 δὲ
957 1153 1030 1193 τοῦ
1047 1155 1172 1192 Πυθα-

282 1216 402 1269 γόρου
418 1217 490 1256 τοῦ
503 1216 648 1268 Σαμίου
661 1215 820 1268 λόγους.
848 1217 1011 1267 Lougoi.

343 1281 512 1321 Tristem
545 1285 584 1320 et
611 1293 786 1321 severam
814 1279 962 1331 senem]
992 1280 1059 1319 Ex
1079 1282 1174 1319 tota

281 1344 428 1397 phrasi
462 1344 602 1384 indies
635 1344 771 1396 magis
793 1354 844 1383 ac
864 1342 1001 1394 magis
1020 1342 1174 1393 depre-

282 1407 424 1447 hendo
442 1407 641 1448 Ciceroni
658 1412 789 1447 aetate
807 1406 1047 1458 proximum
1059 1404 1172 1444 hunc

285 1475 505 1511 auctorem
527 1470 742 1520 extitisse,
762 1479 946 1521 eumque
959 1468 1097 1520 ipsum
1109 1479 1174 1506 es-

283 1546 344 1584 se,
367 1533 614 1575 Cornelium
633 1533 868 1585 Nepotem.
908 1531 1020 1572 Nam
1040 1534 1087 1571 et
1101 1530 1173 1570 ille

284 1601 297 1619 ⁴
313 1596 462 1636 tristis'
481 1597 632 1637 eodem
649 1595 894 1647 significatu
907 1595 1174 1648 frequentat,

284 1664 331 1699 et
366 1660 378 1681 ‘
399 1659 590 1700 severus’
637 1659 851 1712 adjungit.
917 1659 986 1699 De
1034 1659 1173 1699 Claris

286 1723 576 1764 Oratoribus:
605 1723 778 1763 ‘Triste
808 1727 854 1762 et
887 1733 1082 1763 severum
1110 1720 1174 1761 di-

285 1785 411 1827 cendi
443 1785 609 1838 genus?
666 1788 737 1827 De
773 1786 989 1827 Oratore:
1012 1786 1174 1826 ‘Seve-

286 1863 358 1891 rus
379 1863 428 1892 ac
445 1852 579 1892 tristis
598 1851 775 1892 vultus!
826 1852 894 1892 De
915 1850 1174 1904 Aruspicum

285 1914 550 1965 Responsis:
599 1914 824 1954 ‘Tristitia
860 1919 1004 1954 autem
1041 1919 1086 1954 et
1130 1914 1174 1953 in

286 1977 402 2023 omni
428 1989 473 2016 re
504 1976 713 2016 severitas
742 1975 886 2018 absit!
942 1978 1014 2017 De
1035 1977 1172 2017 Claris

287 2039 576 2081 Oratoribus:
607 2041 619 2062 ‘
640 2040 783 2080 Homo
814 2039 909 2092 ipsa
937 2040 1113 2080 tristitia
1128 2044 1175 2079 et

286 2103 517 2143 severitate
537 2103 783 2155 popularis.'
823 2102 964 2143 Tacit.
983 2103 1059 2143 lib.
1081 2114 1174 2144 XVI.

286 2171 355 2208 22.
382 2169 394 2190 ⁴
417 2168 475 2207 Et
502 2167 633 2207 habet
661 2172 911 2214 sectatores,
941 2167 1012 2207 vel
1031 2167 1174 2218 potius

285 2230 509 2280 satellites,
539 2230 613 2282 qui
642 2230 827 2270 nondum
857 2230 1172 2270 contumaciam

286 2293 612 2342 sententiarum,
625 2293 700 2333 sed
717 2293 905 2334 habitum
922 2294 1174 2346 vultumque

287 2358 378 2408 ejus
411 2362 652 2407 sectantur,
685 2357 814 2409 rigidi
834 2363 880 2397 et
908 2358 1072 2407 tristes,
1100 2357 1173 2409 qui

288 2419 369 2461 tibi
399 2418 618 2459 lasciviam
650 2419 942 2470 exprobrent.’
999 2420 1174 2472 Capito-

285 2482 396 2522 linus
435 2481 653 2523 Antonino
686 2483 791 2522 Pio:
820 2484 832 2505 ⁴
851 2481 1054 2523 Aurelius
1075 2483 1172 2522 Ful·

285 2558 384 2595 vus,
420 2544 492 2598 qui
528 2549 574 2584 et
602 2544 694 2597 ipse
729 2543 812 2585 fuit
844 2546 1010 2596 consul,
1047 2544 1173 2585 homo

288 2608 424 2649 tristis
454 2613 500 2648 et
527 2606 727 2659 integer!
783 2608 925 2660 Vulgo
945 2609 1076 2648 talem
1095 2621 1174 2648 me-

286 2672 538 2713 lancholicum
558 2670 877 2723 appellitamus.
919 2671 1066 2728 Graeci
1085 2684 1174 2710 σκυ,

287 2735 446 2788 epam-61¹.
501 2736 630 2786 Diog.
657 2734 801 2775 Laert.
827 2733 973 2784 Σεμνὸς
993 2733 1036 2774 δὲ
1059 2732 1112 2774 τά
1127 2749 1173 2774 τε

288 2799 399 2840 ἄλλα
433 2796 673 2851 Ξενοκράτης
691 2796 755 2838 καὶ
768 2797 987 2850 σκυθρωπὸς
1006 2797 1082 2849 ἀεὶ,
1101 2798 1174 2838 ὥσ·

287 2878 332 2903 τε
362 2863 465 2913 αὐτῷ·
495 2860 658 2912 συνεχὲς
685 2859 820 2912 λέγειν
860 2860 928 2902 τὸν
965 2859 1172 2902 Πλάτωνα·

291 2925 536 2978 Ξενόκρατες,
555 2924 621 2966 θύε
634 2923 788 2978 Χάρισι.
835 2925 1037 2966 Gebhard.

349 2990 476 3035 Quam
490 2988 700 3040 doctrinis]
731 2988 876 3030 Editio
901 2989 1173 3040 parisiensis,

288 3064 403 3105 quam
421 3052 465 3092 in
483 3051 687 3091 doctrinis.
708 3057 711 3059 “

345 3116 511 3166 Magnae
540 3114 649 3155 laudi
667 3113 800 3165 erant]
828 3113 957 3154 Laudi
975 3124 999 3153 a
1019 3113 1174 3154 nostris

288 3178 551 3218 Membranis
580 3176 747 3228 aberat,
781 3181 827 3217 et
854 3176 1120 3229 diphthongo
1138 3189 1174 3216 ω

290 3241 631 3293 suprascriptum
663 3241 680 3280 i
716 3240 904 3292 repperi,
946 3246 995 3280 ut
1040 3240 1175 3291 magni

290 3309 401 3344 erant
421 3304 573 3356 legisse
593 3304 804 3352 videatur,
822 3308 870 3344 ut
890 3302 1010 3354 alibi,
1025 3305 1037 3326 ‘
1055 3303 1173 3356 Ope-

290 3379 338 3407 ra
370 3368 459 3420 ejus
494 3368 636 3419 magni
669 3366 780 3408 fuit!
813 3366 923 3407 Vide
951 3367 1101 3407 Savar.
1128 3365 1174 3406 in

291 3429 525 3472 Cononem.
554 3431 706 3471 Schott.

345 3494 403 3534 Et
413 3494 611 3546 palastrae
620 3495 714 3533 dare
726 3505 880 3545 operam
895 3490 1030 3546 coepit]
1050 3491 1174 3534 More

670 276 849 315 NOTAE
890 275 1229 317 VARIORUM
1269 275 1331 313 IN
1378 276 1428 314 C.
1468 274 1729 314 NEPOT'IS

1233 392 1497 444 Graecorum,
1531 393 1602 446 qui
1633 391 1918 445 gymnasticas
1937 397 2049 435 artes
2068 398 2115 435 et

1233 456 1477 508 palazstram
1509 455 1630 497 miris
1658 455 1810 496 studiis
1838 455 2118 498 exercebant.

1233 518 1300 558 De
1315 519 1470 571 quibus
1483 519 1579 572 lege
1595 532 1723 560 unum
1738 519 1926 559 Fabrum
1942 519 1984 559 in
1999 518 2118 572 Ago·

1232 582 1416 634 nostico,
1444 587 1490 622 et
1512 582 1712 623 Vossium
1737 581 1793 623 de
1814 587 1997 635 quatuor
2017 582 2121 626 arti*

1233 643 1314 685 bus
1330 644 1624 697 popularibus·

1289 709 1383 748 Non
1397 713 1480 749 tam
1496 708 1764 759 magnitudini
1778 707 1923 748 vir-ium
1941 706 2122 759 servivit,

1232 784 1351 824 qaam
1365 772 1578 823 velocitati]
1607 772 1849 823 Utrumque
1877 775 2021 811 tamen
2049 782 2120 812 re-

1234 834 1484 886 quirebatur
1497 835 1552 874 ad
1565 832 1847 884 γυμναστικὴν,
1860 846 1910 874 ac
1922 845 2118 876 necessa-

1233 898 1344 938 rium
1363 902 1461 938 erat
1491 898 1560 948 iis,
1596 897 1667 950 qui
1691 898 1906 949 palaestrae
1939 909 2118 950 operam

1235 961 1410 1002 dabant.
1468 960 1595 1003 Quod
1631 960 1700 1000 vel
1734 971 1788 1000 ex
1821 959 1991 1000 Isidoro
2017 960 2118 1002 His-

1235 1025 1400 1077 palensi
1428 1030 1594 1065 certum
1642 1029 1725 1074 est,
1771 1023 1845 1076 qui
1877 1023 2118 1076 gymnicum

1234 1088 1381 1129 ludum
1400 1093 1631 1140 propterea
1646 1099 1732 1127 non
1746 1086 1856 1129 male
1876 1086 2120 1129 velocitatis

1236 1164 1287 1192 ac
1320 1151 1475 1203 virium
1509 1150 1686 1203 gloriam
1722 1149 1959 1205 scripserit,
1995 1151 2119 1203 cujus

1234 1215 1376 1255 locum
1409 1213 1672 1267 gymnasium
1690 1213 1791 1259 dici,
1819 1206 2121 1254 ulii'estercen-

1237 1285 1305 1319 tur
1341 1278 1515 1318 athletae
1562 1282 1609 1317 et
1645 1288 1866 1317 cursorum
1906 1276 2121 1317 'velocitas

1234 1341 1455 1394 probatur.
1485 1338 1562 1381 Καὶ
1584 1338 1663 1393 γὰρ
1691 1340 1713 1379 ὁ
1727 1338 1855 1390 ταχὺς
1879 1337 2040 1393 ἰσχυρός
2058 1339 2120 1379 ἑο·-

1233 1420 1311 1455 τιν,
1326 1410 1374 1445 ut
1392 1405 1453 1445 ait
1468 1403 1728 1445 Aristoteles
1745 1403 1872 1444 Rhet.
1890 1414 1921 1443 1.
1934 1407 1976 1443 5.
2005 1401 2119 1443 Ροὲ-

1235 1474 1281 1508 ta
1301 1480 1386 1509 non
1407 1467 1592 1518 abludit,
1626 1467 1722 1507 AEn.
1749 1479 1790 1506 v.
1821 1467 1834 1489 ‘
1852 1466 2024 1518 Quique
2044 1477 2119 1521 pe-

1235 1533 1337 1579 dum
1365 1544 1494 1572 cursu
1524 1531 1656 1582 valet,
1683 1535 1730 1570 et
1757 1529 1830 1582 qui
1857 1528 2017 1570 viribus
2047 1540 2121 1570 au-

1235 1594 1346 1644 dax3
1377 1594 1467 1635 Aut
1487 1593 1636 1646 jaculo
1665 1593 1829 1633 incedit
1847 1593 1996 1633 melior
2015 1593 2120 1634 levi-

1237 1657 1402 1710 busque
1419 1655 1615 1708 sagittis.'
1645 1657 1847 1697 Kenchen.

1292 1721 1422 1766 Quam
1439 1719 1660 1770 velocitati]
1711 1719 1809 1761 Qua
1826 1718 2119 1760 destituuntur

1235 1783 1367 1824 obesa
1396 1789 1442 1824 et
1470 1783 1677 1824 athletica
1705 1795 1905 1835 corpora.
1960 1783 2118 1836 Neque

1235 1848 1317 1888 alio
1332 1851 1507 1899 spectat
1524 1846 1638 1887 istud
1653 1846 1893 1887 convicium
1910 1846 2120 1888 Macedo-

1234 1924 1334 1951 num
1374 1911 1417 1950 in
1447 1911 1711 1962 Dioxippum
1747 1909 1863 1961 apud
1889 1910 2011 1954 Curt.
2040 1909 2117 1950 lib.

1234 1987 1300 2016 lx.
1321 1979 1392 2016 39.
1433 1977 1445 1998 ‘
1468 1974 1610 2014 Invidi
1637 1973 1896 2025 malignique
1923 1965 2118 2026 increpa-

1233 2038 1340 2079 bant
1359 2050 1437 2091 per
1454 2037 1566 2082 seria
1584 2042 1628 2077 et
1647 2036 1811 2087 ludum,
1827 2036 2008 2088 saginati
2025 2048 2119 2078 cor-

1234 2101 1352 2154 poris
1363 2101 1485 2154 sequi
1504 2100 1698 2141 inutilem
1714 2098 1932 2140 belluam.’
1965 2099 2090 2142 Geth.

1290 2167 1494 2206 Currendo
1520 2168 1560 2205 et
1586 2165 1765 2204 lactando
1787 2164 1838 2203 ad
1865 2175 1950 2203 eum
1967 2162 2120 2216 finem]

1234 2230 1342 2269 Mss.
1374 2230 1563 2269 currendo
1594 2227 1767 2282 (omissa
1791 2238 1900 2268 voce
1918 2226 2120 2277 luctando)

1231 2294 1283 2332 ad
1300 2292 1537 2344 eumfinem,
1555 2292 1655 2343 quod
1678 2294 1789 2331 stans
1815 2289 2018 2341 complecti
2030 2301 2119 2343 pos-

1231 2358 1290 2394 set
1308 2358 1422 2405 atque
1439 2353 1680 2393 contendere.
1736 2350 2035 2403 Amplissimos
2049 2347 2115 2392 D.

1232 2417 1548 2457 Freinshemius
1577 2415 1677 2456 olim
1706 2415 1770 2455 ita
1796 2414 2023 2467 legendum
2043 2427 2117 2456 ex-

1233 2479 1482 2520 istimabat:
1513 2480 1564 2518 ad
1583 2491 1670 2518 eum
1689 2478 1818 2531 finem
1835 2480 1934 2530 quod
1957 2480 2118 2520 adstans

1231 2541 1432 2595 complecti
1446 2544 1576 2593 posset
1593 2544 1708 2592 atque
1725 2541 1967 2581 contendere.
1997 2541 2010 2564 ‘
2026 2539 2117 2582 Ad·

1234 2604 1382 2658 staus‚'
1417 2604 1572 2657 inquit,
1607 2603 1621 2627 ⁴
1642 2608 1756 2643 esset
1784 2615 1928 2645 coram
1961 2602 2119 2656 factas,

1234 2668 1367 2719 igitur
1381 2679 1464 2707 nou
1481 2664 1610 2706 modo
1634 2677 1806 2705 currere
1820 2663 2043 2706 discebat:
2072 2666 2118 2708 id

1234 2732 1348 2771 enim
1368 2731 1472 2771 nihil
1491 2728 1624 2780 aliud,
1649 2741 1774 2782 quam
1802 2729 1845 2769 in
1881 2729 2119 2781 periculam

1234 2807 1332 2835 eum
1354 2793 1639 2847 perduxisset,
1660 2791 1818 2832 deinde
1843 2791 2118 2834 deseruisset.

1232 2858 1317 2898 Sed
1363 2856 1495 2897 etiam
1529 2854 1703 2906 luctari,
1748 2867 1832 2908 quo
1861 2854 2034 2895 adstans
2070 2860 2117 2898 et

1234 2932 1369 2974 prope
1387 2921 1551 2967 hostem
1571 2918 1735 2970 positus
1755 2929 1852 2958 eum
1885 2918 2116 2969 complecti

1234 2990 1364 3038 atque
1409 2996 1506 3025 cum
1542 2995 1595 3024 eo
1632 2981 1897 3023 contendere
1942 2980 2119 3034 posset-³

1235 3046 1460 3089 Quomodo
1504 3045 1734 3086 Lambinus
1767 3050 1974 3097 exponat,
1998 3045 2116 3102 ‚apud

1234 3110 1374 3162 ipsum
1392 3109 1502 3149 vide.
1560 3108 1780 3149 Gebhardi
1797 3113 1911 3149 notoe
1943 3119 2028 3149 non
2051 3114 2117 3154 at-

1234 3172 1423 3225 tigerunt
1440 3173 1552 3212 hunc
1572 3173 1728 3212 locum.
1758 3172 1981 3212 Boeclerus.
2145 3168 2147 3170 ’

1290 3236 1503 3287 Complecti
1532 3234 1683 3287 posset]
1717 3235 1898 3287 Proprie
1932 3233 1988 3274 de
2025 3233 2115 3274 luc-

1234 3298 1440 3339 tantibus.
1467 3298 1580 3338 Vide
1599 3298 1778 3339 Hieron.
1811 3293 2115 3337 Mercurialem

1233 3362 1288 3402 de
1308 3366 1402 3402 arte
1437 3361 1719 3414 Gymnastica
1743 3359 1818 3400 lib.
1839 3370 1891 3399 11.
1911 3362 1951 3399 8.
1988 3358 2113 3401 Idem.

1235 3426 1375 3472 Quoad
1386 3429 1495 3466 stans
1508 3424 1644 3476 compl.
1657 3422 1781 3475 pesa]
1810 3422 1875 3462 Cl.
1897 3421 1979 3461 Dn.
2003 3421 2115 3461 Boe-

1233 3491 1374 3531 elerus
1388 3489 1442 3534 ad
1458 3489 1503 3531 h.
1519 3488 1550 3530 l.
1573 3491 1710 3539 notat,
1742 3485 1810 3526 Cl.
1835 3483 2116 3530 Freinshemi-
