2306 3900
304 276 434 323 cxx·

354 419 433 446 rem
455 418 572 445 unam
602 405 653 444 de
684 404 915 445 crudelitate
933 405 1102 458 alicujus
1131 407 1185 453 vi,

355 465 382 501 2
425 459 646 498 testimonia
671 459 757 507 xiii,
789 463 816 500 4
865 460 1032 512 proferre
1063 460 1186 500 telum

355 514 507 566 (eruere
533 513 736 566 obrutum)
763 513 842 561 xiv,
862 517 911 555 11
1062 540 1067 546 -

302 567 497 607 Proficere
522 568 596 620 (de
627 580 806 607 successu
826 567 1073 621 effectuque)
1100 580 1139 616 x,
1159 573 1183 608 5

355 635 435 660 non
453 623 620 660 multum
645 621 813 674 profecit
839 621 949 668 xviii,
970 626 1023 662 10

303 672 505 715 Proficisci
523 675 676 727 legatus
703 675 782 723 xvi,
801 679 828 717 4
871 676 1049 715 nondum
1073 675 1186 714 illum

356 731 521 781 putabat
553 729 771 782 profectum
801 729 982 784 (dedisse
1007 729 1110 769 sein
1128 730 1187 768 vi-

355 783 442 834 am)
470 782 548 830 xiv,
585 789 610 823 5
665 782 758 824 Sic:
795 783 1048 836 proficiscens
1074 785 1185 834 (cum

357 836 502 889 abiret)
532 851 620 883 xxv,
651 841 677 878 4
739 837 934 890 proficisci
968 837 1186 892 (absolute,

357 891 630 931 subintellecto
648 896 659 914 ⁶
673 892 723 932 ad
745 890 924 944 bellum’)
936 890 991 938 ix,
1003 895 1030 931 4
1058 891 1186 945 (quod

344 943 535 997 additur)
564 945 632 992 vii,
660 948 700 985 4.
729 945 811 992 xiii,
841 949 866 985 3
914 944 1110 996 proficisci
1146 945 1187 985 in

357 1004 485 1038 castra
511 997 658 1050 xxiii‚2
687 1000 728 1038 in
744 998 904 1038 exilium
932 1003 1069 1046 xxv,8
1097 1011 1189 1052 pro·

358 1051 482 1092 ficisci
499 1054 618 1092 domo
639 1054 802 1092 navibus
830 1053 859 1100 i,
882 1057 902 1093 1
932 1052 1071 1101 classe,
1089 1053 1187 1092 ibid.

358 1106 553 1157 proficisci
583 1113 719 1146 contra
745 1107 843 1159 aliq.
868 1107 976 1154 xviii,
997 1110 1021 1147 3
1069 1106 1190 1147 alicui

356 1161 502 1199 auxilio
522 1160 605 1207 xiii,
624 1165 646 1200 l
678 1160 870 1213 proficisci
886 1161 1066 1213 praesidio
1094 1161 1187 1209 xvii,

358 1218 383 1254 3
412 1214 587 1253 subsidio
615 1215 670 1261 xi,
688 1219 714 1255 2
757 1215 828 1268 (ad
846 1215 1003 1266 praesid.
1018 1215 1188 1254 subsidi-

356 1281 502 1321 umque
522 1267 762 1321 serendum).
786 1266 981 1321 proficisci
1006 1267 1187 1320 adjutum

358 1322 529 1374 aliquem
556 1322 624 1370 xii,
644 1327 670 1364 2
693 1330 971 1376 oppugnatum
987 1323 1188 1376 regionem

356 1377 465 1423 xviii,
485 1381 508 1416 3
554 1377 747 1428 proficisci
776 1391 800 1416 a
827 1384 988 1429 parente
1007 1390 1087 1416 non
1115 1391 1189 1429 po·

358 1436 518 1469 tucrunt
534 1432 645 1483 plura
662 1431 852 1484 (conferri
870 1431 910 1469 in
927 1431 1070 1482 filium)
1098 1445 1187 1480 xxv,

304 1534 482 1576 Profiteri
499 1536 646 1590 aliquid
664 1537 782 1577 libere
796 1538 901 1590 apud
917 1538 1086 1591 aliquem
1105 1534 1191 1591 (inss

358 1591 505 1638 dicare,
533 1591 736 1644 fateri).ii‚
755 1596 780 1631 7
839 1592 924 1643 (Sic
953 1593 1063 1631 Suet.
1085 1593 1187 1632 Caes.

360 1649 411 1687 34
442 1652 484 1684 et
511 1649 578 1685 72.
607 1645 714 1696 Aug.
745 1650 814 1685 31.
847 1645 1068 1686 Viteu.·15.
1096 1646 1188 1685 Vim

324 1726 327 1728 -
358 1699 466 1738 verbi
493 1700 642 1738 indicat
667 1698 765 1738 illud
785 1699 986 1739 Ciceronis
1006 1712 1076 1752 pro
1103 1698 1188 1738 Ra-

359 1753 457 1791 bin:
488 1759 499 1776 ‘
515 1753 668 1799 Fateor,
697 1759 817 1806 atque
843 1754 961 1792 etiam
992 1753 1188 1806 profiteor,

325 1824 328 1827 ·
358 1813 400 1845 et
419 1820 496 1858 prae
511 1821 572 1845 me
590 1807 723 1859 fero’).
760 1808 955 1859 professus
972 1814 1046 1855 est,
1067 1821 1109 1846 se
1128 1820 1188 1846 re-

360 1869 448 1912 gem
464 1874 634 1914 quaerere
648 1862 751 1914 (proe
763 1875 805 1901 se
821 1862 926 1909 tulit,
944 1861 1063 1915 dixit)
1084 1862 1189 1910 xxiii,

307 1967 518 2020 Profligare
537 1969 709 2022 aliquem
740 1968 847 2017 xxiii,
866 1973 891 2010 4
949 1969 1081 2010 hostes
1109 1970 1191 2018 xiv,

361 2025 402 2063 2.
420 2027 449 2063 6
485 2023 658 2062 hostium
676 2036 879 2063 numerum
899 2023 972 2076 (ad
991 2024 1191 2064 interitum

320 2095 324 2101 ¹
359 2078 467 2124 dare,
481 2083 526 2116 ut
536 2078 706 2130 explicat
718 2077 951 2129 Lambinus)
967 2078 994 2125 i,
1010 2083 1034 2119 5
1055 2080 1165 2133 (mox
1181 2093 1190 2118 :

360 2138 616 2183 prosternere,
644 2132 765 2184 ibid.)
805 2131 1062 2185 profligantur
1097 2146 1193 2185 opes

361 2186 564 2238 (potentie.
600 2186 855 2237 subvertitur)
895 2186 975 2235 xvi,-
989 2191 994 2212 ;
1009 2192 1035 2227 2
1089 2187 1193 2239 (vid.

363 2239 500 2279 Gifan.
533 2240 709 2290 observ.)
743 2240 949 2292 profligare
985 2241 1193 2294 rempubl„

362 2293 426 2332 Fr.
446 2297 497 2334 12
524 2294 726 2346 (perdere,
744 2294 1006 2346 pessundare)

310 2346 524 2398 Profugere
541 2348 658 2385 domo
688 2348 794 2394 xxiii,
813 2352 840 2387 8
868 2360 915 2385 ex
931 2349 1027 2387 urbe
1057 2360 1146 2394 xxv,
1167 2351 1193 2387 9

324 2431 325 2434 ,
363 2400 570 2452 profugere
598 2401 648 2439 ad
675 2400 846 2453 aliquem
876 2401 1010 2453 aliquo
1041 2401 1148 2448 xxiii,
1167 2404 1192 2440 7

364 2453 569 2504 profugere
601 2453 771 2506 aliquem
796 2454 868 2507 (ab
894 2453 1064 2507 aliquo),
1085 2453 1147 2493 Fr.
1167 2457 1191 2493 7

362 2507 460 2558 (nisi
481 2508 589 2546 locus
606 2514 811 2560 corruptus
825 2507 908 2559 est)

310 2560 524 2611 Progenies
552 2560 735 2600 Herculis
763 2560 900 2613 (stirps
929 2560 1027 2615 Sne.)
1056 2561 1187 2613 xvii,l

364 2613 571 2667 progenies
587 2615 679 2668 (pro
699 2614 802 2668 filio)
829 2628 868 2662 v,
890 2619 910 2656 l
949 2642 953 2646 .

313 2669 547 2721 Progenitor
567 2668 755 2720 majorum
784 2669 878 2715 xvii,
899 2673 924 2710 ¹¹1

311 2722 499 2774 Progredi
521 2722 674 2775 longius
691 2723 764 2776 (de
782 2723 914 2762 hostili
932 2721 1079 2774 exerc.)
1108 2722 1150 2770 ii,
1170 2726 1194 2763 3

313 2777 546 2829 Progressus
567 2792 576 2816 ε
626 2782 777 2816 tantum
802 2777 844 2817 in
877 2777 998 2818 literis
1020 2788 1196 2831 progres-

367 2843 452 2870 sum
472 2831 583 2877 fecit,
604 2837 647 2869 ut
661 2831 737 2871 ὅτε.
766 2831 870 2882 xxiv,
884 2835 909 2871 3
934 2843 937 2846 ’

311 2882 523 2924 Prohibere
542 2885 705 2924 transitu
733 2885 840 2931 xxiii,
862 2889 885 2925 3
915 2885 1001 2939 (alii
1031 2890 1043 2909 ‘
1059 2884 1196 2923 transi-

324 2967 327 2973 .
369 2939 481 2976 tum!
511 2940 711 2990 quomodo
730 2939 899 2978 Plautus
918 2938 1114 2991 Amphitr.
1141 2932 1196 2985 ivss

367 2996 409 3044 3,
430 2996 479 3032 18
521 2998 533 3015 ⁴
550 3005 679 3044 neque
710 3006 772 3031 me
802 2992 974 3045 Jupiter,
993 3005 1122 3044 neque
1143 2991 1198 3030 Di

324 3068 327 3070 -
367 3058 503 3085 omnes
521 3046 561 3085 id
583 3046 858 3098 prohibebunt,
879 3047 911 3085 si
939 3045 1100 3086 volent.'
1146 3046 1199 3084 Et

365 3099 526 3138 'l'rinum
554 3100 582 3148 i,
602 3104 643 3147 2,
664 3104 717 3140 50
752 3106 763 3124 ‘
782 3101 850 3152 qui
871 3107 914 3138 tu
933 3100 973 3139 id
993 3097 1198 3154 prohibere

368 3166 431 3192 me
451 3160 578 3206 poteS,
594 3166 650 3193 ne
669 3154 842 3207 suspicer
857 3153 914 3207 ?')

314 3205 499 3258 Projecta
517 3209 630 3248 hasta
646 3208 847 3262 (porrecta
865 3209 1016 3247 advers.
1036 3206 1199 3260 incorr.)

329 3287 331 3289 -
369 3260 437 3306 xii,
453 3266 474 3300 1

315 3311 485 3353 Proinde
505 3328 549 3355 ac
570 3315 602 3354 si
620 3315 727 3368 (pro,
748 3315 911 3368 perinde
942 3329 988 3355 ac
1007 3316 1059 3367 si)
1084 3315 1139 3363 vi,
1157 3319 1198 3355 2.

370 3366 436 3412 vii,
456 3373 481 3406 ὓ
510 3369 585 3421 (ita
604 3370 696 3408 alibi
715 3369 848 3418 etiam,
862 3383 1088 3422 quanquam
1102 3370 1200 3408 vari·

330 3427 440 3458 -··ant
459 3421 641 3461 Codices.
697 3424 841 3476 Neque
876 3430 1006 3464 tamen
1027 3423 1201 3462 veremur

371 3487 458 3513 cum
479 3475 710 3523 'I'ursellino,
732 3491 820 3529 cap.
842 3482 934 3525 125,
950 3485 1037 3518 ¹‘ne
1056 3478 1199 3529 ubique

1044 313 1046 315 .
1114 279 1314 320 INDEX

1253 431 1257 436 -
1303 404 1489 445 mendum
1508 404 1560 444 nit
1578 404 1622 444 in
1640 400 1931 460 scriptoribus)
1984 408 1987 410 ’

1250 459 1471 500 Prolabitur
1488 461 1594 500 tedes
1621 473 1713 507 xxv,
1735 465 1789 500 20
1927 476 1930 479 ⁴
1950 483 1966 487 ·-
2029 480 2031 482 ·
2066 465 2074 486 ¹

1251 514 1483 561 Promittere
1500 514 1682 567 religiose
1710 510 1802 560 xiv,
1814 517 1869 555 ,15
1888 515 1901 543 “·
1991 525 1994 531 ·
2053 517 2075 540 ²³

1250 567 1447 609 Promissa
1465 569 1584 608 barba
1611 569 1691 615 xiv,
1710 571 1735 608 3
1764 567 1879 622 (aliiz
1907 565 2085 621 prolixa)

1250 622 1433 663 Promtua
1465 622 1507 662 in
1545 623 1661 662 rebus
1690 621 1871 675 gerendis
1904 628 1946 661 et
1977 621 2137 675 excogi-

1279 710 1286 719 χ
1305 676 1436 716 tandiu
1463 675 1506 724 ii,
1524 681 1546 717 l
2071 679 2078 698 ·'

1251 726 1500 771 Pronominis
1536 736 1549 754 ⁶
1565 729 1644 771 hic’
1676 730 1808 770 crebra
1835 734 1897 768 est
1926 728 2034 782 apud
2048 727 2133 768 Ne-

1256 804 1259 808 >
1304 791 1438 837 potem
1459 784 1678 838 usurpatio,
1695 796 1767 836 pro
1786 790 1798 808 ⁶
1813 783 1875 831 is,’
1903 788 1917 808 ‘
1934 782 2030 830 ine:
2047 788 2060 808 ⁴
2074 782 2137 835 ip-

1305 837 1378 884 se‚’
1397 837 1586 881 relativis.
1619 835 1691 884 Ut,
1709 837 1817 889 quod
1846 837 1876 884 i,
1894 840 1920 877 4
1967 836 2137 884 dicitur;

1305 891 1425 931 creati
1438 897 1638 945 praetores,
1650 890 1692 930 in
1710 891 1767 930 eis
1785 890 2005 930 Miltiades.
2040 890 2137 930 Mu-

1305 950 1396 984 tato·
1417 945 1650 1000 pronomine
1679 944 1774 984 alibi
1790 944 1980 983 effertur&
2007 949 2138 1036 “ftae

1305 999 1497 1047 urbemn
1525 999 1585 1038 his
1604 999 1846 1052 Byzantium
1872 997 1943 1045 vii,
1962 1002 2013 1038 ει
2070 1000 2136 1036 ta:

1305 1066 1397 1093 cum
1419 1054 1625 1093 venissent
1653 1053 1694 1092 in
1719 1053 1924 1099 invidiam,
1942 1057 1985 1091 et
2010 1051 2063 1091 ob
2094 1050 2139 1090 id

1304 1108 1605 1202 ΑΜ
1636 1107 2138 1202 ..um

1480 1190 1491 1208 ῃ
1539 1188 1552 1201 ο
1609 1189 1621 1208 ,
1669 1187 1681 1200 ο
1775 1190 1787 1208 .
1925 1187 1937 1199 ι
2120 1181 2136 1189 “

1306 1228 1396 1254 men
1414 1221 1427 1238 ‘
1443 1215 1523 1254 ille'
1543 1214 1670 1255 laudis
1695 1222 1736 1254 et
1761 1213 1999 1254 celebritatis
2014 1221 2136 1253 enm

1304 1268 1499 1308 interdum
1518 1269 1738 1309 adhibetur.
1756 1269 1852 1309 Vid.
1870 1280 1987 1320 supra
2005 1267 2096 1307 Ille.

1252 1321 1515 1363 Pronuntiare
1543 1319 1698 1376 aliquid
1724 1323 1972 1364 excellenter·
1989 1333 2080 1368 nir,
2110 1323 2134 1360 l

1306 1377 1494 1429 poemata
1520 1391 1610 1425 xxv,
1628 1380 1656 1418 4
1704 1377 1965 1431 ’ρῐοιιιιιιῑίπε
1983 1374 2134 1430 aliquid

1305 1431 1435 1482 palam
1461 1431 1554 1478 xvii,
1573 1435 1599 1472 3
2012 1444 2019 1447 ”
2079 1449 2082 1454 ·

1252 1485 1474 1536 Propa'gare
1493 1486 1590 1525 fines
1607 1484 1762 1536 imperii
1788 1483 1880 1531 xxii,
1900 1487 1927 1524 2

1252 1537 1499 1591 Propagines
1513 1539 1702 1579 clarorum
1721 1538 1836 1577 viror.
1865 1550 1956 1584 xxv,
1972 1541 2028 1578 18
2081 1542 2085 1546 '

1251 1592 1292 1630 in
1323 1591 1540 1644 Propatulo
1568 1592 1630 1646 (in
1650 1592 1737 1631 loco
1755 1598 1892 1644 aperto
1911 1592 2021 1630 et-ad
2040 1603 2135 1630 eon-

1268 1671 1271 1676 -
1306 1651 1493 1695 spectum
1518 1644 1721 1698 exposito)
1749 1645 1856 1691 xxiii,
1883 1649 1912 1685 9
1962 1645 2136 1699 (integre

1270 1744 1275 1752 Δ
1307 1696 1394 1739 Cic.
1414 1699 1527 1739 Verr.
1542 1703 1567 1740 4
1596 1699 1666 1737 ‘in
1685 1698 1893 1752 propatulo
1912 1698 2039 1754 loco’)

1252 1752 1424 1805 Propere
1443 1753 1577 1805 egredi
1602 1766 1667 1803 xv,
1687 1758 1715 1794 4
2081 1767 2084 1774 ’

1253 1807 1507 1860 Propinquus
1523 1807 1610 1860 ejus
1638 1808 1716 1854 xiv,
1735 1810 1761 1848 2
1798 1806 2020 1860 propinqua
2038 1816 2132 1859 eog-

1265 1880 1271 1884 ·
1306 1862 1470 1901 natione
1495 1860 1747 1914 conjunctus,
1768 1861 1885 1900 Praef.
1924 1859 2139 1914 propinqui

1307 1916 1408 1969 regis
1434 1915 1488 1967 iv,
1506 1919 1532 1956 2
1577 1915 1789 1968 propinqui
1819 1914 2006 1954 Eumenis
2032 1914 2141 1962 xviii,

1268 1991 1270 1993 ·
1309 1974 1361 2011 13
1391 1969 1540 2023 (Diod.
1556 1968 1683 2022 φίλοι,
1699 1969 1810 2020 APlnt.
1824 1966 1985 2022 οἰκεῖοι)

1255 2023 1535 2076 Propinquitas
1552 2024 1694 2063 nobilis
1722 2037 1761 2072 x,
1782 2027 1804 2064 1
1844 2020 2139 2077 propinquitate

1309 2077 1508 2130 proximus
1534 2077 1629 2126 xvii,
1650 2082 1672 2120 1
1944 2114 1959 2119 s
2012 2083 2014 2085 ’

1257 2132 1434 2184 Propitia
1451 2132 1633 2173 voluntas
1658 2129 1968 2186 (benevolentia
1986 2128 2143 2182 signif.)

1311 2200 1354 2232 x,-
1368 2191 1398 2228 9
1422 2210 1426 2214 ·
1779 2202 1782 2207 ·
1963 2203 1967 2208 ·

1259 2239 1428 2294 Propius
1440 2252 1575 2279 vmuros
1602 2239 1632 2287 i,
1651 2244 1677 2280 7
1724 2236 2142 2292 propiusGmmmati-

1311 2307 1375 2341 eo,
1395 2294 1459 2334 Fr.
1477 2298 1521 2334 31
1550 2294 1708 2347 propius
1723 2292 2004 2347 Tiberi,quam
2021 2291 2142 2331 'Pher-

1270 2366 1279 2372 >
1311 2347 1483 2400 mopylis
1510 2347 1618 2394 xxiii,
1639 2352 1664 2387 8
1891 2357 1907 2372 ’-

1258 2398 1483 2454 Proponere
1518 2401 1775 2452 quaestionem
1813 2397 1932 2438 alicui
1959 2411 2050 2445 xxv,
2086 2401 2141 2437 2⁰

1272 2473 1275 2477 ·
1312 2451 1473 2506 praemia
1498 2453 1592 2500 xvii,
1613 2457 1638 2494 3
1669 2454 1803 2492 morbo
1818 2453 1989 2492 remedia
2007 2451 2141 2504 (adhi-

1313 2507 1427 2557 bere)
1451 2510 1611 2554 xxm-21
1749 2507 1756 2519 ”
1802 2521 1806 2524 ·

1258 2559 1537 2614 Propositum:
1561 2559 1633 2599 'ud'
1648 2559 1891 2612 propositum
1910 2558 2043 2612 venire
2059 2556 2144 2612 (or-

1312 2616 1387 2655 di'ri
1414 2612 1706 2667 scriptionem),
1726 2613 1843 2654 Praef.
1900 2611 2143 2666 propositum

1312 2670 1388 2710 hoc
1419 2667 1550 2709 tenuit
1580 2669 1678 2722 (hoe
1709 2668 1913 2707 consilium
1948 2666 2146 2719 pertendit

1311 2723 1388 2763 &c0
1426 2722 1598 2776 perstitit
1632 2722 1835 2774 usurpare)
1851 2721 2006 2768 xviii‚·3-
2046 2719 2141 2759 Sic:

1313 2778 1558 2830 propositum
1576 2787 1759 2830 peragere
1776 2775 1848 2831 (ed
1867 2774 1936 2815 fin.
1955 2773 2144 2828 perduce-

1314 2832 1378 2883 re)
1406 2845 1495 2879 xxv,
1515 2834 1568 2871 22
1787 2839 1789 2842 ⁴
1910 2850 1912 2852 ·
1986 2839 1990 2847 '

1261 2885 1484 2939 Propraetor
1510 2884 1618 2930 xxiii,
1637 2887 1664 2924 4

1261 2938 1447 2992 Proprius
1465 2954 1476 2978 :
1505 2939 1583 2978 fide
1601 2937 1858 2982 eonlirmavit,
1877 2948 1919 2975 se
1938 2933 2042 2974 illius
2058 2932 2142 2994 fore

1314 2990 2144 3104 Εὲἒῖἔὲέῗδέἔὶῑέιηξζζίἓέἶξὲῗῑ(ἔέοὲᾙέῗὲ

1315 3100 1401 3153 ejus
1417 3106 1458 3140 et
1468 3106 1606 3139 nutum
1622 3114 1664 3140 se
1678 3105 1907 3139 secuturum*
1917 3094 2144 3149 promittit).

1315 3154 1472 3207 propria
1498 3154 1583 3193 laus
1613 3152 1819 3206 Pelopidae
1850 3152 1963 3204 (qum
1983 3149 2026 3189 vei
2055 3147 2142 3212 soli,

1278 3231 1281 3236 ·
1315 3215 1503 3262 tanquam
1519 3208 1670 3256 auctori
1687 3207 1796 3254 facti,
1814 3204 2000 3258 debetur)
2023 3212 2102 3248 xvi,
2117 3204 2142 3240 4

1317 3261 1517 3325 proprium
1551 3260 1791 3316 Thrasybuli
1830 3259 1977 3299 factum
2004 3254 2143 3316 (quod

1278 3332 1281 3335 ’
1317 3316 1439 3369 ipsius
1475 3315 1652 3368 auspicio
1685 3310 1957 3360 tribuendum)
1997 3309 2079 3370 viri,
2120 3312 2141 3347 l

1276 3386 1283 3390 ·
1313 3383 1398 3410 non
1443 3369 1604 3422 propn‘a-
1643 3378 1805 3408 munero
1836 3364 1939 3420 (non
1972 3363 2142 3425 diutine,
2202 3414 2204 3416 ‚

1316 3424 1437 3463 veluti
1456 3424 1510 3463 nil
1540 3423 1675 3463 solidae
1703 3418 1955 3474 possessionis
1971 3418 2026 3455 ob
2044 3429 2144 3454 mvr-

1315 3478 1420 3518 diam
1442 3474 1666 3531 habentia)
1681 3476 1807 3523 vim-4
1854 3473 1938 3526 (Sic
1978 3471 2144 3511 Plautus
