2306 3900
765 240 929 279 RERU
943 239 983 279 M
1029 238 1104 278 ET
1147 238 1437 279 VERBORU
1452 239 1515 279 M.

209 359 470 404 Tacitumim
497 363 692 404 interdum
717 364 944 417 eloquentia
968 364 1098 417 potior

262 429 331 462 xv,
344 420 372 458 3

209 467 388 510 Tedium
405 471 495 510 vitae
512 483 667 524 capere,
683 468 744 509 Fr.
761 473 789 510 2

207 523 394 565 Tamarus
420 524 475 572 iv,
493 528 519 566 4
546 526 804 578 (promontor.
822 530 864 564 et
882 524 972 564 urbs
989 523 1036 564 inv
1050 525 1095 563 fi-

265 576 380 616 nibus
397 589 478 631 agr.
495 578 713 618 Lacedaern.
731 576 893 630 Lamb.)

208 628 356 670 Tunius
380 630 453 684 (ex
480 630 754 671 emendatione
782 630 955 684 Mureti)
983 630 1050 678 vii,
1069 635 1096 672 6

262 683 408 738 (Apud
443 685 615 725 Pausan.
639 683 861 724 nominatur
894 685 1095 738 quoddam

242 749 426 785 numen,
454 738 568 791 cujus
596 739 638 778 in
666 739 803 778 dextra
830 744 891 779 est
920 738 1097 778 Victoria

264 803 314 830 ex
331 791 448 831 ebore
465 799 507 832 et
523 806 631 840 auro,
664 798 676 816 ⁸
690 804 780 832 cum
805 804 950 833 corona
967 798 1011 832 et
1025 798 1094 832 tae-

264 844 360 884 nial
413 844 607 887 Nimirum
625 846 799 886 victorib.
823 859 904 886 una
919 859 1009 886 cum
1025 858 1094 886 co-

263 909 376 946 rona,
390 899 555 940 dabatur
582 905 596 926 ·
609 899 755 940 taenia.'
808 899 982 940 Vidend.
1000 899 1096 940 Plu-

265 952 388 992 tarch.
421 952 464 992 in
495 954 647 995 Pericle
682 960 724 994 et
756 951 1018 1001 Timoleonte,
1055 959 1096 994 et

266 1004 450 1046 paschal.
467 1006 494 1046 Ι.
511 1011 552 1048 7.
579 1009 631 1048 de
645 1007 798 1047 coronis
815 1020 852 1047 c.
870 1011 909 1048 ⁵.
928 1013 970 1048 et
1001 1007 1029 1047 l.
1055 1011 1097 1048 4.

265 1071 302 1099 c.
333 1062 374 1100 8.
409 1059 547 1101 Boecl.
599 1061 687 1101 Nos
721 1066 853 1101 tamen
887 1061 1098 1110 edidimus,

264 1115 279 1135 ⁶
293 1113 447 1152 coronis
463 1114 589 1154 aureis
607 1114 842 1168 eneisque’)

209 1163 374 1206 Talenta
391 1166 566 1221 quinque
600 1169 732 1222 (3000
762 1167 961 1223 coronati)
989 1182 1053 1216 xv,
1072 1174 1099 1212 4

264 1219 403 1260 decem
430 1221 561 1275 (6000
586 1221 744 1276 coron.)
770 1222 852 1270 xiii,
883 1226 910 1263 4
950 1223 1099 1264 talenta

265 1273 551 1327 quinquaginta
568 1277 742 1330 (80‚000
760 1276 916 1330 coron.)
944 1276 972 1324 i,
987 1281 1028 1318 7.
1056 1277 1099 1325 ii,

267 1331 335 1370 1⁰.
361 1328 417 1375 ix,
435 1332 462 1369 4
488 1330 663 1370 ducenta
674 1330 816 1383 viginti
834 1329 1014 1381 (centum
1032 1331 1099 1378 tri-

267 1381 380 1434 ginta
397 1382 478 1422 duo
496 1384 618 1423 millia
635 1384 790 1437 coron.)
818 1385 912 1431 xvii,
930 1388 957 1424 8
992 1383 1100 1424 mille

264 1441 308 1474 et
322 1435 794 1500 ‹incentat-(septuaginta
814 1437 955 1491 viginti
977 1437 1102 1478 millia

264 1487 590 1606 qma-133}-
618 1490 1102 1586 §smgusiilflfalaesgiozkffi

264 1600 349 1637 tneo
361 1598 578 1646 communi,
595 1599 703 1650 quod
721 1597 949 1651 plerumque
958 1598 1101 1639 intelli-

266 1649 323 1744 ἐξ,
335 1650 560 1743 sellas-iuda
575 1652 843 1747 ιιοπέὶὸιέεἰιόιιε
859 1652 1013 1746 metim,
1029 1665 1100 1717 pro

455 1717 504 1752 is,
539 1718 610 1745 seu
806 1718 924 1746 orona
956 1719 974 1745 s
1019 1719 1102 1747 sive

266 1758 442 1798 scutatis.
484 1757 624 1806 Aliud,
659 1758 811 1812 Majus,
862 1765 1003 1813 putant
1048 1765 1102 1801 80

266 1810 396 1850 Minis
410 1809 647 1861 constitisse,
677 1817 759 1855 800
800 1814 974 1854 scutatis.
1005 1813 1102 1854 Vid.

268 1862 446 1906 Gronov.
462 1867 514 1906 de
531 1879 620 1919 pec.
638 1873 720 1908 vet.
735 1866 794 1914 iii,
814 1866 864 1921 8)
1095 1911 1098 1914 ,

214 1917 322 1961 Talis
341 1919 402 1959 vir
427 1918 542 1982 <curn
569 1927 664 1961 nota
694 1920 959 1976 excellentiae)
985 1922 1029 1971 ii,
1050 1920 1102 1964 10

268 1971 363 2014 stc:
383 1973 472 2013 talis
488 1980 648 2028 tamque
662 1975 788 2016 clarus
801 1975 859 2015 vir
883 1975 939 2023 iv,
957 1979 984 2016 3
1013 1976 1103 2016 talis

267 2026 352 2067 dux
378 2026 434 2075 xi,
453 2030 478 2069 1
520 2028 604 2069 tale
620 2028 772 2070 facinus
797 2042 838 2077 x,
858 2033 912 2071 10
952 2029 1041 2070 talis
1058 2030 1105 2070 li·

266 2080 396 2122 bertas
421 2095 486 2129 xx,
505 2087 533 2126 5
576 2083 675 2124 tales
703 2083 776 2122 viri
801 2096 919 2131 xxxV,
944 2087 970 2124 5
1017 2083 1106 2138 (Sic

268 2145 430 2188 quoque
456 2135 544 2177 eie.
567 2158 569 2161 ·
602 2149 646 2177 ro
675 2136 723 2177 L.
750 2137 919 2177 Manilia
935 2152 948 2177 z
988 2137 1106 2177 'talis

269 2194 331 2228 est
356 2187 429 2235 vir,
446 2194 493 2228 ut
519 2201 575 2228 nu
591 2190 630 2229 la
652 2203 714 2230 res
743 2196 854 2230 tanta
870 2191 935 2238 sit,
960 2203 1007 2230 ac
1025 2197 1106 2230 tam

267 2241 453 2289 difficilis,
488 2255 610 2295 quarn
642 2244 711 2284 ille
732 2257 827 2305 'non
856 2243 948 2284 &c.’
990 2243 1106 2284 Idem

267 2295 1107 2458 wemmam?

215 2455 341 2497 Tam:
368 2468 487 2509 quem
519 2456 688 2505 tamdiu,
717 2462 879 2510 tamque
908 2457 1025 2498 valde
1056 2457 1107 2499 ti·

267 2509 459 2549 muissent
482 2510 593 2558 xviii,
612 2513 661 2551 11

214 2562 460 2616 Tamphilus.
491 2563 569 2604 Cn.
600 2562 777 2613 Bobius,
797 2563 900 2607 cos.
925 2563 1034 2613 xxiii,
1054 2568 1105 2607 13

272 2616 337 2657 Μ.
357 2616 532 2664 Baebius,
548 2617 647 2658 ibid.

215 2670 475 2724 Tamphilum
490 2671 630 2712 domus
656 2685 746 2722 xxv,
765 2674 816 2714 13
857 2669 932 2727 (al.
951 2671 1108 2715 caecili-

271 2735 349 2765 ana

219 2723 458 2832 Tanquzm:
502 2776 766 2820 Hannibalem
801 2785 987 2842 tanquam
1021 2791 1108 2821 cor-

274 2839 432 2885 ruptum
450 2831 701 2874 adducebant
716 2833 792 2875 διο.
816 2832 928 2882 xxiii,
945 2837 973 2875 2

219 2884 396 2926 Tantus:
437 2887 503 2927 bic
534 2891 666 2927 tantus
692 2887 765 2935 vir,
782 2887 979 2942 tantisque
996 2886 1109 2928 bellis

275 2939 476 2981 districtus
503 2940 612 2989 xxiii,
634 2944 686 2982 1³
714 2946 825 2982 tanta
842 2940 919 2982 fuit
935 2941 1109 2982 omnium

272 2994 494 3047 expectatio
511 2994 663 3035 visendi
680 2993 768 3037 e‘us
796 2995 864 3043 vii,
881 2996 912 3037 θ’
954 2995 998 3036 in
1028 3008 1108 3050 quo

270 3059 351 3087 uno
369 3053 520 3087 tanturn
535 3055 610 3097 est,
629 3055 674 3089 ut
731 3062 767 3091 c.
793 3049 901 3098 xviii,
921 3049 974 3091 12

217 3099 390 3141 Tantum
407 3101 514 3155 quod
534 3102 643 3196 Spm,
659 3102 774 3145 simul
793 3102 862 3156 ac)
880 3116 892 3143 ε
933 3100 1004 3157 qui
1023 3108 1111 3143 tan·

274 3160 356 3194 tum
376 3155 483 3208 quod
511 3167 536 3195 a
594 3157 726 3197 hostes
755 3162 1000 3210 pervenerat,
1025 3155 1110 3197 Da-

275 3213 397 3247 tames
412 3206 525 3262 signa
539 3208 669 3249 inferri
680 3209 799 3262 jubet
825 3209 905 3258 xiv,
918 3214 946 3252 0
972 3209 1111 3264 (Cice-

273 3273 317 3300 ro
336 3263 388 3301 ad
407 3258 516 3303 Fam.
543 3262 613 3310 vii.
630 3265 684 3304 2⁸
721 3262 919 3303 ‘Tantum
936 3264 1043 3316 quod
1062 3275 1111 3302 ex

274 3315 457 3368 Arpinati
483 3328 677 3363 veneram,
695 3316 915 3357 cnm.mihi
939 3328 965 3355 a
995 3322 1036 3356 te
1065 3315 1113 3355 li-

274 3374 368 3409 tero
387 3369 552 3409 redditae
571 3369 690 3410 sunt.'
744 3368 825 3411 Ubi
842 3374 974 3409 umen
990 3381 1112 3422 expo·

274 3421 317 3461 ni
335 3421 385 3463 τὸ
414 3429 428 3447 ·
447 3429 598 3463 tantum
645 3423 739 3466 uod'
756 3437 827 3479 per
850 3426 863 3449 ‘
880 3422 957 3464 vix'
975 3429 1044 3465 aut
1061 3423 1111 3465 si·

237 3535 240 3539 ⁵
281 3474 372 3517 mile
389 3476 485 3530 quid
506 3437 646 3532 debet3
844 3481 846 3485 ’

1821 229 2042 282 cxxxix

1158 362 1362 404 Ta'rdiores
1378 364 1461 404 sore
1492 365 1623 403 hostes
1648 361 1718 416 (ex
1750 364 2043 416 praefidentibus

1212 418 1419 464 cautiores,
1438 423 1479 457 et
1506 430 1577 470 pro
1607 417 1757 469 impetn
1775 429 1906 458 curam
1935 431 2042 458 usur-

1214 477 1387 524 paturus.
1405 470 1567 523 Boecl.)
1593 470 1667 517 i,‘4

1156 524 1367 565 Tarentum
1393 538 1434 572 x,
1448 528 1476 566 2
1514 524 1628 578 (urbs
1641 524 1830 564 Calabriae
1847 526 2047 578 perampla

1211 585 1254 671 gt
1270 576 1528 672 prgepogtens).
1554 578 1764 619 Tarentina
1780 591 1951 632 purpura
1979 592 2045 619 ru-

1239 643 1296 679 ra,
1347 645 1377 670 r.

1155 684 1304 725 Taurus
1316 686 1450 739 (mons
1461 684 1619 739 Lyciae)
1635 684 1689 733 ix,
1706 689 1748 727 2.
1777 685 1856 734 xiv,
1869 689 1909 727 4.
1937 685 2046 735 xviii,

1155 791 1304 845 'regere
1339 791 1545 833 familiares
1577 804 1669 832 suos
1703 791 1850 847 (tueri)
1894 807 1985 841 xxv,
2019 798 2047 835 9

1211 859 1353 899 corpus
1396 846 1511 885 armis
1557 847 1611 894 xi,
1645 850 1667 887 1
1726 847 1806 899 tegi
1839 846 2049 887 altitudine

1213 900 1403 939 montium
1416 899 1622 953 (defendi)
1649 900 1678 948 i,
1696 904 1720 940 6
1749 906 1878 941 tectus
1891 900 1980 953 jure
1990 901 2048 941 le-

1214 953 1383 1007 gationis
1409 953 1560 1007 (tutus)
1586 954 1666 1002 xvi,
1684 958 1711 994 5
1754 960 1886 1008 tegere
1904 967 2048 996 nomen

1211 1007 1371 1060 tyranni
1388 1007 1631 1047 humanitate
1658 1021 1698 1054 x,
1718 1009 1741 1047 1

1158 1060 1323 1102 Tectum
1351 1061 1569 1114 antiquitus
1597 1060 1852 1101 constitutum
1878 1073 1968 1109 xxv,
1996 1063 2048 1102 13

1213 1120 1318 1155 tecta
1349 1115 1604 1169 prolabuntur
1619 1120 1814 1154 vetustate
1839 1120 1960 1167 atque
1988 1116 2050 1155 in-

1211 1168 1321 1209 curia
1346 1182 1437 1217 xxv,
1454 1172 1509 1211 20
1543 1168 1631 1224 (Sic
1648 1169 1730 1208 Ms.
1748 1168 1925 1223 Schotti)

1159 1221 1299 1262 Telum
1315 1222 1422 1276 (pro,
1441 1221 1597 1277 gladio)
1623 1223 1704 1271 xiv,
1722 1226 1772 1263 11
1802 1222 1867 1262 Sic
1887 1237 1897 1261 ε
1926 1222 2049 1262 telum

1214 1276 1306 1316 soris
1336 1277 1557 1330 flagitantes
1584 1289 1625 1324 x,
1651 1279 1680 1317 9
1722 1276 1845 1315 telum
1874 1277 2051 1318 subalare

1214 1330 1283 1377 vii,
1304 1333 1356 1370 10
1383 1330 1463 1370 tela
1478 1331 1632 1371 mittere
1645 1329 1830 1384 (jaculari
1847 1329 1888 1369 in
1906 1329 2051 1384 aliqu.)

1214 1383 1283 1430 vii,
1305 1387 1356 1424 lo
1651 1403 1654 1406 ⁴

1159 1437 1381 1499 Temeraria
1413 1449 1506 1477 usus
1535 1436 1686 1478 ratione
1718 1449 1800 1478 non
1825 1437 1944 1478 cessit
1975 1435 2054 1478 ὅτε.

1215 1503 1282 1530 xm

1160 1493 1503 1598 Temeiezfacile)
1529 1557 1621 1592 xxv,
1637 1547 1694 1585 20

1159 1597 1389 1652 Tempestas
1415 1598 1499 1646 xiii,
1516 1602 1542 1640 3
1577 1598 1671 1652 (pro
1740 1593 1886 1651 riculo)
1913 1596 1981 1644 vii,
1998 1599 2025 1638 ⁴

1160 1651 1367 1704 Templum
1404 1651 1548 1692 Dianae
1580 1663 1647 1705 ap.
1682 1610 1857 1706 &aym
1886 1651 1995 1699 xxiii,
2025 1657 2054 1693 9

1215 1705 1409 1746 Minervae
1434 1705 1530 1753 xvii,
1547 1709 1574 1747 4
1615 1706 1659 1744 in
1676 1711 1753 1746 tem
1786 1707 1823 1745 lo
1850 1711 2055 1745 asservatas

1217 1759 1397 1813 pecuniae
1415 1758 1525 1806 xxiii,
1539 1762 1568 1801 9
1586 1759 1743 1813 templa·
1789 1771 1923 1800 eorum
1942 1770 2056 1799 sanc-

1219 1820 1261 1852 ta
1274 1814 1456 1853 habenda
1482 1812 1616 1861 xvii,4

1161 1865 1333 1919 Tempus
1369 1867 1620 1921 longinquius
1656 1865 1921 1921 (diuturnius)
1957 1864 2001 1914 ii,
2027 1869 2054 1907 ⁴

1218 1927 1374 1974 tempus
1400 1921 1579 1961 morandi
1605 1921 1634 1968 i,
1664 1924 1688 1961 1
1735 1925 1891 1984 tempus
1913 1920 1970 1960 rei
1988 1932 2056 1973 ge-

1217 1976 1350 2015 rendae
1378 1973 1576 2030 (occasio)
1602 1974 1672 2023 vii,
1688 1977 1730 2015 8.
1767 1987 1848 2021 xvi,
1862 1978 1903 2015 2.
1941 1972 2011 2021 vii,
2027 1978 2054 2015 5

1221 2035 1376 2082 tempus
1410 2035 1472 2070 est
1503 2029 1633 2070 facere
1666 2026 1788 2081 hujus
1814 2026 1904 2068 libri
1937 2027 2057 2066 tinem

1222 2082 1332 2131 xxiii,
1346 2084 1399 2124 1⁸
1444 2088 1601 2137 tempus
1630 2087 1692 2122 est
1715 2081 1843 2135 parari
1864 2081 2057 2122 exercitus

1223 2137 1303 2185 xiv,
1322 2140 1374 2179 11
1419 2143 1577 2190 tempus
1611 2135 1810 2176 turbidum
1845 2135 2059 2191 (tumultus

1222 2188 1328 2243 ipse)
1355 2189 1436 2238 xvi,
1449 2194 1477 2232 4
1505 2189 1690 2244 temporis
1707 2201 1827 2230 causa
1842 2191 1972 2230 facere
1985 2187 2058 2228 ali-

1221 2244 1319 2296 quid
1345 2256 1438 2292 xxv,
1466 2247 1494 2285 9
1539 2249 1716 2297 tempore
1750 2243 1844 2284 dato
1883 2242 1994 2290 xxiii,
2029 2245 2058 2283 2

1221 2297 1329 2337 brevi
1347 2303 1522 2350 ternpore
1549 2297 1622 2346 i‚2
1649 2302 1842 2338 nocturno
1868 2295 1939 2346 in
1985 2308 2058 2335 no-

1222 2350 1381 2391 vissimo
1406 2350 1518 2398 xviii,
1537 2354 1560 2391 1
1590 2354 1749 2404 postero
1775 2349 1835 2398 iii,
1851 2353 1878 2390 8
1905 2347 2058 2402 reliquo

1220 2403 1284 2458 (in
1301 2406 1520 2458 posterum)
1544 2403 1588 2450 ii,
1606 2406 1634 2444 2
1661 2404 1841 2456 sequenti
1857 2402 1942 2450 viii,
1960 2408 1987 2444 4
2015 2409 2060 2441 ut

1222 2463 1307 2496 tum
1323 2462 1436 2498 erant
1452 2463 1630 2510 tempora
1655 2469 1746 2503 xxV,
1767 2460 1789 2497 1
1819 2455 2060 2509 temporibus

1220 2508 2060 2618 {itavisst‘tsswaeaepffsssssm³:²³<ss

1223 2617 1352 2667 initio,
1370 2618 1422 2658 de
1451 2629 1571 2670 parvo
1603 2616 1834 2671 intervallo)
1860 2629 1900 2665 x,
1922 2619 1948 2657 3
1992 2616 2062 2656 iis-

1221 2671 1312 2712 dem
1346 2671 1510 2726 (eadem
1539 2670 1693 2727 aetate),
1724 2670 1789 2711 Fr.
1821 2675 1845 2712 5
1902 2681 2061 2711 avorum

1222 2730 1454 2774 nostrorum,
1472 2724 1536 2766 Fr.
1553 2728 1580 2766 7

1166 2778 1339 2843 Tempus
1367 2779 1460 2833 (pro
1485 2779 1601 2820 rebus
1629 2777 1866 2832 ancipitibus
1893 2783 1935 2818 et
1955 2777 2061 2817 cala-

1221 2833 1392 2888 mitosis)
1417 2833 1447 2882 i,
1466 2836 1492 2874 8
1520 2833 1583 2887 (v.
1596 2832 1752 2873 Buchn.
1770 2832 1811 2871 in
1826 2829 1970 2885 Thes.)

1166 2886 1419 2941 Temporaria
1454 2885 1666 2927 liberalitas
1701 2885 1909 2950 (temporis
1943 2895 2063 2926 causa

1225 2939 1774 3050 mmmm<
1795 2938 2064 3036 mezzi

1226 3049 1278 3089 ad
1296 3050 1337 3089 h.
1356 3048 1384 3089 Ι.
1409 3055 1450 3089 et
1467 3048 1606 3090 Boecl.
1629 3048 1681 3089 ad
1698 3047 1841 3088 Vellei.
1868 3045 1911 3092 ii,
1927 3049 1996 3091 21,
2014 3044 2064 3097 2)

1170 3101 1267 3142 Tem
1323 3103 1402 3143 rius
1426 3101 1670 3144 discumbere
1683 3099 1933 3156 (maturius),
1953 3098 2016 3138 Fr.
2034 3102 2063 3139 6

1170 3157 1254 3198 Ten
1285 3169 1375 3196 ere:
1403 3168 1483 3209 quo
1501 3156 1690 3196 tendebat
1701 3156 1776 3210 (de
1787 3153 1952 3195 termino
1970 3163 2063 3207 pro·

1223 3208 1428 3262 fectionis)
1456 3209 1484 3257 i,
1507 3213 1529 3250 1

1171 3263 1321 3303 Tenere
1335 3263 1532 3315 regionem
1550 3261 1751 3316 (obtinere
1770 3259 1957 3315 imperio)
1981 3258 2063 3306 xiv,

1225 3319 1253 3357 4
1298 3319 1421 3356 cornu
1449 3314 1658 3370 (praesse)
1684 3314 1761 3363 xvi,
1780 3317 1807 3356 4
1851 3311 2062 3355 exercitum

1228 3372 1310 3416 no
1337 3369 1498 3423 gradum
1517 3370 1732 3410 secundum
1758 3368 1853 3416 ixa
1899 3367 2061 3421 imperio

1227 3422 1471 3463 dominatum
1499 3421 1751 3477 (μοναρχῶν)
1777 3422 1856 3469 xxi,
1887 3426 1907 3462 1
1957 3432 2060 3480 sum·

1204 3480 1206 3487 “
1229 3489 1310 3517 mas
1324 3476 1477 3531 imperii
1501 3478 1636 3532 (urbes
1656 3477 1777 3530 tueri)
1805 3476 1831 3523 i,
1850 3480 1875 3516 3
1918 3473 2062 3526 princi·
