2306 3900
703 249 797 288 ix.
860 249 1182 302 οοΝοΝΕΜ,
1222 251 1359 290 οΑΡ.
1400 239 1453 291 5.

155 367 288 409 missu
307 366 595 420 Pharnabazi,
624 362 723 409 cum
753 368 898 421 quoin
918 368 1044 409 Pelo-

156 438 395 483 ponnesum
412 428 627 482 ‘navigans
658 429 917 472 Laconicam
950 444 1044 472 vas-

154 495 283 547 tavit,
344 494 567 548 sociosque
617 493 945 536 Atheniensium
998 495 1044 536 in

154 559 389 610 Spartanos
407 556 620 599 incitavit.
636 554 780 598 Ernst.
826 556 1044 599 Isocrates

154 622 208 661 ad
231 621 501 674 Philippum:
537 619 597 660 Οὔ
622 619 743 670 μόνον
770 618 815 661 δὲ
842 620 895 661 τὰ
925 621 1044 673 τείχη

151 687 224 734 ris
255 685 445 738 cor-pstor·
470 684 712 738 ἀνόρθωσεν,
737 684 848 726 ἁλλὰ
877 684 943 726 καὶ
967 685 1046 735 τὴν

150 749 273 791 πόλιν
308 748 378 800 ιῐεῖ
393 748 470 798 τὴν
505 749 630 799 αὐτὴν
657 748 773 802 δόξαν
802 749 1043 804 ηοοήγαγεν.

0 793 6 861 ¹.
56 873 61 878 1
150 815 223 856 Sic
258 816 587 871 Demosthenes,
620 817 872 871 Pausanias,
898 818 1046 859 Xeno·

153 878 286 932 phou,
300 877 818 935 Athenoens,Polyaeuus‚
833 881 905 923 alii
918 895 932 933 3
961 894 1044 924 nec

151 942 265 983 ullas
283 948 428 985 exstat
443 942 539 985 fere
559 944 763 998 scriptor,
778 945 852 999 qui
869 945 1047 987 non-mi·

153 1005 315 1047 nimum
334 1006 512 1049 alludat.
538 1007 703 1050 Justin.
724 1008 797 1051 lib.
817 1019 884 1052 vt.

209 1069 467 1112 Civibussuis
479 1072 620 1124 donat]
661 1071 1043 1127 Athenaens,.prae-

152 1136 222 1174 ter
241 1133 363 1175 istam
394 1135 661 1187 libertatem,
693 1137 818 1189 plura
844 1136 956 1177 illius
975 1149 1044 1178 re-

152 1202 303 1238 censet
316 1197 360 1238 in
377 1199 494 1240 cives
512 1199 741 1252 beneficia,
758 1201 787 1242 l.
802 1211 837 1241 1.
874 1201 1042 1252 hongol.

158 1269 160 1271 ·
208 1259 322 1301 Cn».
348 1263 389 1302 5.
429 1260 591 1303 Accidit
620 1262 741 1314 huic,
758 1263 859 1314 quoa
891 1264 1046 1304 caeteris

150 1323 407 1373 mortalibus&
433 1328 480 1365 ut
506 1325 834 1367 inconsideratior
849 1325 893 1366 in
909 1338 1045 1367 secun-

148 1388 217 1437 da,
235 1398 353 1439 qnam
381 1387 424 1428 in
449 1389 612 1430 adversa
628 1393 729 1430 esset
744 1388 934 1441 fortuna]
963 1389 1045 1431 Iis·

152 1449 253 1490 dem
271 1456 386 1503 pene
404 1451 544 1492 verbis
558 1453 587 1495 J
591 1452 756 1493 ustinus
773 1451 861 1494 tine
878 1453 1044 1507 Philip-

150 1512 549 1566 picarnm‘flistor.
576 1516 591 1540 ⁴
605 1514 859 1568 Hamilcar,'
888 1517 1045 1571 inquit,

149 1575 163 1599 ‘
176 1578 350 1630 magnis
368 1577 500 1619 rebus
529 1579 676 1631 gestis,
703 1579 807 1620 dum
825 1578 1046 1622 fortunam

149 1640 671 1698 inconsultinsseqnitnr,
700 1646 746 1686 in
776 1645 954 1690 insidias
973 1648 1046 1689 de-

151 1703 309 1746 ductus
328 1706 574 1748 occiditur!
631 1708 796 1750 Contra
826 1709 883 1750 de
901 1710 1045 1752 Timo-

150 1768 298 1810 leonte
311 1783 324 1810 :
351 1769 366 1794 ⁴
383 1770 439 1812 Id
467 1771 584 1825 qnod
604 1771 824 1814 difficilius
852 1779 1047 1830 putatur,

150 1832 544 1887 multo-sapientius
556 1836 655 1877 tulit
666 1836 901 1879 secundam
916 1851 1047 1893 qnam

151 1895 375 1938 adversam
390 1896 638 1941 fortunam!
664 1900 940 1943 Contrarium
952 1914 1048 1945 sen·

150 1960 210 2000 tit
242 1960 490 2004 Diodornst
544 1962 858 2020 Εὔτυχέστερον
881 1965 1050 2022 ὑπάρχει

151 2023 352 2085 συμφορὰς
366 2026 544 2078 ἐνεγκεῖν
568 2029 775 2085 ἐπιδεξίως,
797 2031 824 2081 ἢ
841 2031 914 2074 τὰς
936 2034 1047 2084 εὔμο-

150 2086 281 2140 γέθεις
295 2089 501 2144 εὐημερίας
517 2091 728 2146 ἐμφρόνως.
783 2095 871 2137 Sed
901 2109 1047 2139 assen-

151 2153 238 2194 tior
251 2153 438 2207 Nepoti,
451 2160 498 2196 et
517 2156 728 2198 rationem
742 2157 890 2201 reddit
901 2160 1046 2203 Tacit.

151 2215 271 2257 Hist.
301 2227 334 2258 ι.
362 2221 428 2260 15.
473 2218 487 2242 ‘
504 2219 719 2262 Secundae
753 2221 854 2274 res,’
888 2223 1049 2278 inquit,

148 2283 164 2305 ⁴
180 2280 417 2323 acrioribus
450 2282 636 2325 stimulis
666 2285 854 2326 animum
896 2288 1046 2340 explo-

151 2349 276 2385 rant:
305 2344 406 2399 quia
422 2345 610 2389 miseriae
630 2348 889 2402 tolerantur,
907 2344 1046 2393 felici·

151 2412 244 2448 tate
263 2409 608 2463 corrumpimus-‚⁹
648 2412 790 2455 Quem
809 2413 952 2455 locum
968 2427 1047 2461 ex·

151 2472 359 2525 pressisse
370 2473 510 2515 Tacit.
529 2486 583 2515 ex
597 2474 808 2518 Oratione
826 2477 893 2518 M.
914 2478 1049 2519 Cato-

150 2535 219 2576 nis
249 2548 330 2589 pro
365 2536 682 2579 Rhodiensibus
717 2540 822 2581 mihi
861 2541 1044 2585 videtur.

151 2600 457 2653 Fragmentum
474 2600 616 2655 istud,v
634 2607 766 2655 prout
795 2605 1046 2648 emendavit

153 2663 221 2704 Ol.
239 2664 293 2705 P.
310 2663 553 2705 Scriverius
565 2677 621 2706 ex
636 2665 714 2708 lib.
728 2677 813 2709 vu.
825 2669 867 2708 8.
894 2668 1045 2720 Gellii,

151 2725 373 2768 advocabo
385 2740 401 2768 ι
425 2727 440 2751 ⁸
460 2723 563 2769 Scio
580 2728 719 2770 solere
738 2728 956 2783 plerisque
971 2729 1045 2771 ho·

152 2789 336 2830 minibus
348 2790 478 2832 rebus
498 2791 699 2833 secundis
718 2799 850 2846 atque
868 2794 1046 2846 prolixis

153 2858 287 2907 atque
327 2855 542 2907 prosperis
586 2855 775 2897 animum
815 2857 1046 2911 excellere,

152 2922 285 2971 atque
317 2918 564 2971 superbiam
601 2924 732 2973 atque
770 2919 1053 2963 ferocitatem.

153 2977 388 3034 augescere
400 2986 531 3035 atque
550 2993 771 3024 crescere:
802 2984 918 3038 quod
932 2997 1047 3027 nunc

153 3056 321 3096 magnae
354 3057 471 3086 curae
502 3045 607 3087 mihi
638 3052 720 3100 est,
752 3047 854 3101 qnia
878 3049 946 3089 hae
980 3061 1050 3091 res

154 3112 244 3147 tam
259 3107 462 3149 secundae
482 3111 793 3163 processerint,
811 3123 866 3152 ne
880 3111 983 3165 quid
1002 3111 1048 3153 in

156 3170 420 3211 consulendo
439 3171 609 3212 adversi
627 3174 788 3227 veniat,
815 3175 932 3228 quod
951 3186 1050 3218 nos-

155 3239 245 3275 ms
265 3232 478 3275 secundas
498 3246 566 3275 res
584 3235 806 3288 conficiet,
822 3249 938 3279 neve
954 3237 1050 3281 haec

156 3297 311 3339 laetitia
327 3297 450 3338 nimis
469 3298 687 3340 luxuriose
715 3300 903 3341 eveniat.
958 3300 1050 3342 Ad·

157 3372 295 3402 versae
317 3372 385 3402 res
404 3373 451 3402 se
469 3360 647 3402 domant
678 3366 726 3403 et
752 3361 916 3403 docent
948 3363 1051 3417 quid

158 3435 266 3475 opus
295 3423 352 3464 sit
382 3421 525 3475 factm
562 3424 762 3465 secundae
793 3436 863 3464 res
897 3425 1052 3467 loetitia

160 3492 452 3533 transvorsum
485 3487 659 3530 trudere
682 3489 842 3530 „solent
873 3500 900 3531 a
930 3495 1050 3531 recte

1888 239 1998 293 527

1107 369 1370 411 consulendo
1386 374 1432 411 et
1448 369 1760 424 intelligendo?
1798 371 1914 414 Nam
1930 381 1999 411 res

1108 430 1301 473 adversae
1319 431 1561 476 futurorum
1585 439 1705 476 metu
1729 433 1998 488 diligentiam

1106 499 1268 535 acuunt
1280 500 1410 548 atque
1425 496 1681 547 intendunt3
1711 496 1915 539 secundae
1932 510 2002 540 ve·

1106 568 1155 597 ro
1196 558 1491 610 securitatem,
1523 565 1834 614 contemptum,
1870 565 2000 616 atque

1106 620 1378 662 insolentiam
1392 624 1584 676 pariunt.
1635 625 1819 666 Diodor.
1841 626 1870 666 l.
1891 636 2000 667 1111.

1108 681 1459 734 Εὖδαιμονέστατοι
1477 685 1556 739 ’γὰρ
1574 685 1684 728 ὄντες
1695 690 1775 728 τῶν
1800 687 2004 737 Ἑλλήνων

1106 746 1182 797 τὴν
1199 747 1384 801 εὐτυχίαν
1401 749 1530 803 ὥσπερ
1557 749 1658 804 βαρὺ
1685 751 1846 804 φορτίον
1869 752 1915 792 οὗ
1932 752 2002 805 φέ-

1107 825 1254 864 pat-res.
1309 813 1376 855 Id.
1392 814 1465 856 lib.
1483 825 1623 857 xvur.
1650 814 1901 856 οἱπλεῖστοι
1923 816 2004 869 ’γὰρ

1108 874 1175 916 διὸ
1199 875 1277 924 τὴν
1312 874 1500 928 εὐτυχίαν
1541 876 1766 931 ἐπαίρονται
1811 878 1886 929 μὲν
1914 881 2001 921 ταῖς

1107 938 1322 992 εὐτυχίαις,
1347 939 1586 996 ὑπερήφανοι
1609 941 1651 982 8·
1674 941 1716 982 ἐν
1741 943 1832 983 ταῖς
1866 935 2002 994 γιγνό-

1106 1017 1219 1054 μενοι
1249 1004 1322 1052 τῆς
1358 1003 1599 1057 ἀνθρωπίνης.
1627 1005 1693 1046 καὶ
1729 1007 1859 1054 κοινῆς
1888 1005 2004 1047 ἀσθε-

1107 1067 1212 1110 νείας
1229 1067 1495 1110 &tandem-rac·
1525 1068 1584 1110 διὸ
1595 1069 1660 1110 καὶ
1678 1069 1746 1111 νῦν
1757 1068 1850 1112 τοὺς
1863 1073 2005 1112 πλεῖσ-

1106 1145 1199 1173 ·rovs
1215 1132 1310 1185 ὖρᾷν
1327 1130 1478 1183 ἔξεστιν
1494 1132 1558 1173 ἐπὶ
1573 1132 1651 1182 τὴν
1666 1132 1851 1186 ἀτυχίαν,
1873 1133 2005 1187 ὅπερ

1107 1207 1148 1235 τι
1174 1194 1277 1249 βαρὺ
1314 1195 1493 1250 φορτίον,
1526 1195 1659 1250 φέρειν
1701 1197 2002 1240 ἀδυνατοῦντας.

1109 1258 1402 1313 Conqueritur
1431 1262 1515 1302 hoc
1546 1260 1603 1302 de
1633 1261 1720 1302 suis
1753 1262 1870 1315 apud
1894 1262 2004 1303 Cur-

1109 1322 1218 1363 tium
1237 1322 1489 1365 Alexander
1508 1324 1584 1366 lib.
1600 1335 1646 1366 x.
1664 1328 1730 1366 lo.
1759 1325 1773 1348 ⁴
1790 1326 2005 1368 Secundis

1109 1387 1365 1442 rebus,quoe
1383 1388 1687 1432 circumfluunt
1705 1401 1800 1443 nos,
1814 1391 2003 1433 insanire

1109 1451 1315 1504 coepistis,
1345 1451 1471 1493 obliti
1492 1458 1633 1494 status
1651 1452 1763 1506 ejus,
1781 1465 1907 1507 quem
1926 1454 2004 1495 be-

1107 1514 1263 1556 neficio
1291 1515 1473 1557 exuistis
1507 1528 1632 1558 meo:
1659 1516 1783 1570 digni
1813 1517 2006 1572 hercule,

1110 1579 1184 1632 qui
1200 1579 1246 1619 in
1259 1578 1415 1620 eodem
1427 1581 1745 1623 consenescatis
1759 1594 1772 1632 ς
1802 1581 2005 1636 quoniam

1107 1641 1278 1684 facilins
1305 1647 1374 1684 est
1391 1643 1511 1684 vobis
1530 1642 1759 1685 adversam
1790 1657 1917 1698 quam
1937 1657 2005 1686 se-

1109 1706 1296 1748 cundam
1352 1714 1502 1759 regere
1559 1706 1806 1749 fortunam?
1877 1707 2004 1750 Idem

1107 1770 1307 1825 Scriptor
1324 1770 1380 1812 de
1398 1770 1550 1824 Dario,
1570 1772 1643 1825 qui
1671 1778 1842 1814 sanctos
1861 1777 1908 1814 et
1925 1772 2007 1815 mi-

1109 1838 1176 1875 tes
1191 1845 1334 1875 mores
1353 1835 1400 1876 in
1419 1835 1540 1888 regio
1559 1833 1733 1888 Fastigio
1753 1841 2006 1879 mutaverat

1108 1896 1389 1950 crudelitate,
1414 1897 1493 1938 lib.
1521 1909 1596 1939 111.
1616 1901 1669 1939 7.-
1691 1899 1709 1924 ⁴·
1725 1899 1836 1940 Erat
1866 1900 2005 1942 Dario

1108 1961 1218 2002 mire
1244 1973 1304 2002 ae
1330 1960 1566 2002 tractabile
1595 1961 1836 2015 ingenium,
1856 1963 1939 2004 nisi
1959 1975 2003 2004 e-

1110 2023 1216 2066 tiam
1249 2036 1370 2065 snam
1401 2029 1600 2066 naturam
1629 2022 1886 2079 plerumque
1914 2024 2004 2068 sor‘-

1108 2092 1216 2129 tuna
1230 2086 1558 2141 corrumperet!
1592 2089 1652 2131 Et
1668 2087 1726 2128 de
1743 2089 1897 2130 eodem
1911 2089 2009 2131 Da-

1110 2152 1175 2194 rio
1195 2151 1479 2194 Charidemus
1507 2151 1615 2193 ibid.
1642 2155 1656 2175 ⁴
1673 2153 1739 2193 'ru
1764 2153 1936 2206 quidem
1956 2154 2005 2194 li·

1110 2217 1258 2258 centia
1296 2214 1420 2269 regni
1461 2214 1607 2256 subito
1644 2208 1836 2257 mutatus
1872 2215 2004 2258 docu-

1109 2283 1304 2320 mentum
1337 2277 1424 2319 eris
1451 2278 1656 2331 posteris,
1680 2277 1872 2320 homines
1905 2291 2004 2322 cum

1108 2355 1158 2385 se
1178 2343 1414 2397 permisere
1431 2341 1636 2395 fortunar,
1653 2343 1783 2384 etiam
1804 2349 2004 2386 naturam

1111 2406 1368 2449 dediscere)
1404 2406 1528 2447 -Hinc
1547 2405 1878 2459 intelligendum
1892 2408 2005 2449 illud

1108 2468 1251 2512 Taciti
1269 2471 1343 2512 lib.
1358 2481 1425 2512 vt.
1444 2473 1513 2512 48.
1541 2469 1556 2494 ‘
1572 2469 1644 2511 An
1673 2481 1772 2512 curn
1800 2471 2006 2514 Tiberius

1109 2540 1209 2587 post
1239 2539 1407 2575 tantam
1437 2546 1579 2576 rerum
1609 2534 1923 2587 experientiam
1962 2536 2008 2576 vi

1110 2598 1415 2640 dominationis
1450 2599 1678 2640 convulsus
1723 2604 1770 2640 et
1812 2604 2004 2641 mutatus

1109 2662 1169 2702 sit
1188 2661 1215 2702 ι’
1242 2673 1284 2714 q.
1302 2661 1348 2702 d.
1374 2661 1595 2703 Tiberium
1627 2662 1804 2704 licentia
1834 2663 2006 2716 imperii

1111 2737 1170 2766 ac-
1181 2725 1312 2766 rebus
1329 2725 1531 2766 secundis
1547 2725 1807 2767 abstractum
1829 2738 1901 2768 eos
1915 2738 2006 2767 mo-

1110 2799 1180 2829 res
1199 2788 1404 2839 induisse,
1425 2800 1531 2841 quos
1550 2787 1723 2830 fortuna
1743 2790 1866 2842 regia
1893 2801 2006 2842 prae-

1108 2852 1316 2904 cepisset,
1335 2851 1532 2904 abiectis,
1558 2864 1668 2904 quos
1693 2856 1848 2893 natura
1875 2858 1922 2894 et
1940 2852 2005 2893 in-

1108 2914 1283 2955 stitutio
1320 2914 1526 2956 dedisset.
1581 2915 1801 2957 Mutatum
1833 2928 2004 2970 quoque

1110 2983 1158 3019 et
1176 2978 1426 3019 convulsum
1445 2987 1538 3019 esse
1569 2977 1863 3021 Alexandrum
1884 2980 2005 3033 regni

1111 3041 1289 3083 licentia
1317 3041 1516 3095 queritur
1543 3041 1828 3084 'disertissime
1854 3042 2007 3083 facun-

1112 3105 1317 3146 dissimus
1345 3106 1467 3147 Curt.
1505 3106 1581 3147 lib.
1614 3117 1661 3148 x.
1691 3110 1730 3148 6.
1769 3107 2006 3159 ‘Coeperat

1111 3181 1208 3210 esse
1227 3180 1424 3222 praeceps
1446 3169 1500 3210 ad
1533 3170 1888 3221 repraesentanda
1905 3182 2006 3224 sup·

1113 3232 1272 3286 plicia3
1301 3234 1404 3274 item
1439 3231 1496 3272 ad
1526 3231 1740 3273 deteriora
1770 3232 2005 3276 credenda.

1111 3297 1185 3338 Sic
1203 3296 1372 3338 scilicet
1392 3307 1463 3336 res
1490 3295 1695 3336 secunda
1724 3296 1872 3337 valent
1889 3307 2006 3339 com-

1113 3365 1282 3401 mutare
1314 3364 1529 3410 naturam,
1560 3362 1608 3401 et
1646 3371 1742 3401 raro
1775 3360 2006 3414 quisquam

1112 3436 1221 3477 erga
1247 3422 1362 3464 bona
1388 3435 1465 3474 sua
1493 3423 1594 3464 satis
1614 3429 1768 3465 cautus
1796 3423 1890 3466 est!
1943 3423 2007 3465 At

1114 3500 1267 3532 revera
1314 3488 1348 3529 is
1395 3488 1566 3541 sapiens
1611 3488 1879 3542 perhibetur,
1930 3488 2005 3542 qui
