2306 3900
731 282 862 321 xiv.
928 281 1260 333 DATAMEM,
1301 283 1433 322 oAr.
1471 269 1527 322 6.

226 400 320 442 dius
334 401 492 454 omnia,
505 400 573 454 cuj
581 413 628 442 us
642 398 798 440 Paruit
817 399 1008 452 imperiis
1031 412 1107 440 ux-

226 478 344 507 orem
378 464 578 507 occidere
603 462 776 517 jussus.'
830 463 950 504 Nero
969 463 1108 504 eidem

224 529 480 583 Agrippinae
510 528 625 571 Ann.
657 527 732 569 lib.
754 539 858 569 xm.
878 531 920 568 6.
976 526 1109 580 Apud

226 593 444 645 Nepotem
463 591 690 644 Philippus
713 590 910 632 Aridaeus
928 590 1108 643 Eurydi-

225 667 291 697 cae
309 655 448 707 uxori,
474 655 518 696 in
542 654 775 696 Phocione.
831 653 931 694 Vid.
951 653 1107 695 Justin.

222 719 299 762 lib.
319 730 421 760 xnr.
440 722 482 759 2.
528 716 660 770 Apud
679 716 815 758 Tacit.
834 716 991 758 iterum
1010 717 1108 757 aula

222 782 430 824 Parthica
444 786 491 823 et
506 793 617 822 novo
632 793 735 834 rege
761 780 1007 834 potiebatur
1018 779 1107 821 Ab·

223 846 403 898 dageses
437 845 592 886 Annal.
627 844 701 886 lib.
737 856 799 884 vr.
829 847 900 884 43.
967 843 1108 885 Galba

224 910 434 950 obnoxius
469 914 564 950 erat
599 910 648 949 T.
685 907 831 958 Vinio,
871 906 1032 948 Laconi
1061 912 1107 948 et

221 977 344 1018 Icelo
364 976 480 1017 Hist.
497 976 574 1017 lib.
592 988 622 1017 1.
641 978 707 1016 13.
737 987 841 1029 quos
873 974 971 1015 ideo
1001 986 1107 1016 nuu-

222 1052 347 1093 quam
395 1051 481 1080 non
528 1039 798 1079 adhaerentes
849 1037 1108 1090 paedagogos

220 1103 350 1155 vulgo
389 1101 682 1155 appellabant.
755 1101 879 1141 Suet.
911 1112 1005 1153 cap.
1037 1104 1104 1141 14.

222 1165 485 1206 Ptolomaeus
512 1165 639 1208 anae
673 1163 784 1205 filius
803 1164 972 1205 libertis
992 1163 1105 1205 Ann.

220 1228 299 1269 lib.
320 1239 385 1269 ιν.
404 1231 471 1269 23.
492 1240 548 1270 ιιι.
604 1227 733 1280 Apud
754 1228 966 1268 Zonaram
987 1229 1105 1269 Tom.

220 1302 293 1333 nr.
357 1291 608 1343 Nicephoro
645 1291 888 1332 Botoniatae
920 1291 1104 1343 impera·

218 1354 306 1395 tori
324 1354 540 1407 imperant
568 1366 645 1406 pro
675 1353 855 1394 libidine
873 1353 1104 1394 miscentes

217 1418 362 1459 omnia
397 1419 567 1459 Borilus
603 1423 650 1459 et
692 1418 935 1459 Germanus
973 1417 1103 1458 servi.

218 1479 452 1522 Audiamus
472 1481 678 1530 Plinium,
703 1480 774 1534 qui
808 1480 906 1520 huic
925 1480 1021 1520 loco
1040 1480 1102 1519 lu-

219 1545 434 1586 culentam
471 1545 673 1586 accendit
706 1543 848 1585 facem
866 1543 1101 1595 >Panegyn

217 1619 314 1660 cap.
331 1611 398 1650 88.
416 1609 430 1631 ‘
447 1607 652 1661 Plerique
674 1608 911 1661 principes,
926 1619 1021 1648 cum
1038 1619 1102 1648 es·

216 1676 313 1712 seut
330 1670 488 1712 civium
507 1670 681 1723 domini,
706 1670 958 1712 libertorum
978 1674 1104 1711 erant

218 1735 357 1780 servi:
387 1735 536 1776 horum
568 1735 774 1787 consiliis,
813 1735 961 1775 horum
995 1740 1103 1775 nutu

217 1799 508 1850 regebantur3
535 1810 614 1850 per
645 1799 719 1839 hos
738 1798 996 1850 audiebant;
1025 1811 1105 1853 per

216 1861 293 1903 hos
329 1862 643 1915 loquebantur3
670 1874 750 1915 per
783 1862 860 1903 hos
898 1867 1102 1916 praeturae

217 1925 348 1967 etiam
365 1931 410 1967 et
424 1925 664 1967 sacerdotia
679 1930 726 1966 et
739 1921 1003 1977 consulatus,
1018 1925 1102 1966 imo

217 1994 263 2031 et
281 1989 336 2030 ab
354 1989 460 2043 ipsis
479 1989 774 2043 petebantur!
830 1990 944 2031 Dein
961 1989 1102 2031 Tacit.

215 2053 376 2094 Annal.
407 2054 484 2095 lib.
506 2065 592 2095 xu.
612 2057 655 2095 3.
684 2053 716 2094 f.
744 2053 757 2076 ⁴
776 2047 864 2094 sed
898 2054 1005 2094 nibil
1034 2066 1102 2095 ar-

214 2117 346 2158 duum
378 2117 608 2159 videbatur
638 2117 683 2157 in
711 2117 851 2158 animo
879 2117 1102 2170 principis,

215 2181 288 2222 cui
325 2193 411 2223 non
440 2180 672 2234 judicium,
699 2192 783 2221 non
811 2179 958 2221 odium
990 2187 1101 2234 erat,

216 2245 298 2286 nisi
318 2245 457 2287 indita
477 2243 682 2298 etjussa.'
716 2243 844 2286 Gebh.

268 2308 560 2361 Mandroclem]
587 2307 837 2361 Legendnm
856 2307 999 2360 potius
1015 2306 1101 2348 An·

212 2373 408 2420 erudera,-
435 2383 562 2426 quam
594 2372 834 2424 Andr-odem,
870 2377 948 2412 aut
979 2372 1099 2413 Man·

209 2437 387 2488 drodem,
415 2442 491 2478 aut
525 2437 811 2488 Mandroclem,
847 2447 943 2490 quae
975 2447 1099 2488 repe·

211 2500 382 2541 riantur
415 2500 459 2541 in
488 2499 584 2540 aliis
613 2499 887 2540 editionibus.
918 2498 1097 2540 Lambin.

212 2562 321 2603 Nam
339 2562 625 2615 Mandroclem]
654 2563 809 2604 Multis
837 2562 943 2604 locis
963 2565 991 2604 d
1018 2574 1097 2615 pro

208 2626 246 2665 cl
283 2621 506 2678 scriptum.
528 2627 700 2668 invenio
739 2626 784 2666 in
818 2626 1095 2668 editionibus.

212 2688 325 2728 Nam
349 2689 606 2730 Mandrodem
630 2688 807 2738 exbibet
834 2687 1099 2740 Longoliana

211 2762 290 2802 pro
317 2750 607 2791 Mandroclem.-
632 2748 695 2792 ‘ut
729 2745 846 2804 a'pud
863 2749 1097 2804 ‘Agellium

208 2813 286 2854 lib.
307 2825 351 2854 v.
369 2817 435 2855 14.
472 2813 683 2855 Andr-odas
699 2815 827 2867 vulgo
846 2814 1097 2868 pro‘Andro-

209 2879 304 2919 clas.
358 2878 431 2919 Sic
470 2878 698 2919 Meneclides
731 2891 810 2931 pro
846 2878 1099 2932 Meneclides,

208 2953 305 2982 cnm
323 2941 559 2983 Plutarcho
575 2942 633 2984 sit
646 2948 692 2983 et
706 2942 874 2984 Graecis
890 2943 1097 2984 mmmc-

209 3005 293 3056 δης,
320 3004 362 3044 in
383 3004 694 3057 Epaminonda.
722 3005 923 3047 Keucloen.

263 3068 597 3121 Paphlagoniam]
627 3069 758 3122 CuJus
791 3068 956 3122 Regem
985 3068 1096 3123 Thy-

207 3142 280 3171 um
308 3135 504 3183 ceperat,
532 3135 580 3171 et
608 3131 664 3171 ad
693 3132 855 3184 Regem
886 3130 1097 3173 Artaxer·

206 3205 307 3235 xem
328 3192 546 3246 captivum
565 3192 763 3235 duxerat.
790 3194 973 3235 Lambin.

261 3255 548 3308 Ariobarzane]
565 3256 651 3300 Qui
665 3268 691 3297 a
705 3257 826 3311 Rege
842 3258 979 3299 multo
994 3262 1096 3299 ante

206 3320 442 3362 defecerat.
468 3319 599 3361 Diod.
972 3352 975 3353 γ

258 3383 371 3423 cnr».
388 3385 428 3422 6.
453 3381 632 3434 Pisidas]
663 3381 893 3435 Discrepat
908 3381 1095 3424 aProbo

208 3444 424 3486 Diodorus
453 3445 531 3487 lib.
551 3455 627 3488 xv.
674 3443 834 3487 'Tradit
863 3444 975 3486 enim
1003 3444 1094 3498 ille,

1951 270 2059 323 569

1175 400 1334 440 Persas
1366 400 1475 441 duce
1508 399 1740 452 Artabazo,
1766 400 1811 441 in
1832 401 2058 453 Cappado-

1173 461 1298 511 ciam,
1326 474 1451 515 quam
1484 462 1663 503 tenebat
1692 463 1914 515 Datames,
1944 463 2058 504 inva-

1172 524 1274 564 sisse
1294 537 1305 563 :
1336 525 1552 565 Datamen
1571 537 1674 566 vero
1695 538 1849 578 magno
1868 538 1963 566 cum
1984 538 2058 566 ex-

1173 586 1312 626 ercitu
1332 587 1374 626 ei
1396 587 1564 627 obviam
1591 588 1782 629 venisse:
1813 587 2059 642 Ἀρταβάζου

1170 649 1248 701 γὰρ
1263 649 1335 690 τοῦ
1345 648 1539 695 βασιλέως
1551 653 1777 702 στρατηγοῦ
1787 652 1887 701 μετὰ
1904 654 2058 701 πολλῆς

1171 709 1362 762 δυνάμεως
1370 712 1611 762 ἐμβαλόντος
1623 712 1677 754 εἰς
1684 714 1759 762 τὴν
1768 716 2059 769 Καππαδοκίαν,

1171 775 1193 815 ὅ
1207 773 1280 826 μὲν
1297 773 1446 823 ταύτης
1463 777 1535 824 τῆς
1551 776 1683 829 χώρας
1708 778 1909 831 σατράπης
1926 781 2055 821 Δατά·

1170 853 1245 889 μης
1279 839 1706 892 ἆντεστρατοπέδευσεν
1734 842 1853 894 αὐτῷ,
1884 845 2057 886 πολλοὺς

1170 902 1242 955 μὲν
1259 903 1389 946 ἱππεῖς
1406 906 1600 959 ἠθροικὼς,
1626 906 1840 959 δισμυρίους
1855 907 1896 948 δὲ
1914 908 2056 959 πεζοὺς

1170 967 1428 1021 μισθοφόρους
1455 967 1560 1021 ἔχων
1584 969 1689 1022 αὐτῷ
1709 970 2055 1023 συστρατεύοντας.

1174 1032 1356 1076 Lambin.

1226 1092 1375 1136 Filium
1401 1096 1483 1147 qius
1508 1097 1752 1151 Arsidoeum]
1779 1100 1850 1141 Sic
1879 1101 2057 1154 Savaro,

1171 1164 1219 1199 et
1238 1159 1391 1212 scripti
1411 1161 1610 1212 Codices,
1640 1163 1875 1205 Arsidaeum.
1927 1166 2055 1207 Quod

1169 1233 1324 1262 nomen
1352 1222 1482 1264 etiam
1514 1224 1629 1265 inter
1647 1224 1883 1267 Alexandri
1903 1228 2056 1281 Magni

1171 1287 1358 1327 asseclas
1392 1288 1599 1340 reperias.
1635 1289 1770 1342 Loug.
1814 1289 2057 1345 Aru-idaeum,

1170 1349 1337 1392 Schott.
1364 1356 1410 1392 et
1441 1352 1592 1393 Lamb.
1622 1352 1864 1394 Arridoeam.
1892 1355 2057 1397 Justin.

1169 1423 1266 1453 cum
1303 1413 1465 1466 duplici
1499 1416 1527 1454 d
1557 1415 1724 1468 scribit,
1754 1423 1803 1457 ut
1831 1417 1887 1458 sit
1914 1417 2057 1460 Arrae‘d·

1167 1477 1289 1518 doeus.
1980 1494 1982 1496 ·

1166 1549 1171 1552 ·
1225 1540 1366 1582 Celans
1381 1546 1569 1594 quantum
1581 1543 1720 1584 vulnus
1732 1543 1956 1596 accepisset,
1968 1545 2057 1597 ξω]

1167 1603 1425 1647 Verissime:
1455 1618 1555 1646 nam
1585 1607 1732 1648 clades
1765 1619 1938 1648 suorum
1965 1608 2055 1647 ani-

1167 1679 1257 1708 mos
1275 1667 1444 1722 affligit,
1472 1682 1522 1711 ac
1550 1670 1782 1712 tardiorem
1812 1671 2053 1712 exercitum

1168 1731 1326 1772 reddit.
1382 1732 1555 1775 Idcirco
1570 1733 1804 1786 prudentes
1820 1735 1952 1776 duces
1968 1735 2055 1775 cla-

1167 1795 1244 1836 des
1262 1801 1309 1838 et
1327 1795 1611 1838 adversitates
1642 1810 1814 1850 semper
1834 1804 2054 1850 texerunt,

1167 1871 1221 1900 ne
1241 1860 1371 1901 animi
1387 1861 1667 1902 conciderent
1679 1861 1901 1910 militibus,
1921 1868 1966 1903 et
1982 1874 2055 1902 au·

1166 1928 1376 1975 gerentur
1410 1924 1684 1977 adversariis,
1710 1937 1838 1978 poena
1863 1925 2054 1978 quando·

1166 1999 1251 2040 que
1270 1988 1421 2028 mortis
1440 1987 1571 2040 dicta,
1600 1988 1675 2041 qui
1701 1993 1799 2028 acta
1816 1989 2051 2041 vulgasset.

1167 2049 1288 2091 Curt.
1307 2049 1380 2092 lib.
1402 2061 1485 2091 vu.
1505 2053 1573 2091 51.
1602 2052 1614 2073 ‘
1635 2050 1842 2091 Cecidere
1861 2062 1913 2091 eo
1940 2063 2051 2104 prae·

1166 2111 1225 2152 lio
1245 2111 1438 2164 peditum
1459 2112 1544 2153 duo
1563 2112 1709 2163 millia,
1729 2115 1914 2154 trecenti
1932 2116 2052 2168 equi-

1166 2178 1232 2215 tes
1248 2188 1261 2226 ς
1288 2187 1415 2229 quam
1432 2175 1599 2216 cladem
1615 2175 1867 2217 Alexander
1885 2177 2052 2219 sollerti

1165 2242 1347 2284 consilio
1367 2243 1496 2292 texit,
1523 2242 1956 2294 mor-tedenunciata
1986 2243 2053 2294 iis,

1165 2306 1239 2359 qui
1259 2317 1315 2346 ex
1333 2306 1484 2359 praelio
1505 2312 1731 2359 venerant,
1755 2299 1800 2347 xsi
1830 2312 1929 2348 acta
1959 2309 2053 2348 vul-

1163 2370 1365 2422 gassent.'
1440 2370 1588 2411 Caesar
1615 2371 1743 2412 Civil.
1791 2370 1865 2411 lib.
1897 2383 1947 2411 11.
1982 2375 2050 2413 31.

1161 2432 1174 2454 ‘
1196 2432 1274 2473 Uti
1301 2433 1494 2485 corporis
1522 2433 1713 2486 vulnera,
1740 2433 1804 2473 ita
1831 2433 2049 2474 exercitus

1162 2496 1435 2537 incommoda
1471 2501 1570 2537 sunt
1603 2496 1809 2548 tegenda,
1835 2508 1890 2537 ne
1929 2508 2049 2548 spem

1161 2559 1416 2600 adversariis
1435 2560 1696 2613 augeamus)
1737 2560 1900 2601 Contra
1911 2561 2049 2600 Varro

1163 2622 1285 2662 auxit
1303 2633 1445 2663 rerum
1465 2635 1633 2663 suarum
1653 2622 1800 2675 suique
1826 2629 2048 2675 contemp-

1163 2688 1254 2724 tum
1286 2684 1411 2725 nimis
1445 2684 1687 2738 detegendo
1718 2685 1883 2726 cladem
1915 2686 2048 2726 denu-

1162 2746 1405 2802 dandoque.
1458 2749 1572 2790 Vide
1601 2749 1696 2789 Liv.
1730 2748 1806 2788 lib.
1836 2759 1975 2789 xxm.
2005 2753 2047 2790 4.

1162 2810 1310 2853 Front.
1329 2811 1401 2854 lib.
1421 2823 1473 2853 11.
1493 2815 1534 2852 7.
1591 2811 1808 2852 Caeterum
1840 2824 1892 2853 eo
1918 2813 2048 2854 modo

1161 2871 1350 2925 loquitur
1387 2873 1564 2915 Cicero:
1611 2875 1624 2896 ‘
1662 2873 1781 2917 Quid
1816 2879 1896 2927 est,
1931 2875 2044 2928 quod

1161 2935 1349 2977 animum
1384 2948 1526 2977 meum
1554 2936 1755 2989 frangere
1788 2943 1863 2979 aut
1893 2938 2046 2980 debili-

1162 3004 1255 3040 tare
1273 3000 1410 3053 possit
1422 3000 1452 3041 θ’
1506 2990 1837 3043 ῙιιἈιιῐοιιίιιιιιι
1866 3002 2046 3045 ‘Utrum

1159 3061 1241 3104 boc
1273 3069 1342 3105 est
1375 3063 1626 3105 confirmare
1658 3065 1838 3105 militum
1865 3066 2046 3119 animos,

1160 3137 1216 3167 an
1231 3126 1463 3172 debilitare
1478 3127 1683 3168 virtutem
1695 3127 1725 3166 ?’
1758 3126 1884 3167 Geblz.

1214 3189 1282 3230 Aa
1299 3182 1426 3230 hostes
1439 3187 1677 3240 transfugit]
1691 3188 1890 3230 Ἀποστὰς
1909 3187 2047 3232 νυκτὸς

1158 3249 1260 3301 μετὰ
1275 3252 1354 3291 τῶν
1371 3249 1516 3291 ἱππέων
1533 3250 1733 3299 ἀπήλαυνε
1750 3250 1845 3304 πρὸς
1862 3250 1955 3294 τοὺς
1973 3268 2042 3294 πο·

1159 3314 1330 3365 aculeus.
1359 3313 1536 3355 Diodor.
1559 3325 1638 3356 xv-
1848 3332 1850 3334 ¹

1214 3379 1262 3420 Si
1296 3381 1339 3421 in
1367 3379 1521 3420 turbam
1546 3379 1709 3433 exisset]
1740 3381 1786 3423 Si
1817 3383 2043 3434 pervulga·

1161 3448 1250 3485 tum
1272 3448 1401 3487 esset.
1456 3443 1633 3487 Sueten.
1664 3444 1819 3498 Galba,
1855 3458 1950 3499 cap.
1973 3449 2039 3487 20.
