2306 3900
752 303 974 344 RERUM
1019 304 1096 344 ΕΤ
1139 300 1430 346 VERBORU
1445 306 1509 346 M.

230 423 1096 533 ῗρῖὛῲἵ.3’”ἓῗιῗςὲἷέὀῗ.ῗὲἒῖῗ’Ἴ

260 534 361 587 (nisi
379 542 508 575 tamen
525 535 719 596 glossema
731 495 823 588 est)

209 587 426 629 Amovetur
453 588 586 629 victus
611 587 864 642 quotidianus
881 588 1097 643 (subtrahi-

245 642 362 693 tur)
376 642 483 690 xviii,
505 646 556 684 12

207 689 458 758 Amphipolis
475 695 637 749 (oppid.
653 695 844 744 Thraciae,
872 697 928 737 sie
946 697 1097 738 dictum

260 762 316 801 qu
315 749 578 803 odutrimque
589 750 800 805 Strymone
813 751 856 791 fl.
864 751 1097 835 allueretur.

262 803 423 854 Lamb.)
450 817 492 852 V,
503 808 536 845 2

209 857 434 909 Amphoras
479 858 642 910 plumbo
687 836 875 911 complet,
929 871 1098 899 summas

260 923 355 1005 3¹¹2}
372 913 1098 1028 3250÷ss¹¹5423{‘1.„¹¹²¹¹¹¹³2.1„2²:252”

207 1017 470 1071 Amplectitur
497 1019 606 1060 aliud
632 1021 824 1073 oppidum
853 1021 1017 1061 alterum
1033 1021 1096 1076 (in

262 1086 304 1112 38
322 1073 605 1126 complectitur,
623 1074 836 1138 continet),
857 1075 917 1114 Fr.
936 1078 966 1116 8

206 1124 397 1179 Ampium
427 1128 544 1167 flauas
571 1127 684 1176 xviii,
700 1132 727 1169 4
772 1127 890 1182 (alii.
920 1127 1097 1190 ιιιιιιιιι3).

261 1181 500 1242 amplissima
530 1181 670 1222 civitas
694 1182 764 1230 vii,
785 1187 806 1223 l
836 1181 1096 1235 amplissimus

261 1233 479 1288 triumphus
505 1236 610 1284 xxiv,
631 1240 654 1277 1
693 1235 953 1290 amplitudine
969 1250 1097 1283 rerum

223 1325 227 1328 .
261 1296 456 1341 gestarum
476 1298 656 1342 praestare
674 1297 824 1330 ceteros
851 1304 942 1338 xxv,
962 1294 1014 1332 18

205 1339 388 1395 Amplius
406 1343 532 1397 (plus,
549 1345 610 1384 vel
625 1344 802 1407 plures).
830 1357 912 1384 non
929 1344 1096 1397 amplius

261 1409 381 1459 quam
414 1398 583 1438 triduum
611 1397 720 1445 xviii,
741 1403 793 1439 12
831 1411 950 1451 quam
987 1405 1097 1438 terna

259 1449 385 1490 millia
420 1450 506 1491 aeris
550 1465 641 1498 xxv,
658 1456 730 1492 13
783 1452 878 1491 nolo
913 1452 1096 1504 amplius,

259 1503 1097 1613 ifflffl¹⁰⁰12m³3⁸3253¹s⁴20²¹¹¹ss¹332⁰m¹¹12¹1¹1¹233

257 1619 418 1653 eentum
439 1613 726 1654 adolescentuli
750 1613 831 1661 xvi,
849 1617 876 1654 2
903 1626 986 1653 ιιοιι
1013 1627 1096 1653 am-

259 1667 363 1728 plius
394 1667 502 1708 mille
534 1668 735 1707 hominum
762 1667 842 1715 xiv,
862 1671 890 1713 8
915 1680 997 1706 ιιοιι
1014 1681 1096 1707 am-

222 1752 226 1755 .
261 1719 366 1773 plius
393 1722 591 1783 quaternis
619 1721 799 1774 quinisve
827 1721 1000 1761 versibus
1025 1723 1098 1762 de·

259 1774 426 1819 seribere
459 1775 609 1829 aliquid
635 1778 806 1822 xxv,18
846 1775 932 1827 (Sic
962 1774 1096 1815 Livius

259 1832 330 1872 42.
376 1834 389 1853 ¹
418 1830 585 1883 amplius
612 1828 881 1891 septingenti?
926 1835 968 1869 et
1003 1830 1097 1870 alibi

254 1888 274 1912 ·‘
294 1883 383 1935 plus
411 1883 664 1937 septingenti,
693 1882 884 1930 ducenti?
908 1882 985 1922 &c-
1038 1883 1098 1923 At

259 1937 303 1976 in
315 1950 425 1991 seqq.
442 1939 546 1977 idem
558 1944 619 1978 est
629 1950 676 1976 ac
690 1943 889 2000 praeterea,
899 1937 1096 1999 ιι1ι8ι1ιι3).

260 2005 391 2045 neque
407 1991 574 2044 amplius
592 1991 792 2054 requisivit
809 1990 917 2045 (sub.
944 1990 1095 2044 aliquid

258 2052 400 2110 prater
416 2045 621 2099 coronam)
648 2044 731 2093 viii,
748 2048 775 2086 4
803 2058 852 2085 ea
867 2046 919 2085 de
930 2059 980 2086 eo
982 2059 1095 2109 prae-

260 2099 456 2147 dicarunt,
491 2106 611 2153 atque
643 2099 719 2139 hoc
749 2098 917 2152 amplius
955 2100 1023 2151 vii,
1041 2104 1091 2141 ll

258 2167 391 2206 neque
421 2155 499 2194 hue
527 2153 695 2206 amplius
730 2166 848 2205 quam
885 2152 999 2204 pellis
1034 2161 1095 2193 est

257 2208 407 2261 injecta
433 2206 605 2262 (aliquid
639 2214 780 2260 praeter
807 2206 972 2261 pellem)
1000 2207 1094 2256 xvii,

203 2315 401 2370 Amyntas
425 2315 601 2356 Macedo
627 2315 681 2364 xi,
701 2318 726 2356 3
754 2313 841 2368 ejus
870 2314 973 2355 filius
997 2290 1094 2357 Phi-

259 2370 392 2423 lippus
411 2382 476 2410 rex
504 2370 585 2417 xxi,
603 2373 630 2410 2

202 2423 271 2466 An
299 2425 392 2479 (pro
420 2398 603 2477 annon)'=
631 2423 785 2471 dubito,
812 2435 863 2461 an
890 2424 997 2465 hune
1015 2424 1094 2478 pri-

257 2492 363 2518 mum
382 2491 526 2540 ponam
553 2477 636 2524 viii,
656 2482 678 2518 1
698 2477 770 2540 (v.
788 2477 964 2540 Dubito)

202 2532 463 2586 Anagnosten
486 2531 817 2584 jucundissimum
843 2531 886 2570 in
910 2530 1093 2571 convivio

257 2587 393 2626 audire
420 2598 510 2632 xxv,
521 2588 571 2625 14
599 2590 823 2636 anagnostae
836 2583 973 2636 optimi
1002 2598 1092 2632 xxv,

259 2644 310 2682 13
339 2639 555 2692 (servorum
585 2651 729 2678 nomen
747 2637 817 2690 qui
841 2650 957 2689 super
984 2651 1094 2678 men-

256 2707 340 2733 sam
377 2692 561 2745 legebant
591 2692 758 2731 librum·
791 2704 831 2731 v.
863 2691 1024 2744 Pignor.
1041 2693 1094 2733 de

258 2747 390 2788 servis.
409 2745 589 2786 Boecler.
619 2745 738 2785 Adde
768 2745 920 2785 Meurs.
947 2752 1093 2787 auctar.

255 2801 394 2854 philol.
411 2814 446 2840 c·
465 2804 505 2842 4.
533 2806 575 2840 et
589 2799 706 2839 Thes.
724 2799 945 2852 Buchneri)

202 2855 477 2918 Anastrophe:
505 2854 612 2893 hunc
648 2853 831 2893 adversus
867 2853 975 2918 (pro,
1003 2854 1093 2894 adv.

215 2910 382 2965 hunc)
409 2908 494 2957 xiii,
511 2912 538 2950 4
565 2908 663 2948 nilul
676 2915 760 2947 erat
773 2921 889 2961 super
916 2907 984 2956 vii,
996 2912 1037 2957 8,
1053 2912 1095 2949 et

263 2964 317 3004 al.

202 3016 415 3058 Anchora.
444 3016 487 3056 in
507 3015 685 3056 anchoris
717 3021 850 3055 tenere
882 3028 1021 3055 navem
1049 3015 1093 3063 ii,

256 3075 283 3112 8
312 3070 398 3132 (Sic
411 3071 518 3140 apud
532 3070 676 3111 Caesar.
705 3071 771 3109 ‘in
784 3070 962 3110 anchoris
976 3076 1092 3118 stare,

255 3123 511 3165 consistere?
540 3137 577 3162 v.
595 3123 753 3164 Buchn.
771 3123 912 3175 Thes.)

205 3178 397 3231 Ancipite
428 3177 604 3238 periculo
636 3177 761 3230 premi
795 3176 1042 3230 (utrimque
1031 3191 1094 3217 ιιι·

256 3238 384 3272 stante
412 3230 546 3282 hoste)
585 3229 628 3277 ii,
648 3234 673 3270 3
739 3236 781 3270 et
805 3245 870 3283 ap.
896 3231 999 3272 Flor.
1039 3231 1093 3277 iv,

215 3319 217 3321 .
256 3291 324 3334 11,
343 3291 382 3327 6.
420 3283 678 3330 ‘certamem’
745 3285 860 3323 nstin.
902 3284 956 3332 xi,
983 3289 1025 3332 9,
1045 3284 1094 3337 9)

203 3336 980 3455 ..53325’332120532⁹333&
1010 3403 1095 3430 ο...

259 3446 373 3486 torib.
362 3474 389 3494 .,
419 3447 470 3486 de
501 3459 580 3498 quo
614 3445 692 3484 vid.
713 3444 910 3484 Plutarch.
940 3444 981 3483 in
1007 3443 1097 3483 vitis

259 3498 422 3542 Rhetor.
435 3506 476 3540 et
488 3499 653 3542 Photius
666 3498 706 3538 in
720 3498 908 3540 Biblioth.
921 3498 1095 3552 Schott.)

1979 295 2063 349 fi.

1183 443 1186 446 ·
1211 429 1279 478 vii,
1297 434 1323 471 3
1352 430 1487 484 (Male
1515 430 1616 470 Mss.
1645 430 1758 484 quid.
1783 431 2047 474 Androclides

1212 485 1274 524 vel
1291 484 1539 525 Androcides
1555 485 1787 548 exhibent)

1157 536 1370 578 Anfractus
1406 537 1560 590 longior
1594 539 1668 579 viae
1695 537 1806 588 xviii,
1831 543 1870 580 8.
1886 543 1918 580 9
1956 539 2047 594 (Sic

1212 604 1279 643 ap.
1325 591 1452 631 Cicer.
1487 591 1627 632 Parfit.
1670 600 1767 632 orat.
1815 591 2046 635 ‘anfractus

1182 644 1441 722 '(orationis)
1477 659 1560 685 non
1596 647 1778 699 longus?
1807 647 1967 690 Lucret.
2004 654 2049 690 5.

1213 699 1441 738 ‘anfractus
1471 698 1640 752 impares
1682 700 1823 740 Solis·’
1863 700 2048 750 Accium,

1184 750 1398 792 laudante
1439 751 1616 793 Varrone
1659 755 1799 794 5.(18
1830 755 1879 794 L.
1916 755 2047 796 Latin.

1183 820 1185 822 ·
1212 806 1422 846 ‘anfracta
1437 807 1649 849 terrarum!
1676 807 1911 869 Lambinus)

1157 859 1340 912 Angusto
1371 861 1465 900 mari
1493 861 1702 922 confligere
1727 861 1773 908 ι1,
1795 865 1823 902 4
1850 861 2050 914 angustias

1211 927 1384 967 quaerere
1412 914 1517 966 (scil.
1544 913 1673 962 maris,
1698 928 1750 955 ne
1768 915 1856 968 quis
1873 915 2050 956 multitu-

1183 968 1306 1007 dine
1319 967 1478 1008 navium
1491 968 1691 1008 hostilium
1704 969 2063 1023 circumveniatur)-

1211 1020 1300 1069 11,3
1340 1021 1532 1085 angustiis
1562 1023 1737 1063 locorum
1767 1023 1950 1063 claudere
1968 1024 2051 1063 ··ad

1210 1075 1398 1176 vinarios
1424 1076 1504 1125 xiv,
1518 1080 1545 1118 8
1573 1076 1706 1118 claudi
1731 1077 1826 1125 xxii,
1838 1081 1866 1119 2
1893 1078 1944 1117 ab
1956 1078 2052 1118 hos-

1211 1127 1242 1168 ti
1310 1144 1362 1168 xv
1395 1133 1421 1171 7

1156 1180 1302 1222 Anicia
1319 1183 1468 1238 (Attici
1485 1183 1732 1234 consobrina,
1746 1198 1843 1225 uxor
1859 1185 1943 1226 Ser.
1959 1152 2050 1227 sul-

1156 1236 1448 1331 &gigoesslm
1453 1243 1638 1346 rilinquit
1661 1292 1868 1355 (moritur)
1896 1293 2004 1339 xviii,
2021 1297 2050 1335 4

1183 1345 1381 1385 animam
1409 1346 1608 1399 deponere
1646 1346 1756 1396 xxiii,
1776 1351 1798 1388 1
1839 1347 1968 1387 efflare
1993 1346 2051 1396 iv,

1211 1403 1236 1439 5
1265 1400 1442 1439 emittere
1469 1414 1533 1447 xv,
1553 1404 1580 1440 9

1154 1450 1478 1493 Animadvertere
1494 1452 1645 1514 aliquid
1669 1451 1957 1516 (considerare)
1984 1467 2052 1502 xv,

1211 1510 1239 1547 6
1266 1506 1528 1560 (conspicari)
1569 1505 1650 1555 xvi,
1668 1513 1693 1548 5
1723 1507 1764 1546 in
1793 1506 1945 1560 aliquos
1976 1508 2051 1561 (de

1180 1592 1184 1597 ,
1211 1573 1371 1601 censore
1399 1561 1576 1633 propria
1585 1574 1692 1600 vox:
1720 1562 1853 1602 hinc‘
1861 1562 2052 1601 animad-

1213 1615 1336 1654 versio
1370 1615 1562 1662 censoria,
1565 1614 1792 1655 ’distincta
1827 1628 1852 1655 a
1878 1614 2048 1668 judicio,

1214 1674 1260 1707 ut
1277 1669 1396 1708 tradit
1414 1669 1553 1710 Cicero
1570 1682 1642 1731 pro
1663 1669 1857 1710 Cluentio
1875 1670 1981 1717 nir,
1999 1670 2051 1722 2)

1211 1722 1485 1763 animadversa
1503 1722 1668 1763 varietas
1699 1724 1866 1762 fortunae
1896 1724 2051 1778 (obser-

1215 1776 1324 1829 vata)
1353 1777 1434 1824 xiii,
1451 1781 1479 1818 4

1157 1829 1354 1870 Animatae
1382 1831 1484 1870 bene
1513 1830 1652 1870 insulae
1676 1830 1741 1885 (in
1759 1802 1948 1883 obsequio
1966 1844 2050 1870 ma·

1212 1891 1365 1932 nentes,
1393 1898 1543 1938 oppon.
1574 1883 1776 1938 alienatae)
1805 1898 1844 1932 v,
1863 1889 1889 1925 2
1917 1886 2050 1939 (apud

1179 1937 1320 1978 Suet.
1357 1937 1451 1978 vit.
1471 1942 1512 1979 7.
1540 1939 1674 1978 ‘male
1710 1939 1904 1978 animatus
1939 1951 2050 1979 exer·

1210 1992 1311 2032 citus
1326 2006 1417 2044 erga
1443 1991 1523 2032 Pr:
1551 1992 1690 2033 Boecl.
1747 1992 1801 2031 Et
1818 2005 1884 2045 ap.
1902 1992 1993 2034 Cic.
1993 1993 2051 2037 1ιι

1180 2045 1331 2097 E-p.‘
1351 2046 1448 2086 socii
1465 2046 1615 2086 infirme
1633 2045 1794 2086 animati
1796 2045 1831 2099 ')

1155 2097 1324 2138 Animus
1368 2100 1462 2155 (pro
1507 2100 1654 2141 fiducia
1698 2097 2046 2161 constantiaque):

1180 2154 1364 2193 -animus
1408 2154 1564 2194 accedit
1608 2154 1758 2195 civibus
1802 2153 1832 2201 i,
1846 2156 1874 2194 4
1916 2155 2048 2207 (quod

1178 2236 1183 2242 -
1211 2207 1342 2248 Caesar
1368 2208 1419 2247 Β.
1447 2207 1535 2249 civ.
1565 2211 1607 2249 8.
1631 2209 1687 2248 sic
1713 2183 1880 2248 extulit.
1922 2213 2044 2247 ‘tan-

1209 2267 1292 2300 turn
1322 2262 1478 2302 fiduciae
1513 2275 1559 2302 ae
1575 2262 1762 2325 spiritus
1794 2262 2047 2313 Pompeianis

1209 2315 1421 2377 accessit').
1467 2315 1588 2355 animi
1634 2315 1942 2368 magnitudinem
1987 2329 2048 2355 res

1176 2399 1180 2403 -
1209 2368 1330 2410 exiles
1361 2370 1436 2410 etsi
1472 2383 1554 2410 non
1585 2370 1784 2422 frangunt,
1812 2376 1943 2409 tamen
1974 2369 2049 2410 im·

1209 2424 1392 2466 minuunt
1435 2423 1835 2486 (magnanimitatem)
1877 2422 1984 2470 xviii,
2022 2429 2048 2464 5

1174 2506 1180 2512 .
1209 2478 1350 2517 animo
1375 2478 1518 2517 bellare
1550 2491 1640 2517 eum
1671 2477 1803 2529 aliquo
1834 2477 2047 2530 (consiliis,

1175 2556 1177 2559 -
1211 2531 1308 2570 alios
1339 2532 1428 2569 adV.
1447 2544 1536 2570 eum
1556 2531 1807 2577 concitando,
1835 2536 1877 2569 et
1895 2531 1945 2570 ad
1965 2531 2049 2569 bel-

1211 2584 1293 2623 lum
1325 2585 1362 2624 ei
1395 2584 1506 2624 infer.
1537 2583 1777 2636 instigando,
1806 2596 1896 2622 cum
1928 2597 2047 2636 opere

1210 2644 1329 2690 atque
1360 2651 1491 2685 manu,
1520 2638 1669 2699 quippe
1696 2638 1803 2689 opib.
1822 2637 2049 2685 destitutus,

1208 2705 1290 2730 non
1319 2691 1466 2755 possis)
1494 2691 1602 2738 xxiii,
1623 2696 1645 2733 l
1674 2690 1766 2732 Sic.
1794 2691 1925 2730 animo
1945 2705 2046 2744 pug-

1209 2758 1303 2785 nare
1321 2746 1443 2798 magis
1459 2758 1577 2798 quam
1594 2758 1755 2798 corpore
1783 2744 1892 2792 xviii,
1909 2749 1936 2787 4
1963 2746 2048 2784 ani·

1210 2812 1274 2861 mo
1301 2801 1511 2839 meditatur
1535 2796 1728 2852 proficisci
1742 2805 1785 2839 et
1801 2812 1930 2852 regem
1949 2800 2048 2838 ado-

1209 2852 1273 2893 riri
1301 2852 1394 2902 xvii,
1405 2858 1432 2895 4
1461 2853 1702 2908 (Utrobique
1715 2852 1868 2893 videtur
1879 2854 2047 2893 subaud.

1210 2920 1377 2985 praepos.
1412 2908 1483 2946 in:
1522 2908 1720 2960 quomodo
1755 2907 1913 2947 Terent.
1949 2907 2050 2946 dixit

1211 2961 1282 3001 ι1ιι
1314 2961 1442 3001 animo
1475 2961 1675 3014 cogitaress
1703 2966 1746 3001 et
1775 2961 1975 3001 Barnabas
2002 2962 2048 3001 ἐν

1211 3016 1349 3069 καρδίᾳ
1382 3018 1568 3078 μελετᾷν.
1622 3014 1730 3055 Alibi
1767 3015 1949 3055 Terentio
1986 3020 2048 3054 est

1211 3076 1374 3110 ‘secum
1390 3068 1596 3110 meditari?
1614 3070 1696 3108 vid.
1709 3069 1864 3109 Buchn.
1877 3069 1993 3107 Thes.
2009 3082 2048 3107 v.

1210 3126 1389 3169 meditor,
1405 3131 1446 3164 et
1463 3125 1514 3163 de
1532 3130 1717 3163 comrnut.
1736 3129 1807 3160 rat.
1825 3121 1903 3161 dic.
1931 3122 1961 3167 i,
1976 3126 2046 3170 21,

1209 3178 1272 3238 7).
1301 3179 1430 3217 animo
1446 3177 1522 3217 isto
1536 3190 1621 3216 esse
1633 3175 1695 3229 (id
1711 3175 1861 3214 consilii
1882 3175 2045 3230 babere)

1211 3230 1320 3278 xviii,
1347 3234 1396 3271 11
1427 3231 1488 3291 (v.
1506 3230 1639 3292 Esse).
1670 3229 1811 3268 eodem
1839 3242 1925 3269 esse
1953 3242 2049 3293 erga

1211 3284 1319 3337 (scil.
1338 3280 1490 3336 1ιο3ι111)
1518 3283 1625 3328 xxiii,
1647 3286 1698 3322 lo
1725 3294 1866 3335 magno
1878 3295 1963 3323 3333
1990 3284 2046 3331 xi,

1211 3342 1236 3378 3
1267 3337 1434 3376 maximo
1460 3350 1544 3376 esse
1571 3334 1894 3389 (μεγαλόψυχον)
1923 3351 1987 3384 xv,
2018 3342 2044 3378 3

1212 3403 1439 3443 oppugnare
1469 3390 1674 3453 imperium
1698 3390 1857 3443 aliquod
1877 3390 2047 3444 (fiducia

1212 3452 1254 3484 et
1290 3443 1512 3485 constantia
1546 3443 1670 3496 max.)
1697 3458 1736 3492 x,
1769 3450 1793 3485 6
1837 3444 1974 3484 fidenti
2003 3450 2046 3483 et

1213 3498 1354 3539 infesto
1385 3498 1546 3541 efficere
1555 3504 1598 3539 ιιι
1626 3497 1718 3547 xxii,
1736 3501 1762 3539 3
1790 3497 1920 3539 animo
1940 3499 2043 3537 bono
