2306 3900
689 245 910 286 RERUM
957 245 1032 284 ΕΤ
1074 244 1370 285 VERBORU
1382 246 1442 284 M.

214 367 295 408 vita
317 368 441 422 (tota)
469 369 571 417 xxiv,
593 374 613 411 l
658 377 848 423 perpetua
865 372 1050 411 naturalis

219 423 375 462 bonitas
393 426 504 477 (quae
523 424 640 463 nullis
657 424 813 464 casibus
832 438 961 478 neque
980 439 1049 465 au-

217 481 342 527 getur,
363 490 492 530 neque
513 476 716 530 minuitur)
745 491 832 524 xxV,
851 483 877 520 9
905 492 1046 531 perpe-

217 535 328 568 tuum
346 531 549 583 imperium
578 531 605 577 i,
626 535 665 571 3.
693 530 771 577 xxi,
791 534 817 571 2

162 580 363 634 Perpetuo
379 584 585 646 imperium
604 583 780 624 obtinere
807 584 835 631 i,
851 587 878 624 2
906 597 1047 637 perpe-

217 642 286 675 tuo
315 650 339 676 a
371 637 550 690 majorib.
585 643 790 690 acceptam
826 644 1046 690 equestrem

218 690 393 730 obtinere
411 690 641 744 dignitatem
669 705 760 737 xxv,
782 695 803 732 1

164 742 446 794 Perpudescit:
480 746 639 797 quando
673 745 935 796 perpudescet
954 745 1044 783 mis-

215 796 342 836 cenda
359 803 478 850 atque
506 798 771 852 perturbanda
797 799 963 852 republ„
982 797 1045 837 Fr.

161 900 291 942 Persae
301 902 379 943 fusi
405 903 433 950 i,
450 909 474 944 5
515 903 719 944 venatibus
737 911 778 944 et
796 905 956 944 luxuriae
974 905 1042 944 de·

215 956 288 995 diti
315 957 384 1004 vii,
405 961 454 999 ll
502 958 704 997 Persarum
724 958 940 998 dominatio
970 958 997 1005 i,
1018 962 1042 999 3

216 1009 420 1050 Persarum
439 1025 555 1050 nemo
575 1012 642 1050 illo
659 1011 737 1050 fuit
764 1025 878 1051 manu
909 1012 1044 1052 fortior

214 1063 290 1113 (de
307 1062 519 1104 Artaxerxe
537 1065 804 1117 Longimano)
831 1065 911 1113 xxi,
931 1070 950 1106 l
1002 1065 1043 1103 in

215 1116 355 1158 Persas
387 1119 598 1171 proticisci,
626 1119 666 1157 in
703 1118 874 1158 Persiam
903 1119 1042 1172 (gente

215 1182 270 1209 sc.
290 1183 360 1222 pro
377 1171 538 1224 regione
553 1173 694 1225 posita.
709 1172 790 1212 vid.
804 1172 936 1226 Gens)
965 1172 1042 1220 xvi,

215 1226 256 1263 4.
285 1225 382 1272 xvii,
401 1229 427 1266 4

164 1276 292 1318 Persis
319 1278 362 1325 ii,
386 1282 438 1319 10
466 1279 638 1318 Persidis
656 1279 764 1333 regio
792 1280 899 1325 xviii,
917 1284 944 1320 8

161 1328 382 1384 Perscripta
400 1332 518 1372 alicui
535 1333 688 1373 mittere
707 1333 838 1385 aliqua
867 1334 944 1380 xiV,
961 1339 986 1375 5

161 1383 347 1437 Persequi
365 1385 430 1439 (in
447 1386 612 1438 signific.
626 1386 811 1439 hostilit.)
830 1402 839 1426 :
861 1389 1040 1440 persequi

213 1436 383 1491 aliquem
411 1438 564 1492 (conari
590 1452 613 1478 e
632 1441 763 1479 medio
788 1441 945 1491 tollere)
974 1442 1040 1488 vii,

214 1494 267 1532 10
307 1493 477 1545 aliquem
495 1492 599 1532 bello
627 1493 655 1540 i,
673 1497 714 1534 7.
754 1493 808 1540 ix,
826 1497 868 1535 4.
904 1494 981 1541 xiV,
1000 1499 1041 1535 2.

212 1545 289 1592 xvi,
308 1550 333 1587 5
372 1548 523 1586 hostem
541 1545 655 1587 annis
683 1547 777 1595 xxii,
797 1550 818 1587 1
861 1549 1042 1601 persequi

212 1597 321 1651 (pro,
337 1613 500 1647 narrare,
515 1599 833 1653 commemorare)
860 1603 1041 1654 persequi

213 1653 327 1703 plura
343 1655 572 1706 magnitudo
601 1654 809 1694 voluminis
842 1655 1040 1706 probibet,

212 1706 330 1747 Praef.
367 1708 546 1761 persequi
565 1708 696 1748 omnia
714 1714 755 1748 et
766 1721 846 1747 non
862 1721 1040 1748 necessa-

211 1760 269 1799 ria
296 1775 387 1810 xxv,
407 1766 457 1802 11
504 1761 654 1814 reliqua
682 1761 787 1801 bella
814 1762 900 1814 pari
918 1764 1037 1802 modo

212 1813 262 1866 (i.
292 1828 329 1854 e.
362 1828 475 1868 eque
505 1815 762 1868 capitulatim,
792 1823 911 1868 atque
941 1815 1040 1869 &c.)

211 1870 391 1922 persequi
417 1869 521 1917 xxiv,
540 1873 564 1910 3
612 1869 664 1908 de
691 1870 772 1908 vita
799 1875 842 1910 et
867 1871 1039 1910 moribus

212 1921 379 1975 alicujus
414 1924 526 1976 plura
561 1923 756 1976 persequi,
793 1923 893 1962 ibid.
949 1924 1039 1978 (Sic

213 1973 300 2016 Cic.
322 1977 437 2017 Offic.
466 1981 492 2018 2
526 1977 865 2018 ‘commodissime
883 1990 950 2017 eas
979 1991 1040 2018 res

212 2036 438 2080 persecutus
464 2037 524 2070 est
548 2031 802 2083 Xenophon.’
848 2030 950 2071 Ead-
979 2045 1040 2071 ra-

210 2082 319 2123 tione
355 2085 523 2138 simplici
553 2090 566 2109 ‘
580 2085 712 2137 sequi’
748 2098 839 2125 usos
876 2091 1038 2135 veteres,

211 2135 330 2177 docet
347 2137 502 2178 Buchn.
521 2138 563 2177 in
579 2137 719 2190 Thes.)

158 2187 410 2231 Perseverate
442 2192 514 2244 (de
550 2191 772 2231 constantia
802 2191 1040 2232 conficiendi

211 2242 325 2295 belli)
353 2245 430 2291 xiv,
464 2249 491 2294 2
539 2257 742 2298 persevero
772 2244 917 2285 bellare
944 2245 986 2292 ii,
1013 2250 1037 2287 5

210 2308 262 2336 ne
278 2297 382 2337 sinat
396 2298 566 2351 Jupiter,
580 2306 619 2340 te
636 2312 686 2339 ea
702 2312 963 2357 perseverare,
975 2299 1038 2339 Fr.

156 2403 354 2444 Persona:
396 2405 507 2446 abest
529 2405 576 2446 id
608 2419 631 2445 a
661 2406 847 2459 principis
875 2419 1040 2458 persona

209 2457 313 2511 (non
330 2459 446 2499 decet
463 2459 700 2511 principem)
728 2473 792 2506 xv,
814 2465 833 2500 l
867 2460 1040 2511 personis

210 2524 446 2551 summorum
463 2512 630 2551 virorum
653 2525 732 2551 non
758 2513 853 2551 satis
877 2514 1039 2564 dignum

209 2564 458 2618 (conditione
493 2571 535 2605 et
577 2565 665 2606 loco
711 2566 882 2618 eorum),
921 2567 1038 2606 Praef.

210 2630 377 2670 persona
417 2618 717 2672 (significanter,
751 2632 822 2671 pro
851 2619 948 2667 viro,
974 2621 1037 2660 cui

209 2673 562 2713 administrationes
594 2673 761 2727 publioae
794 2672 1035 2726 innituntur)

207 2726 288 2773 xvi,
304 2730 332 2767 4
377 2725 525 2780 (sumta
542 2733 602 2768 est
620 2729 793 2780 metaph.
812 2741 835 2766 a
862 2728 1036 2780 personis

208 2781 373 2820 scenicis
392 2794 429 2819 v.
459 2781 614 2820 Buchn.
642 2781 760 2821 Thes.
801 2780 866 2820 Sic
898 2781 1036 2822 Cicero

208 2834 323 2874 acad.
339 2840 478 2887 quoest.
505 2839 532 2876 2
560 2839 572 2858 ⁸
588 2835 655 2887 qui
675 2835 915 2875 sermonibus
932 2834 1038 2888 ejus—

207 2887 316 2958 modi
333 2887 482 2951 polunt
506 2895 787 2952 personas-tam
806 2902 942 2942 graves
960 2889 1036 2929 illi-

155 2949 509 3057 Peffldg.rg.(tea³
521 2942 806 3049 iffadginiiirrigiii
824 2996 1034 3044 adducere,

209 3060 291 3087 sive
323 3049 450 3088 verbis
477 3050 519 3089 id
552 3050 633 3098 fiat,
666 3050 747 3090 sive
778 3049 906 3089 factis.
960 3049 1037 3089 Illa

209 3101 441 3154 significatio
465 3113 526 3142 est
543 3103 585 3142 in
603 3103 881 3156 sequentibus)
899 3118 909 3143 ε
938 3102 979 3142 id
999 3105 1037 3143 ei

211 3155 403 3208 persuasit
428 3155 472 3202 ii,
490 3161 514 3197 6
545 3156 736 3209 persuasit
752 3157 957 3198 consilium
977 3170 1037 3196 es-

208 3222 250 3249 se
286 3208 499 3260 Apollinis,
530 3216 575 3248 ut
603 3210 645 3249 in
684 3223 803 3250 naves
837 3210 912 3250 διο.
940 3211 984 3256 ii,
1011 3215 1036 3251 2

209 3262 400 3315 persuasit
435 3263 470 3301 ei
503 3262 620 3302 finem
652 3263 781 3302 facere
815 3262 1038 3316 tyrannidis

205 3316 307 3369 (quo
326 3315 493 3368 faceret)
521 3330 560 3362 x,
581 3319 605 3355 3
635 3322 680 3354 nt
698 3315 852 3356 militib.
878 3327 1036 3368 persua-

208 3370 334 3417 deret,
353 3383 394 3410 se
414 3369 608 3421 proficisci
625 3368 752 3423 (quod
774 3367 1037 3421 proficiscere-

209 3422 291 3474 tur)
319 3423 425 3470 xviii,
445 3427 470 3463 Β
519 3422 650 3462 multis
668 3423 817 3476 magnis
842 3421 1038 3474 pollicita·

208 3475 379 3515 tionibus
403 3476 440 3517 ei
459 3477 687 3530 persuadere
714 3476 879 3523 studuit,
901 3482 946 3515 ut
963 3475 1038 3516 διε.

1895 231 1991 286 oxi

1168 370 1316 416 xviii,2
1366 369 1487 419 (Haec
1516 369 1556 407 in
1587 366 1715 418 istis):
1767 380 1992 418 persuasum

1167 430 1249 463 erat
1267 423 1414 475 populo
1434 422 1622 463 accidisse
1640 421 1715 460 διε.
1747 421 1815 467 vii,
1833 426 1861 463 6
1906 423 1991 462 haec

1166 477 1234 516 diu
1254 477 1437 516 faciendo
1463 475 1655 528 persuasit
1686 474 1832 513 homini
1857 489 1988 516 susce·

1164 531 1268 581 pisse
1285 542 1327 569 se
1344 530 1418 569 ὅτε.
1445 529 1526 576 xiv,
1542 532 1594 569 10

1111 582 1325 623 Pertaesum
1338 589 1399 623 est
1414 595 1506 623 eum
1523 581 1696 634 suscepti
1713 581 1863 635 negotii
1902 597 1993 631 xxv,

1109 688 1317 729 Perterreri
1336 689 1473 729 timore
1501 703 1541 735 x,
1561 692 1588 729 8

1108 742 1400 790 Ροῐῑὶωεεοοτε,
1433 757 1485 783 ne
1510 742 1586 782 διο.
1627 741 1695 790 vii,
1715 746 1738 782 5
1785 743 1838 782 de
1868 743 1991 785 salute

1160 809 1225 843 xv,
1242 800 1268 837 7

1108 849 1330 889 Pertinacia
1353 848 1455 903 (non
1482 848 1701 889 recedentis
1719 862 1775 889 sc.
1794 863 1817 889 a
1835 857 1994 891 senten-

1162 904 1218 943 tia
1268 904 1360 950 xxii,
1379 907 1406 943 2

1107 903 1329 996 Pertiriere:
1358 955 1528 1008 pertinet
1542 956 1593 994 ad
1611 955 1888 1008 rempublicam
1913 955 1992 1010 (re-

1160 1011 1289 1062 spicit,
1308 1009 1488 1062 refertur)
1516 1009 1585 1055 vii,
1602 1013 1627 1049 8
1670 1010 1720 1048 ad
1748 1009 1990 1062 religionem,

1159 1065 1210 1103 ad
1225 1063 1535 1115 conjurationem
1550 1062 1738 1115 (signific.
1756 1063 1883 1103 finalis
1898 1078 1991 1104 cau-

1158 1118 1234 1170 sae)
1263 1117 1329 1164 vii,
1349 1121 1374 1158 3
1421 1118 1473 1156 ad
1490 1118 1707 1156 sanandum
1733 1131 1795 1156 me
1823 1131 1912 1164 xxv,
1932 1123 1985 1160 21

1157 1173 1208 1211 ad
1229 1184 1340 1211 usum
1367 1171 1612 1216 athletarum,
1632 1172 1683 1210 ad
1717 1171 1810 1210 belli
1844 1172 1992 1212 utilita-

1159 1231 1236 1264 tem
1264 1239 1329 1271 xv,
1349 1229 1375 1265 2
1413 1225 1463 1263 ad
1482 1237 1563 1264 rem
1581 1224 1853 1264 declarandam
1883 1239 1946 1272 xv,
1967 1231 1991 1267 1

1156 1280 1208 1318 ad
1228 1279 1464 1318 irridendum
1481 1291 1571 1317 eum
1601 1277 1709 1325 xxiii,
1727 1282 1780 1319 11
1829 1292 1918 1332 quae
1940 1281 1991 1320 ad

1159 1333 1302 1373 victum
1317 1332 1512 1384 pertinent
1537 1330 1620 1377 viii,
1639 1335 1665 1372 2

1105 1387 1358 1428 Perturbatus
1387 1395 1438 1433 eo
1471 1385 1583 1424 venit
1608 1384 1664 1431 iv,
1683 1388 1709 1425 4
1738 1389 1848 1423 tanto
1868 1385 1990 1438 magis

1159 1440 1402 1492 perturbatus
1421 1451 1528 1477 orare
1547 1438 1682 1490 coepit,
1701 1437 1798 1477 ibid.
1840 1445 1992 1490 pertur-

1159 1493 1250 1532 bata
1266 1497 1327 1532 est
1344 1492 1480 1532 civitas
1499 1491 1668 1531 tumultu
1685 1491 1867 1532 Cinnano
1902 1506 1992 1540 xxv,

1157 1550 1184 1586 2
1224 1546 1399 1598 plerique
1428 1558 1563 1586 omnes
1593 1546 1805 1598 perturbati
1823 1546 1990 1586 admira-

1157 1601 1299 1639 bantur
1323 1599 1431 1646 xviii,
1448 1603 1500 1640 12

1103 1653 1270 1693 Pervehi
1316 1653 1358 1692 in
1394 1653 1550 1692 Italiam
1593 1652 1663 1701 vii,
1695 1655 1723 1694 4
1784 1659 1989 1706 pervectus

1158 1706 1292 1747 Gades
1314 1721 1357 1747 us
1388 1721 1451 1753 ue,
1470 1706 1532 1745 Fr.
1548 1709 1573 1747 7

1106 1760 1310 1800 Pervenire
1334 1720 1386 1800 ag
1405 1760 1663 1814 principatum
1709 1772 1748 1806 v,
1769 1763 1795 1800 2
1849 1759 1900 1798 ad
1919 1760 1991 1800 de-

1157 1814 1415 1867 sperationem
1445 1813 1538 1860 xxii,
1557 1817 1583 1854 2
1611 1813 1663 1852 ad
1680 1812 1989 1853 incolumitatem

1158 1882 1246 1915 xxv,
1270 1872 1320 1908 10
1359 1869 1403 1907 in
1434 1867 1644 1908 amicitiam
1663 1866 1830 1920 alicujus
1877 1867 1944 1915 vii,
1964 1872 1989 1908 5

1154 1921 1195 1961 in
1215 1922 1440 1962 affinitatem
1459 1920 1626 1974 alicujus
1667 1935 1756 1967 xxv,
1774 1926 1828 1962 19
1869 1921 1915 1960 iu
1931 1921 1990 1960 fa·

1155 1976 1412 2016 miliaritatem
1425 1975 1601 2015 intimam
1627 1975 1734 2022 xviii,
1747 1978 1767 2015 1
1797 1975 1839 2013 in
1854 1975 1990 2015 odium

1155 2029 1323 2082 alicujus
1362 2030 1415 2077 vi,
1449 2034 1486 2070 1.
1506 2029 1584 2076 xix,
1604 2032 1631 2068 2
1658 2028 1699 2068 in
1718 2035 1846 2067 tutum
1873 2027 1942 2075 xii,
1960 2030 1988 2069 4

1155 2084 1196 2123 in
1223 2083 1386 2123 tutelam
1405 2097 1514 2123 suam
1541 2081 1651 2129 xviii,
1671 2086 1697 2123 2
1727 2082 1785 2135 (v.
1811 2081 1992 2133 Tutela).

1157 2138 1334 2189 pervenit
1370 2137 1422 2177 ad
1449 2137 1560 2176 illum
1586 2136 1671 2175 haec
1706 2136 1874 2187 pecunia
1908 2135 1994 2190 (illi

1155 2191 1249 2230 data
1279 2191 1361 2242 est)
1403 2205 1468 2238 κν,
1494 2193 1520 2231 4
1564 2189 1740 2242 pervenit
1775 2190 1826 2228 ad
1858 2203 1990 2242 regem

1157 2244 1244 2297 ejus
1262 2245 1356 2284 facti
1374 2245 1478 2284 fama
1505 2243 1583 2290 xiv,
1599 2246 1624 2283 8
1653 2243 1705 2282 de
1722 2256 1763 2283 re
1782 2243 1883 2283 male
1903 2256 1991 2295 ges-

1157 2304 1198 2337 ta
1222 2298 1328 2337 fama
1344 2300 1395 2338 ad
1414 2298 1502 2338 illos
1527 2296 1703 2350 pervenit
1728 2297 1807 2342 xiv,
1834 2300 1862 2338 6
1903 2309 1991 2349 per-

1155 2352 1265 2391 venit
1296 2352 1348 2391 ad
1377 2365 1490 2392 aures
1519 2351 1830 2403 magistratuum,
1858 2350 1993 2390 exules

1156 2406 1198 2444 in
1225 2406 1359 2445 urbem
1385 2404 1591 2446 devenisse
1628 2403 1706 2451 xvi,
1726 2407 1751 2444 3
1779 2403 1874 2443 Sic:
1904 2417 1991 2456 per-

1155 2465 1347 2499 venerunt
1375 2458 1462 2511 ejus
1491 2456 1656 2498 consilia
1682 2457 1734 2495 ad
1752 2457 1861 2509 >regis
1877 2470 1990 2496 aures

1155 2512 1184 2558 i,
1204 2515 1229 2552 8
1270 2511 1383 2565 (vide
1414 2513 1465 2552 de
1482 2513 1558 2551 hac
1578 2516 1773 2562 postrema
1790 2510 1992 2551 locutione

1156 2566 1218 2606 Cl.
1238 2565 1452 2606 vor-tium.
1465 2565 1533 2606 lib.
1548 2565 1600 2604 de
1615 2563 1757 2604 latinit.
1768 2563 1868 2603 salso
1882 2577 1991 2618 susp.

1154 2633 1200 2659 ca
1231 2647 1243 2659 .
1264 2623 1314 2661 13

1101 2619 1339 2714 Pervgrtere)
1368 2672 1565 2713 civitatem
1601 2670 1829 2725 (evertere)
1875 2670 1930 2719 vi,
1963 2675 1990 2712 2

1154 2740 1279 2766 mores
1294 2732 1467 2768 vetustos
1482 2723 1769 2779 (corrumpere)
1796 2725 1890 2772 xxii,
1909 2728 1935 2766 3

1100 2781 1336 2833 Pervulgata
1353 2787 1446 2820 sunt
1462 2780 1624 2819 nomina
1647 2792 1783 2819 eorum
1807 2779 1990 2832 (publice

1152 2842 1195 2875 et
1207 2835 1326 2888 vulgo
1343 2841 1438 2874 nota
1455 2832 1748 2885 celebrataque)
1774 2846 1842 2880 xv,
1860 2835 1887 2873 2

1099 2887 1238 2929 Petere
1257 2889 1407 2928 aditum
1425 2887 1687 2928 conveniendi
1714 2887 1770 2934 iv,
1785 2890 1811 2927 3
1853 2886 1990 2926 amici-

1152 2942 1247 2982 tiam
1264 2941 1432 2994 alicujus
1458 2942 1545 2989 iia
1573 2940 1758 2980 auxilium
1786 2941 1988 2992 abaliquo

1154 2995 1183 3042 i,
1204 2999 1229 3037 4
1277 2995 1421 3036 auxilia
1443 2996 1492 3035 ab
1520 2995 1653 3047 aliquo
1681 2993 1774 3041 xxii,
1793 2997 1820 3035 2
1866 2994 1991 3033 collo-

1152 3051 1287 3102 quium
1322 3047 1488 3102 alicujus
1529 3048 1608 3095 xiv,
1625 3051 1676 3089 10
1723 3048 1894 3099 aliquem
1913 3047 1989 3086 du-

1151 3117 1237 3143 cem
1267 3103 1362 3150 xi,2
1391 3104 1556 3143 honores
1584 3115 1675 3149 xxv,
1696 3104 1723 3141 6
1750 3113 1887 3152 pacem
1917 3100 1987 3147 vii,

1153 3162 1176 3196 5
1226 3157 1454 3196 societatem
1487 3154 1655 3206 alicujus
1690 3152 1984 3205 demigrationis

1152 3210 1181 3255 i,
1201 3213 1218 3249 l
1242 3216 1375 3262 petere
1393 3210 1558 3248 salutem
1573 3209 1668 3260 fuga
1681 3206 1875 3260 (quarrere
1889 3205 1988 3260 sibi)

1153 3261 1262 3310 xxiii,
1284 3266 1332 3304 11
1370 3268 1504 3314 petere
1522 3267 1662 3307 castra,
1680 3272 1799 3300 naves
1818 3259 1883 3314 (in
1901 3272 1987 3301 eas-

1152 3322 1212 3354 tra
1229 3328 1272 3356 se
1302 3315 1478 3356 conferre
1515 3313 1613 3367 διο.)
1654 3313 1683 3360 i,
1710 3319 1736 3355 5
1783 3314 1986 3367 regionem

1153 3369 1261 3416 xxiii,
1278 3370 1306 3408 4
1396 3368 1424 3407 ti
1453 3367 1531 3422 (sc.
1550 3367 1677 3421 bello)
1693 3381 1703 3406 ε
1722 3366 1984 3408 Athenienses

1153 3421 1236 3474 peti
1251 3381 1482 3462 dioeffiutur
1499 3421 1544 3469 ii,
1558 3424 1585 3462 2
1611 3421 1698 3462 Sic:
1714 3421 1795 3475 peti
1809 3435 1851 3461 se
1864 3422 1984 3461 sensit

1153 3475 1248 3530 (sibi
1269 3477 1393 3529 parari
1412 3476 1488 3518 hoc
1507 3475 1669 3516 exitium
1686 3474 1784 3527 διο.)
1812 3474 1917 3521 xxiii,
1932 3477 1983 3514 12
