2306 3900
294 235 553 292 cxxxviii

349 375 450 415 ciam
469 373 554 414 scil.
575 385 662 414 suas
681 372 813 415 clades
830 373 872 415 in
890 373 1028 418 Persas
1053 377 1180 418 vindi·

349 441 437 470 care
451 427 648 482 potuisse)
676 429 808 476 xvii‚6
838 429 920 482 (sic
933 430 1021 472 Ter.
1034 431 1182 472 Heaut.

347 483 379 531 i,
394 487 498 530 1,86
526 487 538 506 ‘
558 481 617 521 illi
631 483 682 523 de
696 496 759 523 me
773 484 1012 537 supplicium
1025 485 1181 540 dabo').

348 538 402 576 ad
434 535 670 589 supplicium
697 536 872 590 aliquem
893 539 1013 579 alicui
1031 541 1182 580 tradere

347 590 429 636 xix,
444 593 471 631 4
500 590 551 630 ad
575 590 812 644 supplicium
839 593 922 632 dati
950 592 1182 647 (facinorosi

347 643 487 684 ultimo
506 644 703 698 supplicio
722 644 878 699 affecti)
907 647 962 695 iv,
982 651 1007 688 5

293 696 535 751 Supportari
539 698 662 754 jussit
677 698 757 739 illis
775 699 910 740 omnia
934 713 1026 748 xxV.
1045 704 1106 744 11.

294 750 527 804 Suppositus
559 751 650 806 (qui
677 752 764 794 loco
784 759 825 794 et
841 754 977 795 habitu
996 754 1108 795 ducis
1126 754 1181 796 ire

343 804 501 859 jussus)
528 806 608 854 xiv,
627 810 655 848 9

293 858 544 912 Supprimere
580 860 743 901 classem
812 861 1015 910 sustinere,
1061 861 1181 915 repri-

348 925 468 962 mere,
487 911 646 964 ἐπέχειν
663 914 801 955 Lamb.
852 915 936 962 xiii,
954 918 980 957 8

294 967 444 1019 Supra:
486 967 671 1020 poemata
712 969 769 1009 sic
806 968 1099 1021 pronuntiabat,
1140 976 1183 1011 ut

349 1033 467 1073 supra
483 1021 580 1063 nihil
597 1028 732 1074 posset
747 1022 844 1063 addi
869 1036 961 1072 xxv,
980 1027 1008 1064 4

295 1074 508 1127 Supremus
541 1075 627 1116 dies
654 1075 684 1124 i,
702 1080 744 1117 ’1.
771 1077 840 1125 vii,
860 1081 926 1121 10.
954 1091 994 1125 x,
1012 1080 1039 1118 2
1078 1077 1127 1130 (i.
1146 1091 1183 1118 e.

349 1135 559 1176 extremus,
592 1130 766 1178 ultimus,
797 1130 999 1172 subintell.
1027 1136 1040 1155 ⁴
1061 1131 1182 1171 vitae.'

346 1181 506 1236 Integre
526 1183 612 1224 Cic.
633 1184 724 1226 Cat.
742 1183 836 1237 maj.
864 1190 877 1210 ‘
897 1198 986 1239 quae
1005 1185 1183 1226 Socrates

349 1249 530 1288 supremo
566 1237 656 1277 vitae
690 1238 962 1279 disseruisset)
991 1239 1056 1280 Sic
1086 1244 1097 1262 ‘
1118 1252 1182 1278 su-

348 1290 474 1342 premi
510 1291 705 1340 honores,'
756 1298 769 1316 ⁴
809 1306 989 1345 suprema
1025 1292 1182 1339 officia,’

350 1349 363 1366 ‘
396 1344 621 1398 supplicia‚'
667 1351 709 1385 et
738 1345 780 1386 in
818 1346 902 1386 LL.
939 1360 1022 1388 xrr.
1057 1346 1182 1386 Tabb.

349 1402 362 1420 ⁸
381 1397 448 1438 Sol
474 1412 634 1439 occasus
665 1413 846 1452 suprema
874 1400 1112 1453 tempestas!
1141 1415 1181 1440 v.

350 1450 512 1493 Festum
530 1452 574 1492 in
601 1458 614 1477 ‘
634 1453 894 1506 supremum')

294 1503 499 1558 Suscipere
525 1506 672 1546 bellurn
695 1507 880 1546 adversus
906 1506 1076 1560 aliquem
1103 1506 1183 1555 xiv,

349 1563 376 1600 8
403 1561 446 1599 in
476 1561 726 1613 suscipiendo
755 1560 862 1601 bello
894 1573 1030 1614 parere
1056 1562 1184 1601 consi-

348 1613 412 1653 liis
442 1613 610 1666 alicujus
635 1613 744 1661 xxiii,
764 1617 791 1655 8
829 1615 949 1668 (opp.
967 1615 1010 1653 in
1028 1615 1183 1667 agendo

348 1667 468 1715 bello,
486 1667 584 1708 ibid.
624 1668 752 1709 Paulo
771 1668 941 1709 strictius
959 1668 1010 1708 de
1039 1673 1050 1692 ⁸
1070 1667 1184 1708 initio

347 1721 465 1767 belli',
488 1721 646 1770 dicitur,
674 1721 776 1763 sicut
798 1727 814 1775 Ι·
842 1721 969 1775 agere’
999 1722 1052 1762 de
1079 1727 1093 1745 “
1113 1722 1185 1762 ad·

348 1775 555 1816 ministrat.
586 1775 692 1816 belli'
720 1775 897 1824 xxiii,'8.
941 1775 1039 1816 Tale
1066 1776 1186 1816 etiam

349 1835 409 1868 est
424 1829 458 1882 z)
485 1830 593 1884 quod
623 1836 848 1883 susceperat
873 1828 1034 1878 bellum,
1067 1830 1187 1883 gessit

348 1896 414 1931 xv,
432 1887 459 1925 7
501 1884 699 1938 suscipere
729 1884 954 1927 inimicitias
987 1897 1079 1925 cum
1112 1884 1184 1924 ali-

347 1950 428 1990 quo
457 1936 536 1986 xiv,
556 1942 608 1979 1⁰
646 1937 874 1992 reipublicae
910 1951 1029 1978 causa
1063 1939 1185 1982 susci-

347 2004 443 2044 pere
469 1990 693 2032 inimicitias
721 1992 827 2040 xxiv,
845 1995 872 2034 2
899 1992 1048 2046 (Tacit.
1075 1992 1187 2034 Ann-

347 2045 407 2093 iii,
424 2048 497 2098 54,
516 2049 569 2088 10
596 2051 610 2070 ‘
629 2045 867 2087 offensiones
887 2059 1022 2100 graves
1039 2053 1081 2088 et
1099 2046 1185 2099 ple·

349 2112 514 2152 rumque
549 2100 704 2153 iniquas
741 2114 813 2154 pro
848 2100 1028 2155 Republ.
1062 2101 1185 2142 susci·

346 2154 493 2206 pere’).
539 2155 660 2195 satius
683 2155 885 2195 ducebant
902 2155 1092 2208 susceptis
1110 2155 1186 2195 ini-

313 2236 315 2239 ·
348 2207 506 2249 micitiis
523 2221 591 2250 eos
606 2209 777 2251 obsideri
792 2222 910 2262 quam
926 2209 1080 2250 liberari
1105 2210 1187 2256 xvi,

350 2266 376 2303 1
403 2262 603 2315 suscipere
621 2263 861 2316 legationem
889 2263 954 2317 (in
981 2276 1023 2303 se
1043 2263 1186 2316 recip.)

349 2315 394 2364 ii,
413 2319 441 2356 6
479 2316 682 2369 negotium
709 2330 800 2365 παν,
829 2321 880 2359 15
923 2317 1067 2357 odium·
1095 2330 1187 2369 erga

350 2368 522 2421 aliquem
562 2370 643 2416 xiv,
670 2374 722 2410 10
765 2371 808 2409 in
845 2369 1014 2423 aliquem
1050 2370 1131 2418 xiv,
1159 2374 1187 2411 9

351 2422 524 2475 aliquem
559 2423 888 2475 corrumpendum
924 2423 1095 2475 pecunia
1120 2436 1187 2471 xv,

312 2510 315 2513 .
348 2480 377 2517 4
406 2476 527 2529 paulo
556 2482 676 2516 ante:
705 2482 856 2518 tentare
880 2475 1048 2528 alicujus
1066 2476 1188 2517 absti-

351 2530 541 2578 nentiam,
559 2530 658 2571 ibid.
695 2531 890 2584 suscipere
908 2530 1079 2583 legatum
1097 2530 1187 2584 (ex-

351 2585 482 2637 cipere
519 2597 609 2624 cum
646 2584 778 2632 studio
810 2583 1058 2638 affectuque)
1096 2599 1135 2632 x,
1163 2589 1185 2626 l

351 2638 548 2690 suscipere
581 2644 673 2678 vota
699 2637 755 2687 vi,
774 2642 799 2680 3
843 2638 967 2692 (inter
998 2638 1187 2679 solennia.

349 2692 442 2733 vide
461 2692 638 2733 Brisson.
656 2692 812 2733 formul.
835 2694 882 2746 1)

298 2746 482 2799 Suspicio
503 2759 550 2786 ex
571 2747 679 2787 fumo
695 2753 906 2788 castrorum
925 2747 1044 2787 allata
1061 2752 1122 2788 est
1138 2747 1189 2787 ad

350 2800 568 2842 Eumenem
580 2801 732 2841 hostem
746 2801 1062 2856 appropinquare
1076 2799 1190 2848 xviii,

353 2859 380 2895 9
408 2854 590 2895 adulterii
618 2854 883 2908 suspicionem
909 2856 1053 2895 habere
1081 2855 1188 2908 (sus-

354 2915 515 2961 pectum
534 2921 620 2950 esse
638 2910 691 2949 de
710 2907 842 2963 adul.)
870 2922 935 2956 ιν,
947 2913 972 2950 5
1002 2922 1053 2950 ne
1071 2921 1190 2962 quam

353 2963 617 3014 suspicionem
631 2959 793 3015 'pareret
820 2963 901 3011 xiv,
923 2967 971 3005 11
1002 2975 1053 3004 ne
1071 2976 1190 3015 quam

354 3015 616 3069 suspicionem
650 3017 708 3058 illi
741 3017 932 3069 praeberet
961 3015 1190 3057 insidiarum

353 3071 434 3118 xiv,
454 3074 507 3112 10
534 3070 705 3111 hominis
723 3084 805 3111 non
823 3069 1039 3112 beatissimi
1063 3069 1191 3123 suspi-

355 3124 511 3165 cionem
550 3125 723 3178 praebere
762 3125 858 3172 xvii.
892 3128 919 3167 8
964 3124 1193 3165 assimulata

356 3185 570 3219 castrorum
603 3179 892 3219 consuetudine
925 3177 1193 3231 suspicionem

355 3231 539 3283 injiciunt
574 3232 768 3281 hostibus,
805 3244 891 3273 esse
925 3230 1001 3273 διο.
1038 3231 1146 3278 xviii,
1165 3234 1193 3272 9

356 3286 550 3326 adducere
582 3286 752 3340 aliquem
783 3285 901 3327 alicui
928 3285 970 3326 in
1001 3285 1191 3339 suspicio·

357 3351 447 3378 nem
477 3339 584 3387 xxiii,
604 3344 630 3382 2
659 3341 701 3380 in
731 3339 997 3394 suspicionem
1024 3338 1192 3391 alicujus

355 3393 498 3432 cadere
527 3393 776 3446 (suspectum
809 3393 929 3435 alicui
959 3393 1065 3446 fieri)
1092 3395 1145 3441 iv,
1166 3397 1192 3435 2

358 3445 468 3493 venit
504 3446 599 3485 mibi
631 3449 671 3486 in
704 3448 966 3501 suspicionem
999 3449 1076 3487 hoc
1108 3461 1194 3489 esse

357 3499 507 3540 factum
525 3500 580 3547 iv,
592 3503 617 3541 4
638 3500 868 3553 suspicione
881 3501 1083 3553 (Lambin.
1097 3501 1190 3540 mal·

359 3555 436 3595 let:
466 3554 738 3610 suspectione)
761 3561 866 3595 caret
886 3556 962 3611 (de
985 3569 1064 3609 quo
1084 3555 1194 3596 nulla

1112 253 1317 297 INDEX

1299 384 1358 417 est
1392 376 1585 431 suspicio)
1620 378 1674 426 iv,
1702 382 1729 420 3
1771 380 1883 422 salsa,
1904 381 2125 434 suspicione

1298 431 1392 472 duci
1419 445 1459 480 x,
1488 435 1540 474 10
1587 433 1829 486 suspiciones
1861 448 2021 488 quoque
2054 437 2126 476 cri·

1299 484 1447 525 minum
1483 487 1604 527 vitare
1633 501 1723 535 xxv,
1746 493 1773 530 6
1801 489 1856 529 de
1887 488 2001 529 claris
2035 489 2127 530 viris

1299 539 1586 594 suspicionibus
1605 554 1686 581 non
1704 548 1764 582 est
1784 542 2046 596 judicandum
2071 543 2128 590 iv,

1244 645 1438 701 Suspectu
1469 654 1607 691 mutuo
1640 649 1732 703 (qui
1761 649 1901 690 timent
1930 648 2035 691 inter
2060 648 2129 704 se)

1299 715 1340 750 x,
1358 706 1387 743 4

1245 751 1475 808 Suspicere:
1518 757 1624 797 hunc
1668 756 2010 809 Carthaginienses
2045 769 2128 796 sus·

1298 815 1491 911 pexegunt
1518 823 1558 857 x,
1579 813 1602 850 1
1647 810 1758 863 (mox
1779 826 1789 850 z
1818 811 1998 851 admirati
2022 817 2128 857 suut,

1299 862 1396 902 ibid.

1245 915 1502 969 Suspiciendo
1533 915 1619 969 ejus
1649 917 1776 970 pietas
1803 922 1865 958 est
1892 917 2131 971 (probanda,

1300 968 1555 1021 aestimanda)
1582 970 1676 1018 xvii,
1694 975 1722 1012 4

1245 1022 1444 1064 Sustinere
1461 1023 1542 1063 vim
1560 1025 1731 1064 hostium
1754 1024 1868 1071 xxiii,
1889 1029 1941 1066 11
2067 1062 2069 1065 ,

1245 1077 1347 1118 Suus
1365 1078 1587 1131 (eleganter
1601 1085 1822 1131 usurpatur,
1839 1078 1883 1118 in
1900 1077 2021 1132 iuo):
2042 1078 2132 1132 jure

1301 1145 1372 1171 suo
1401 1132 1485 1180 viii,
1505 1136 1527 1173 1
1569 1145 1643 1174 suo
1661 1139 1837 1185 tempore
1869 1132 2046 1186 (serrato
2073 1146 2134 1172 re-

1300 1199 1391 1227 rum.
1417 1185 1577 1240 ordine)
1605 1200 1694 1233 xxV,
1714 1191 1768 1228 18
1794 1199 1893 1227 suus·
1921 1186 1997 1240 (de
2028 1186 2135 1240 filio)

1301 1239 1395 1287 xvii,
1415 1244 1437 1280 1
1466 1239 1534 1280 ille
1552 1240 1614 1279 sui
1627 1239 1773 1293 judicii
1797 1239 1871 1285 &c-
1905 1239 1983 1294 (sc.
2001 1241 2135 1287 homo,

1301 1293 1580 1347 αὖτογνώμων)
1609 1308 1702 1342 xxV,
1721 1298 1774 1335 10
1802 1294 1863 1347 (v.
1886 1293 2044 1348 Judic.)
2072 1295 2138 1341 sui

1300 1346 1802 1444 Sss‘issih‘ii’cff'ffii'ffva
1818 1351 2012 1442 ¹23⁰&
2021 1359 2138 1443 ”3325

1300 1415 1671 1508 redderepanquffie
1682 1431 1787 1549 §sibi
1804 1415 2013 1496 obstrictos
2036 1454 2138 1508 stc.)

1300 1508 1369 1555 vii,
1387 1513 1412 1549 3
1442 1509 1502 1562 (v.
1533 1509 1653 1550 Thes.
1722 1509 1862 1562 uchn.)
1894 1521 1989 1551 suus
2017 1521 2136 1550 accu-

1300 1567 1403 1604 sator
1415 1561 1504 1615 (qui
1519 1563 1691 1615 seipsum
1709 1561 1891 1615 accusat)
1917 1561 1973 1610 vi,
1988 1566 2016 1604 4
2043 1575 2137 1602 suus

1301 1621 1413 1667 pater
1426 1615 1536 1668 (pro,
1554 1616 1665 1668 ejus)
1694 1630 1732 1663 v,
1751 1620 1776 1657 3
1802 1616 1885 1670 (sic
1901 1615 1944 1656 in
1958 1615 2137 1668 ejusdem

1301 1669 1403 1709 Mss-
1431 1675 1443 1693 ‘
1465 1669 1526 1709 sui
1560 1667 1739 1717 inimici:
1768 1682 1855 1723 pro,
1884 1675 1897 1693 ⁴
1917 1669 2016 1722 ejus’
2044 1683 2136 1718 xxv,

1303 1727 1370 1764 10.
1398 1723 1466 1763 ubi
1490 1723 1572 1764 vid.
1600 1730 1685 1764 not.
1715 1723 1878 1765 Ernstii.
1906 1722 2022 1777 Saepe
2050 1725 2137 1765 baec

1301 1776 1471 1818 invicem
1489 1778 1736 1826 commutari,
1765 1791 1839 1818 nec
1855 1777 2135 1818 accurat-edis·

1302 1830 1448 1871 crimen
1485 1831 1600 1879 illud,
1627 1834 1734 1884 quod
1773 1830 2030 1872 Grammatici
2059 1836 2138 1872 tra-

1303 1885 1418 1937 dunt,
1444 1886 1496 1924 ab
1523 1885 1696 1939 antiquis
1727 1885 1979 1940 scriptoribus
2005 1885 2138 1927 obser·

1303 1938 1398 1987 vari,
1431 1939 1565 2003 plures
1593 1952 1801 1991 monuere;
1828 1939 1962 1981 inxbis
1990 1939 2141 1992 prolixe

1301 1991 1498 2056 Robiginis
1518 1993 1558 2038 in
1577 1993 1726 2035 Lexico
1745 1994 1845 2036 Crit.
1863 1994 1918 2041 iv,
1935 1997 1979 2035 4.
2005 1993 2142 2034 Buch-

1303 2059 1386 2087 ner.
1416 2058 1459 2086 m
1487 2046 1609 2092 Thes.
1628 2054 1671 2088 et
1686 2047 1730 2089 in
1753 2048 1909 2090 Comm-
1926 2048 1980 2088 ad
2001 2048 2142 2102 hym.

1304 2100 1493 2141 Venantii
1532 2103 1584 2142 de
1619 2114 1758 2145 resurr.
1794 2101 1942 2143 Christ.
1977 2114 2038 2142 vs.
2070 2103 2142 2143 82.

1303 2154 1480 2208 Bangius
1510 2156 1704 2205 observat.
1735 2156 1927 2210 philolog.
1959 2155 2077 2196 Part.
2100 2157 2144 2196 2.

1302 2221 1344 2262 p·
1363 2213 1461 2251 952·
1479 2208 1556 2250 &c-
1610 2209 1731 2251 Adde
1749 2209 1814 2252 Ci-
1833 2209 1983 2251 VOl'Sffi
2000 2209 2079 2250 lb&
2086 2209 2140 2249 de

1302 2262 1444 2304 latinit.
1463 2263 1562 2304 falso
1580 2277 1690 2318 susp.
1705 2277 1746 2305 c.
1764 2269 1805 2307 5.
1824 2277 1867 2318 p.
1885 2262 1964 2317 46)
2003 2287 2008 2301 ι
2060 2274 2066 2282 ·

1247 2315 1359 2371 Sylla
1386 2317 1494 2370 (sive
1535 2318 1661 2365 Sulla,
1699 2317 1758 2358 sic
1786 2317 1893 2359 enirn
1924 2315 2143 2370 scribenti.)

1302 2369 1482 2411 Atticum
1498 2370 1640 2411 frustra
1655 2370 1824 2411 Athenis
1851 2371 2047 2412 deducere
2071 2383 2143 2411 cu·

1332 2422 1364 2462 it
1390 2435 1482 2471 ην,
1499 2426 1526 2464 4

1248 2435 1424 2532 Syllanta
1442 2481 1573 2528 partes
1599 2488 1692 2525 xxv,
1709 2480 1736 2518 2

1305 2530 1487 2583 princeps
1505 2529 1641 2584 Syna)

1249 2583 1372 2637 Sylva
1389 2583 1531 2625 domus
1547 2583 1818 2637 Tamphilanae
1845 2595 1936 2632 xxv,
1955 2587 2007 2626 18

1249 2637 1501 2692 Symposium
1522 2637 1704 2678 Platonis
1732 2639 1801 2686 vii,
1819 2642 1846 2680 2

1250 2691 1458 2745 Syracusae
1476 2690 1590 2733 initio
1619 2705 1644 2732 a
1674 2691 1856 2734 Corinth.
1880 2691 2051 2733 condite
2077 2695 2145 2741 x‘x,

1304 2749 1330 2787 3
1374 2746 1544 2786 libertati
1568 2746 1773 2794 restitutae,
1792 2745 1889 2786 ibid.
1933 2746 2144 2800 Syracusa·

1306 2799 1367 2839 nis
1386 2798 1532 2840 bellum
1550 2799 1744 2842 indictum
1773 2801 1840 2849 vii,
1858 2803 1883 2840 8

1250 2853 1367 2907 Syria
1397 2853 1507 2905 xxiii,
1525 2857 1552 2894 8

1251 2907 1511 2961 Sysamithres
1537 2908 1605 2955 vii,
1625 2911 1678 2948 10
1721 2906 1904 2960 (Nomen
1931 2905 2146 2953 Persicum,

1305 2974 1386 3014 quo
1404 2962 1524 3004 etiam
1541 2974 1607 3014 ap.
1627 2961 1738 3002 Curt.
1751 2961 1834 3007 viii,
1851 2964 1893 3008 2,
1912 2963 1980 3002 19.
1996 2966 2039 3000 et
2056 2971 2146 3012 cap.

1308 3019 1351 3066 4,
1371 3019 1439 3059 19.
1466 3022 1622 3069 satrapa
1637 3014 1799 3069 quidam
1817 3013 2003 3068 vocatur)

1781 2468 1968 2530 (quarum
1995 2476 2076 2518 dua
2101 2482 2144 2516 et

1642 3175 1694 3216 T.

1254 3283 1496 3325 Tabellarius
1522 3296 1612 3326 cum
1645 3284 1821 3325 caduceo
1847 3280 2006 3338 (κῆρυξ)
2036 3262 2147 3328 Ικιίἰί,

1254 3342 1594 3454 Ταὶιὲωιοιύᾳωε
1623 3391 1667 3432 in
1692 3389 1942 3432 tabernaculo
1963 3387 2147 3428 interfec-

1311 3453 1374 3487 tus
1393 3452 1454 3486 est
1481 3446 1564 3494 viii,
1581 3450 1608 3487 4

1255 3500 1467 3541 Tacituma
1495 3512 1565 3541 sua
1594 3496 1856 3539 obstinatione
1888 3495 1975 3550 ejus
2012 3507 2147 3549 preces

1312 3553 1539 3608 compressit
1571 3566 1660 3604 xxvr,
1678 3555 1732 3595 22
