2306 3900
765 205 985 247 RERUM
1033 206 1104 245 ΕΤ
1146 205 1442 245 VERBORU
1455 203 1517 243 M

256 329 327 376 vii,
342 332 367 368 4
396 342 466 381 spe
485 329 704 382 fiduciaque
718 331 886 382 aliquem
900 332 1083 371 inducere

257 385 307 422 ad
327 382 474 435 aliquid
502 384 609 430 xxiii,
628 387 654 424 8

201 435 368 488 Spiritus
410 437 506 489 regii
553 435 824 490 (presidentia
864 442 906 476 et
940 437 1085 477 ferocia

201 489 670 605 Spffizffiiteilglzerglgtgs
676 494 874 603 'inoff-isque
893 555 980 582 cum
998 556 1083 595 gra·

255 595 376 636 vitate
390 596 605 649 elegantia)
634 595 702 642 vii,
722 601 772 636 u

200 648 452 701 splendidus,
476 661 556 688 non
569 655 789 688 sumtuosus
813 647 995 703 (studens
1013 649 1082 687 de-

253 716 345 741 coro
382 703 471 742 vitae
506 700 644 750 cultui,
674 704 743 743 sed
775 703 920 755 absque
950 703 1083 753 profu·

255 755 387 808 sione)
422 760 581 802 xxv,13
638 756 836 808 (Velleius
861 757 905 803 ii,
930 760 1023 803 105,
1056 759 1081 795 3

253 810 367 848 ‘otio
385 785 592 850 liberaliter
617 811 799 862 lauteque
818 811 998 857 abutens,
1028 809 1083 847 ita

206 890 210 894 -
253 868 399 911 tamen,
418 870 463 901 ut
480 877 571 902 eum
590 864 840 916 splendidum
859 877 906 902 ac
923 863 1082 901 hilarem

253 917 384 967 potius
417 929 534 969 quam
553 917 789 956 luxuriosum
815 923 884 955 aut
906 915 1080 955 desidem

251 969 413 1010 diceres.
417 971 428 988 '
472 971 642 1010 Loccen.
672 969 790 1009 Adde
807 969 923 1008 Thes.
954 969 1084 1008 Buch-

252 1023 370 1075 neri).
402 1024 630 1076 splendidus
658 1036 736 1061 non
762 1023 890 1062 minus
915 1023 955 1060 in
988 1023 1081 1068 vita,

252 1088 368 1127 quarn
385 1078 491 1116 victu
517 1077 585 1123 vii,
608 1082 628 1117 1
657 1077 970 1128 splendidissima
988 1076 1082 1116 civi-

252 1135 310 1167 tas
337 1130 405 1176 vii,
422 1134 473 1170 11

196 1181 370 1237 Spoliare
401 1184 495 1222 fana
531 1183 786 1245 (ἱεροσυλεῒν)
828 1182 921 1230 xvii,
939 1186 965 1222 4
1012 1183 1082 1221 ali-

251 1249 367 1288 quem
386 1243 492 1276 veste
518 1236 602 1284 viii,
629 1241 655 1278 2
700 1238 869 1290 aliquem
905 1237 1084 1276 omnibus

251 1291 366 1330 rebus
394 1304 482 1337 xxv,
501 1294 528 1331 9

196 1341 401 1394 sponsalia
419 1344 511 1398 (pro
538 1343 624 1395 ipsa
642 1342 964 1396 desponsatione)
994 1356 1082 1390 xxv,

194 1448 368 1501 Sponsor
394 1450 567 1488 omniurn
585 1462 709 1489 rerum
729 1449 818 1502 (qui
838 1449 955 1488 fidem
974 1463 1081 1488 suam

249 1503 477 1555 interponit,
514 1503 556 1542 in
593 1504 753 1542 sistend.
783 1503 928 1542 vadim.
958 1502 998 1541 in
1025 1503 1083 1542 fa-

249 1557 392 1596 cienda
406 1569 562 1596 versura
577 1555 677 1609 &c.)
706 1570 794 1603 xxv,
814 1560 841 1596 9

196 1610 345 1661 Sponte
364 1623 459 1651 sua.
486 1611 610 1664 idque
622 1617 667 1648 ut
683 1610 838 1650 Lemnii
855 1622 926 1648 sua
943 1616 1085 1661 sponte

249 1664 438 1712 facerent,
475 1663 723 1716 postularunt
754 1662 966 1717 (libenter)
1011 1663 1040 1710 i,
1061 1668 1081 1703 1

249 1717 573 1757 lacedaemonem
602 1730 672 1756 sua
691 1723 834 1769 sponte
851 1723 911 1756 est
933 1717 1083 1769 profec-

250 1777 313 1810 tus
342 1770 448 1823 (sine
471 1770 608 1823 jussu)
632 1785 671 1818 v,
690 1775 715 1811 3
757 1771 850 1810 Sic:
893 1771 1015 1832 multa
1043 1770 1086 1809 in

247 1825 430 1885 AEwpto
461 1837 531 1863 sua
554 1830 696 1877 sponte
729 1823 850 1876 gessit
875 1822 944 1870 xii,
962 1827 990 1864 2
1017 1837 1086 1862 eos

248 1870 427 1930 adjutum
459 1891 529 1916 sua
561 1884 702 1930 sponte
739 1877 950 1930 profectus,
988 1877 1084 1916 ibid.

247 1930 366 1984 (opp.
379 1932 536 1984 publice
549 1932 599 1971 ab
613 1930 920 1971 Atheniensibus
931 1930 1088 1983 adiutor

247 1985 285 2024 ei
300 1986 419 2024 datus
436 1991 510 2032 est,
531 1984 649 2037 ibid.)

192 2036 302 2078 Stare
319 2040 369 2078 ab
387 2039 519 2091 aliquo
534 2039 732 2092 (pugnare
746 2051 816 2090 pro
829 2035 984 2090 aliquo)
1004 2037 1082 2083 xiv,

199 2138 204 2142 ,
245 2096 273 2133 6
299 2106 392 2132 cum
418 2093 550 2144 aliquo
583 2093 766 2131 adversus
797 2091 890 2143 aliq.
919 2091 1012 2137 xvii,
1042 2097 1081 2132 5.

245 2145 353 2192 xviii,
364 2149 391 2186 8
419 2147 603 2185 adversus
618 2145 826 2184 commoda
838 2143 976 2196 populi
992 2143 1084 2206 (ad-

246 2200 388 2238 versari
405 2197 664 2237 commodise
640 2197 747 2250 eus)
776 2197 855 2244 xix,
872 2201 900 2238 ‚4
945 2197 986 2236 in
1005 2198 1082 2248 pri-

243 2251 318 2290 mis
338 2251 445 2315 (scil.
472 2252 513 2291 in
533 2263 667 2304 pugna
714 2254 852 2298 xv,10
880 2256 983 2290 stare
1001 2251 1083 2302 pari

244 2304 432 2358 fastigio
419 2318 462 2344 ιιι
493 2313 658 2357 utraque
684 2304 843 2343 fortuna
870 2304 1023 2367 (gerere
1041 2317 1084 2343 se

245 2359 330 2410 pari
347 2358 488 2411 modo)
515 2372 606 2406 xxv,
628 2361 679 2398 14
708 2364 785 2396 stat
800 2357 892 2396 mihi
907 2357 1084 2396 desinere

245 2411 320 2452 ὅτε.
351 2412 576 2466 (decretum
594 2417 656 2451 est
667 2411 785 2464 mihi)
811 2425 902 2458 xxv,
915 2415 968 2451 21
998 2410 1084 2463 (Sic

247 2465 376 2505 Cicer.
391 2465 470 2518 Ep.
482 2469 524 2505 9.
550 2466 602 2504 ad
619 2464 730 2503 Fam.
758 2465 904 2503 ‘modo
921 2470 997 2503 stet
1011 2477 1086 2503 no-

248 2518 310 2557 bis
323 2517 441 2565 illud,
459 2531 539 2558 una
555 2517 697 2557 vivere'
725 2516 799 2556 &c.
827 2517 978 2557 Schott.
1032 2517 1086 2556 Et

246 2571 387 2643 Virgil.
418 2572 516 2611 AEn.
550 2575 603 2612 12
661 2576 767 2610 ‘stat
797 2570 973 2610 conferre
1003 2583 1084 2609 ma-

249 2624 370 2664 num!
399 2625 449 2664 In
498 2625 609 2664 uibus
628 2630 670 2664 et
686 2623 909 2663 similibus‘
927 2631 1084 2664 senten-

246 2678 315 2717 tia'
345 2678 432 2718 κατ’
420 2639 539 2719 ’λλὲ
481 2681 637 2732 λλειψιν
668 2678 865 2725 reticetur,
894 2678 996 2718 sicut
1035 2691 1083 2717 ex

251 2729 318 2771 illo
334 2732 506 2772 Terentii
525 2739 712 2785 apparet.
742 2737 850 2770 ‘stat
864 2731 1084 2771 sententia.'

202 2822 205 2825 ,
250 2784 433 2825 Eunuch.
460 2787 503 2833 ii,
523 2790 563 2829 1.
582 2790 646 2826 18.
674 2785 828 2837 Vorst.)

202 2836 408 2878 Statuere:
456 2839 594 2879 statuit
639 2838 787 2891 aliquid
825 2837 898 2877 sibi
933 2837 1087 2878 consilii

246 2893 340 2931 novi
359 2905 445 2932 esse
464 2893 700 2954 capiendum
713 2890 950 2945 (judicavit)
978 2892 1086 2939 xviii,

245 2949 272 2986 8
299 2946 389 2986 Sic·
422 2947 558 2986 statuit
572 2945 645 2986 sibi
659 2946 877 2986 accuratius
891 2920 1086 3007 agenduni

245 3011 337 3038 cum
370 2999 626 3040 Pharnabazo
652 2999 721 3047 vii,
742 3003 794 3039 10
822 3005 959 3038 statuit
989 3012 1085 3039 con-

245 3051 356 3103 gredi
387 3052 604 3106 (decrevit)
631 3052 711 3100 xiv,
729 3057 755 3094 8
785 3052 878 3092 Sic:
908 3053 1085 3092 nondum

246 3110 455 3152 statuerat,
486 3113 654 3146 servaret
671 3119 775 3151 eum,
809 3119 882 3145 nec
899 3119 949 3145 ne
978 3105 1085 3152 xviii,

247 3162 297 3198 n
331 3164 507 3198 statuere
525 3173 642 3212 opera
662 3158 848 3221 (munire,
879 3158 1028 3211 facere)
1058 3158 1086 3205 i,

247 3216 272 3252 7
304 3211 608 3251 tabernaculum
635 3212 746 3258 xviii,
762 3215 786 3252 7

196 3265 337 3303 Statua
358 3264 516 3317 publice
535 3265 585 3304 ab
602 3264 911 3304 Atheniensibus
941 3263 1087 3303 consti-

254 3324 341 3357 tuta
381 3318 446 3364 xii,
479 3322 499 3358 1
550 3323 680 3357 statua
722 3316 882 3369 publice
924 3317 966 3355 in
1000 3316 1085 3355 foro

251 3372 396 3423 posita,
418 3346 516 3410 ibid.
555 3372 597 3409 in
627 3371 711 3410 foro
742 3370 870 3422 posita
899 3370 1017 3420 patris
1047 3377 1087 3407 et

1819 203 2016 242 CXXXV

1197 343 1327 370 aeneas
1346 343 1475 369 secum
1495 334 1623 381 portat
1641 326 1838 366 Hannibal
1866 328 1970 374 xxiii,
1991 335 2018 369 9

1199 390 1336 423 statuae
1351 382 1651 425 Themistoclis'
1639 394 1682 420 m
1697 381 1782 420 foro
1799 380 2019 432 Magnesiae

1199 436 1242 484 ii,
1263 441 1315 478 10
1343 442 1525 477 trecentae
1545 436 1613 475 uni
1630 434 1836 475 decretae'
1823 448 1853 481 ι,
1868 439 1896 475 6
1924 435 2020 474 locis

1200 490 1449 530 sanctissimis
1466 489 1600 529 Attico
1619 489 1758 541 positae
1785 501 1876 534 xxv,
1893 491 1920 528 8

1143 543 1275 583 Status
1304 542 1495 595 (corporis
1522 541 1699 595 habitus)
1726 541 1793 588 xii,
1813 545 1836 582 1
1864 541 2019 594 (vulgo,

1198 596 1382 657 positura.
1415 595 1583 642 Gallice,
1615 595 1654 634 la
1669 593 1862 647 posture).
1899 601 2020 634 status

1198 649 1288 688 vitae
1306 649 1412 702 (mos
1429 649 1585 689 vivendi
1602 654 1644 688 et
1660 647 1890 700 disciplina)
1918 663 1956 695 x,
1974 652 2002 689 4

1143 702 1297 742 Statura
1332 701 1503 755 corporis
1531 703 1610 749 xiv,
1637 706 1667 743 9
1706 707 1852 742 statura
1885 701 2023 740 humili

1198 756 1274 794 fuit
1301 756 1393 802 xvii,
1411 760 1438 796 8
1479 756 1566 809 (De
1595 761 1743 794 statura
1778 769 1860 794 non
1896 755 2022 806 poeni-

1200 810 1320 849 tenda
1353 810 1533 870 quaedam
1558 809 1718 861 collegit
1742 808 1805 848 Fr.
1823 808 1850 849 J
1854 822 1965 847 umus
1981 813 2021 850 2.

1197 864 1247 902 de
1265 863 1361 915 pict.
1380 869 1456 903 vet.
1475 862 1529 910 ix,
1548 867 1574 903 2
1592 868 1634 902 et
1651 862 1700 914 3)

1143 914 1416 968 Stipendium:
1446 917 1610 968 primum
1629 915 1865 967 stipendium
1886 914 2025 954 meruit

1199 982 1387 1008 annorum
1421 971 1556 1009 decem
1588 975 1816 1021 septemque
1851 968 2022 1031 (militiae

1198 1022 1350 1062 initium
1381 1023 1487 1075 not.)
1516 1023 1619 1069 xxiv,
1641 1027 1662 1063 1
1705 1021 1887 1073 (numero
1918 1022 2022 1061 enim

1196 1077 1477 1128 stipendiorum
1513 1076 1686 1115 'Romani
1716 1088 1840 1114 annos
1876 1075 2022 1114 militiae

1191 1131 1417 1189 signabant.
1446 1129 1647 1183 Boecler.)

1144 1181 1354 1235 Stipulatio
1382 1197 1469 1231 xxv,
1488 1187 1515 1244 9
1543 1184 1607 1237 (ιιι
1633 1182 1827 1222 credenda
1856 1183 2024 1234 pecunia

1201 1237 1285 1276 scil.
1339 1237 1411 1276 Est
1445 1236 1550 1276 enim
1597 1235 1813 1288 stipulatio,
1853 1236 2024 1276 solennis

1199 1291 1250 1329 ad
1285 1290 1522 1342 interrogata
1563 1289 1780 1341 promissio,
1823 1289 2022 1328 vinculum

1199 1345 1371 1382 omnium
1383 1344 1664 1405 obligationum
1677 1343 2024 1395 astringendarum‚

1198 1403 1244 1435 ut
1260 1396 1316 1436 ait
1334 1396 1505 1436 Brisson.
1524 1396 1592 1436 lib.
1608 1400 1649 1436 6.
1667 1396 1822 1435 formul.
1841 1409 1957 1448 quem
1987 1410 2025 1435 v.

1199 1450 1336 1490 Boecl.
1354 1450 1463 1489 Add.
1480 1451 1597 1490 Thes.
1616 1449 1835 1500 Buchneri)

1146 1504 1247 1556 Stirp
1250 1517 1267 1543 s
1297 1503 1476 1557 (domus,
1505 1503 1672 1555 familia)
1701 1503 1780 1549 xxi,
1799 1507 1826 1543 2
1854 1502 1946 1566 (pro
1978 1503 2024 1542 li-

1148 1578 1150 1581 >
1202 1517 1323 1609 beris)
1351 1570 1415 1604 xv,
1436 1561 1488 1598 10
1516 1557 1608 1610 (pro
1627 1556 1790 1611 genere)
1817 1556 1928 1604 xviii,
1949 1560 1970 1596 l

1147 1612 1365 1650 Stramenta
1390 1611 1483 1658 xvii,
1503 1615 1529 1651 8

1146 1665 1284 1704 Stratae
1303 1665 1456 1704 arbores
1483 1664 1511 1711 i,
1533 1668 1557 1704 5

1145 1719 1426 1770 strategemata
1462 1717 1491 1765 i,
1513 1721 1553 1758 5.
1581 1714 1688 1763 xviii,
1711 1719 1750 1756 5.
1777 1719 1818 1756 9.
1846 1716 1954 1764 xxiii,
1985 1721 2028 1756 5.

1205 1775 1256 1812 10
1283 1771 1358 1811 ὅτε.

1147 1823 1317 1863 Stratum
1336 1824 1475 1877 (super
1491 1836 1570 1877 quo
1588 1820 1787 1876 accumb.)
1814 1822 1908 1870 xvii,
1927 1826 1955 1863 8

1148 1877 1334 1917 Strenuus
1351 1878 1456 1918 bello
1483 1878 1561 1924 xiv,
1584 1880 1605 1916 l

1149 1931 1303 1971 Struere
1340 1944 1467 1971 muros
1508 1930 1553 1978 ii,
1586 1934 1613 1970 6
1658 1928 1904 1983 (quanquam
1942 1928 2027 1969 Nos

1202 1984 1396 2024 edidimus
1414 1982 1634 2036 Instruere)

1145 2037 1330 2091 Strymon
1371 2039 1511 2077 fluvius
1527 2035 1724 2088 Thraciae)
1753 2048 1792 2083 v,
1811 2039 1839 2076 2

1145 2090 1308 2132 studere
1340 2093 1360 2145 (
1407 2098 1492 2132 otat
1507 2097 1690 2131 conatum
1721 2095 1763 2128 et
1786 2089 2029 2128 voluntatem

1199 2145 1240 2183 in
1272 2144 1383 2196 his):
1427 2157 1651 2197 pervenere,
1680 2156 1760 2195 quo
1797 2143 2029 2183 studuerant

1201 2198 1279 2245 xvi,
1303 2202 1329 2238 2
1371 2199 1492 2246 venit,
1537 2211 1616 2250 quo
1653 2197 1856 2236 studuerat
1895 2197 1974 2243 xiv,
2002 2199 2029 2236 4

1200 2252 1339 2290 studeo
1370 2252 1600 2304 persuadere
1627 2250 1734 2296 xviii,
1754 2254 1780 2290 2
1821 2250 2032 2289 studebant

1201 2304 1324 2344 civem
1357 2304 1484 2344 facere
1523 2318 1612 2351 xxv,
1644 2307 1670 2344 3
1715 2303 1785 2355 qui
1821 2303 2033 2343 studebant

1199 2357 1361 2397 formam
1377 2357 1466 2410 ejus
1484 2369 1754 2412 cognoscere
1748 2356 1854 2403 xviii,
1869 2360 1917 2397 11
1949 2362 2031 2396 stu-

1200 2411 1288 2450 duit
1321 2411 1539 2451 interficere
1567 2412 1645 2457 xiv,
1675 2414 1702 2450 9
1747 2409 1964 2473 opprimere
1990 2424 2031 2458 x,

1200 2467 1229 2505 6
1269 2477 1541 2517 praeoccupare
1567 2464 1646 2510 xiv,
1663 2466 1689 2503 7
1729 2463 1878 2502 munire
1893 2463 2032 2525 impe-

1200 2518 1299 2557 rium
1337 2518 1416 2566 xxi,
1449 2522 1476 2559 2
1521 2517 1654 2557 studet
1693 2522 1849 2568 portum
1890 2516 2034 2556 intrare

1201 2569 1394 2623 (σπεύδει,
1424 2571 1598 2618 festinat,
1627 2574 1674 2609 ut
1699 2569 1829 2610 Gebh.
1848 2570 2033 2622 exponit)

1199 2625 1267 2671 xii,
1285 2628 1311 2665 4
1341 2625 1414 2679 (In
1431 2623 1529 2672 istis,
1554 2623 1868 2664 benevolentiam
1886 2629 1928 2663 et
1946 2636 2034 2675 par-

1201 2678 1298 2717 tium
1332 2679 1504 2718 favorem
1522 2677 1652 2731 signif.
1655 2676 1676 2737 )
1694 2691 1704 2715 ε
1739 2677 1896 2716 studere
1914 2676 2035 2716 alicui

1202 2731 1295 2779 xvii,
1325 2735 1354 2772 2
1400 2732 1513 2772 rebus
1552 2729 1720 2782 alicujus
1762 2729 1815 2777 vi,
1850 2734 1872 2770 1
1920 2731 2033 2770 rebus

1202 2784 1351 2825 Lacon.
1379 2786 1459 2832 xvi,
1478 2789 1501 2826 1
1531 2782 1787 2839 (Λακωνίζειν
1816 2782 1945 2824 Graeci
1972 2784 2034 2823 di-

1201 2845 1296 2878 cunt

1146 2839 1451 2932 Studiu1)112hic
1471 2905 1567 2931 cum
1593 2891 1761 2932 maximo
1779 2888 1909 2929 studio
1927 2901 2035 2929 com-

1203 2952 1357 2997 pararet
1370 2948 1581 2985 exercitum
1598 2943 1719 2997 (μετὰ
1736 2943 1927 2994 σπονδῆς)
1955 2943 2035 2989 xiv,

1201 3004 1227 3039 4
1256 2998 1444 3038 incitabat
1459 3011 1592 3038 omnes
1607 2998 1737 3038 studio
1756 3011 1826 3036 suo
1846 2996 2036 3058 (diligen-

1204 3052 1259 3091 tia
1286 3052 1379 3106 sua)
1418 3065 1508 3099 xxv,
1541 3055 1562 3092 1
1603 3052 1646 3090 in
1681 3051 1795 3090 armis
1827 3049 2036 3102 plurimum

1204 3106 1461 3145 consumebat
1482 3105 1679 3167 (operte)
1699 3118 1761 3150 xv,
1791 3107 1818 3144 2
1865 3103 2038 3142 studium

1205 3158 1401 3198 literarum
1421 3158 1590 3210 arripere
1617 3158 1720 3203 xxiv,
1739 3161 1763 3197 3
1793 3157 1924 3195 studia
1934 3169 2038 3217 *gen-

1203 3211 1252 3249 tis
1285 3212 1433 3262 (mores
1461 3219 1502 3250 et
1529 3208 1853 3261 consuetudines)
1894 3209 1960 3257 vii,
1982 3212 2034 3250 n

1205 3262 2038 3367 ξῗῖἓξξ“3.(“ῗὲ“ἶῗίἂιιξοῧῗὲζῖιὶιιῖοἴᾱ

1205 3370 1397 3421 agendam
1417 3369 1535 3408 vitam
1553 3368 1631 3422 (sc.
1649 3368 1772 3421 liter.)
1798 3382 1890 3417 xxv,
1911 3372 1962 3410 17

1150 3421 1356 3461 Studiosus
1374 3421 1561 3462 audiendi
1590 3426 1693 3475 {Vs-⁰·
1724 3423 1916 3463 literarum
1943 3434 2033 3468 xxv,
