2306 3900
240 350 245 353 s
323 292 433 357 532

325 436 463 477 eoque
483 421 583 475 fuit,
603 434 699 463 cum
714 420 842 462 valde
860 426 977 463 esset
994 420 1147 462 docilis
1167 426 1211 462 et

321 487 494 539 ingenio
515 484 738 535 acerrimo,
757 483 812 524 ad
834 484 1020 524 studium
1036 483 1210 524 virtutis

323 557 369 589 et
425 547 651 600 sapientiae
698 546 879 588 mirifice
925 545 1210 588 infiammatus

323 611 439 664 quod
476 614 523 650 et
559 610 691 650 Plato
729 609 772 650 in
805 609 992 663 epistola
1026 610 1208 662 quadam

322 674 509 728 scripsit.
550 673 653 714 Δίων
668 671 742 724 μὲν
758 673 837 726 γὰρ
854 673 902 722 δὴ
916 673 1028 724 μάλα
1046 673 1211 724 εὐμαθὴς

320 738 387 789 ὢν,
405 737 500 791 πρὸς
522 753 570 778 τε
600 736 751 789 τᾶλλα,
785 735 851 777 καὶ
877 736 973 790 πρὸς
1002 736 1094 778 τοὺς
1113 736 1210 777 τότε

321 803 383 842 ὑπ’
403 803 496 854 ἐμοῦ
520 801 666 852 λόγους
679 799 930 852 λεγομένους,
951 799 1072 841 οὕτως
1097 798 1211 850 ὄξέως

321 865 516 915 ὑπήκουσε
539 865 604 905 καὶ
634 863 800 917 σφόδρα,
829 865 880 906 ὣς
903 863 1026 905 οὐδεὶς
1050 864 1209 905 πώποτε

320 927 373 969 ὧν
400 929 479 980 ἐγὼ
503 927 750 980 προσέτυχον
776 926 886 968 νέων.
915 927 979 967 καὶ
1015 926 1088 967 τὸν
1128 926 1208 966 ἐπί-

309 1000 460 1037 ,λοιπον
478 992 568 1039 βίον
585 991 660 1043 ζῆν
676 990 840 1040 ἐθέλησε
858 990 1114 1044 διαφερόντως
1129 993 1210 1032 τῶν

317 1059 481 1097 πολλῶν
515 1057 751 1096 Ἰταλιωτῶν
774 1070 822 1095 τε
853 1053 918 1094 καὶ
953 1057 1209 1106 Σικελιωτῶν,

319 1120 464 1173 ἀρετὴν
481 1119 567 1172 περὶ
585 1118 767 1160 πλείονος
792 1118 931 1167 ἡδονῆς
958 1120 1031 1167 τῆς
1057 1133 1106 1159 τε
1135 1117 1207 1159 ἅλ-

317 1191 392 1232 λης
408 1184 558 1236 τρυφῆς
577 1180 804 1233 ἠγαῆτηκῶς.
846 1181 1026 1222 Lambin.

371 1245 617 1297 Arcesseret]
645 1246 888 1297 Accesseret,
915 1244 1022 1286 Cod.
1050 1245 1207 1285 Danie-

314 1310 381 1350 lis.
437 1310 524 1351 Sed
558 1309 718 1349 rectius
747 1313 975 1359 arcesseret,
1008 1314 1055 1349 ut
1092 1306 1206 1348 infra

315 1373 430 1414 idem
451 1372 602 1414 Codex
620 1372 841 1413 arcesserit.

372 1439 600 1489 Magnaque
628 1450 715 1478 eum
743 1436 956 1477 ambitione
989 1436 1206 1490 Syracusas

311 1502 518 1556 perduxit]
550 1502 777 1555 Exquisite
802 1507 1031 1555 apparatu,
1052 1507 1099 1542 ct
1117 1515 1204 1543 am-

315 1567 473 1608 bitioso
489 1566 710 1607 comitatu.
733 1565 848 1606 Plin.
862 1565 981 1606 Hist.
996 1565 1103 1606 Nat.
1121 1577 1203 1607 vn.

314 1634 356 1671 3.
387 1629 550 1670 Solinus
578 1641 674 1681 cap.
698 1631 741 1670 7.
770 1629 782 1650 ‘
803 1628 1038 1680 Dionysius
1059 1633 1202 1680 tyran-

314 1706 393 1734 nus
415 1693 614 1734 vittatam
646 1704 797 1733 navem
826 1691 1006 1733 Platoni
1035 1691 1202 1732 obviam

311 1757 444 1798 misit.
474 1757 577 1809 Ipse
598 1769 696 1797 cum
715 1756 823 1796 albis
844 1754 1062 1808 quadrigis
1081 1766 1203 1807 egre-

311 1820 434 1861 diens
466 1821 510 1860 iu
545 1820 692 1860 littore
717 1830 948 1859 occurrens
968 1818 1201 1858 honoratus

311 1883 410 1924 est!
441 1883 639 1924 Gebhard.
678 1876 844 1924 'Graeci
863 1894 941 1934 pro
957 1895 1099 1932 magna
1116 1895 1200 1922 am-

311 1947 473 1998 bitione,
501 1945 723 1999 φιλωτίμως
753 1950 976 1997 usurpant,
994 1943 1107 1998 quod
1129 1956 1199 1984 eo-

311 2011 410 2052 dem
428 2011 600 2052 recidit.
629 2009 814 2051 Lambin.
855 2008 955 2049 vid.
976 2007 1199 2049 Plutarch.

308 2073 354 2113 in
371 2073 530 2115 Dione.
558 2074 712 2115 AElian.
732 2083 798 2113 ιν.
815 2076 882 2112 18.
926 2071 1012 2112 Sed
1031 2071 1199 2124 Diony·

310 2137 395 2177 sios
432 2135 657 2177 confundit
692 2137 867 2188 Nepos:
908 2146 1046 2188 neque
1084 2134 1197 2175 enim

309 2211 382 2239 eos
397 2198 581 2239 honores
601 2199 777 2240 Platoni
796 2197 933 2250 major
946 2197 1198 2249 Dionysius,

308 2262 385 2302 sed
406 2263 546 2302 minor
564 2267 735 2302 mortuo
755 2266 880 2314 patre
897 2261 1058 2301 habuit.
1103 2260 1195 2300 Ho-

308 2324 487 2365 norifice
534 2325 706 2378 quidem
752 2324 927 2376 excepit
964 2323 1196 2364 Platonem

309 2388 539 2442 Dionysius
554 2389 715 2440 Major,
731 2388 805 2428 sed
824 2387 926 2428 nibil
945 2387 1006 2428 ibi
1020 2387 1195 2427 nimium

308 2455 355 2491 et
373 2450 638 2491 ambitiosius
657 2451 801 2503 legere
820 2449 1009 2490 memini.
1040 2450 1194 2491 Buchn.

370 2513 426 2554 Ut
443 2526 486 2554 se
503 2518 628 2554 totum
644 2514 682 2554 ei
700 2513 894 2565 traderet]
920 2514 1064 2556 Quare
1082 2514 1195 2554 Dion

308 2576 521 2618 communi
540 2577 712 2617 nomine
731 2589 756 2616 a
776 2577 1055 2629 scriptoribus
1069 2589 1194 2618 voca·

307 2645 380 2680 tur
405 2641 509 2681 Dion
526 2641 673 2681 clinicus
691 2639 888 2682 Platonis.
932 2640 1032 2680 Vid.
1054 2652 1195 2682 exem·

307 2704 380 2755 pla
396 2703 549 2744 similia
579 2703 695 2757 apud
729 2703 912 2757 Rhodig.
946 2705 1069 2745 Lect.
1090 2703 1194 2746 Aut.

306 2766 418 2807 libro
438 2778 578 2808 xxnr.
598 2772 639 2808 4.

362 2832 483 2872 Plato
518 2833 731 2873 delectatus
775 2837 833 2873 est
877 2832 1027 2886 Dione]
1089 2833 1193 2886 Ejus

305 2906 488 2947 namque
536 2900 688 2948 captus
722 2902 818 2937 erat
861 2909 1022 2948 amore,
1057 2902 1107 2937 ut
1139 2908 1194 2937 ex

305 2957 519 3009 Aristippi
540 2959 617 3000 lib.
638 2970 703 2999 tv.
726 2959 780 2999 de
804 2960 989 3012 antiquis
1008 2959 1194 3012 deliciis,

304 3019 441 3060 refert
470 3020 694 3072 Diogenes
714 3021 914 3061 Laertius
935 3021 978 3061 in
998 3022 1193 3062 Platonis

304 3083 410 3123 vita.
466 3082 591 3123 Inter
609 3083 841 3123 amatorios
872 3083 1067 3124 Platonis
1101 3096 1193 3124 ver-

303 3159 374 3186 sus
395 3146 510 3198 apud
539 3147 668 3197 hunc,
699 3152 746 3186 et
773 3145 1003 3199 Apuleium
1033 3145 1193 3198 Apolo-

305 3210 387 3260 giae
410 3210 538 3251 Orat.
558 3222 591 3252 1.
608 3211 812 3262 leguntur
830 3210 959 3262 etiam
979 3221 1128 3250 versus
1147 3209 1192 3249 in

306 3272 510 3322 Dionem,
531 3273 603 3326 qui
622 3273 828 3314 dilectum
847 3285 872 3313 a
892 3272 1076 3313 Platone
1091 3271 1193 3312 Dio-

304 3346 422 3384 nem,
452 3341 580 3387 atque
613 3336 817 3377 ardenter
853 3340 1055 3386 amatum,
1086 3335 1191 3375 satis

305 3403 506 3449 arguunt.
548 3399 666 3449 Mag.

361 3461 585 3501 Crudeliter
619 3464 789 3503 violatus
822 3463 938 3515 esset]
994 3464 1191 3511 Causam,

307 3523 582 3577 quamobrem
632 3527 706 3566 tali
759 3525 914 3577 injuria
964 3526 1190 3576 Platonem

703 304 885 343 No'rAE
927 302 1262 342 VARIORUM
1304 303 1368 342 ΙΝ
1412 304 1467 342 C.
1509 301 1773 343 NEPOTIS

1273 421 1472 464 affecerit
1499 423 1742 475 Tyrannus,
1760 420 1869 462 hanc
1894 418 2024 460 affert
2049 419 2153 461 Plu-

1273 488 1463 539 tarchus,
1479 487 1580 540 quia
1611 485 1844 537 Dionysius
1869 483 2066 524 Platonis
2099 483 2154 524 de

1270 551 1446 592 Virtute
1478 551 1559 591 viri
1587 549 1705 601 boni,
1721 553 1768 588 et
1802 548 1856 588 de
1883 546 2054 599 justitia
2070 545 2154 586 dis-

1272 615 1464 668 putantis
1481 614 1717 654 orationem
1738 610 1853 652 ferre
1886 622 1973 650 non
2003 613 2154 662 potue·

1271 679 1346 730 rit,
1377 691 1471 719 cum
1521 677 1704 728 diceret,
1751 674 1946 727 quemvis
1993 673 2154 725 potius,

1258 730 1393 795 'quam
1413 749 1656 796 tyrannum,
1675 753 1770 782 esse
1801 738 1982 780 fortem:
2014 742 2060 778 et
2092 737 2152 786 vif

1270 809 1359 845 tam
1383 805 1598 857 justorum
1617 816 1711 844 esse
1741 804 1930 851 beatam,
1948 806 2153 853 tyranno·

1270 880 1362 908 rum
1383 868 1580 908 miseram
1599 873 1646 907 et
1668 867 1974 908 calamitosam.
2022 863 2153 904 Laer-

1271 931 1356 971 tius
1391 930 1530 980 addit,
1567 935 1798 980 tyrannum
1833 928 2032 968 Platonis
2067 938 2154 968 ser-

1263 1005 1394 1033 mone
1412 991 1617 1032 offensum
1638 991 1814 1031 Platoni
1829 990 2002 1041 dixisse,
2021 990 2154 1030 verba

1269 1057 1360 1109 ejus
1378 1057 1598 1108 γεροντιᾷν,
1617 1054 1662 1095 id
1691 1060 1774 1106 est,
1795 1055 1941 1095 senium
1967 1059 2008 1095 et
2035 1054 2153 1095 senile

1267 1119 1452 1164 delirium
1468 1119 1659 1159 redolere:
1679 1117 1797 1157 illum
1815 1124 1958 1158 autem
1974 1129 2153 1171 respon·

1269 1182 1398 1234 disse,
1426 1183 1498 1221 σοῦ
1533 1180 1576 1221 δὲ
1605 1183 1866 1234 τυραννιῶσιν·
1907 1181 1951 1222 id
1997 1187 2078 1232 est,
2108 1185 2152 1222 at

1267 1251 1337 1286 tua
1380 1245 1651 1299 tyrannidum,
1695 1244 1764 1285 se‘n
1809 1244 1970 1297 tyranni
2014 1256 2153 1286 mores.

1267 1308 1513 1350 Lambinus.

1328 1371 1550 1415 Venundari
1568 1370 1773 1422 jussisset]
1804 1370 1949 1412 Editio
1979 1369 2150 1422 Longo-

1266 1436 1376 1476 liana
1385 1436 1522 1487 jussit.
1564 1434 1771 1476 Vendidit
1789 1434 1926 1484 illum,
1946 1430 2151 1486 tanquam

1264 1500 1524 1551 mancipium
1557 1499 1601 1538 in
1632 1497 1740 1550 foro,
1773 1508 1882 1539 xxv.
1902 1497 2027 1550 minis
2046 1497 2151 1538 Dio-

1265 1562 1357 1604 dor.
1375 1563 1542 1604 Siculus
1555 1563 1718 1603 lib.xv.
1737 1564 1855 1615 Lege
1867 1562 2150 1602 lerchum

1264 1627 1308 1667 in
1329 1627 1493 1678 libello,
1521 1627 1590 1668 cui
1611 1627 1790 1667 titulus:
1820 1627 1908 1666 Πῶς
1925 1624 1975 1666 ἄν
1991 1640 2052 1667 τις
2069 1628 2150 1666 δια-

1263 1691 1401 1743 κρίνειε
1418 1690 1492 1731 τὸν
1513 1690 1677 1732 κόλακα.
1705 1691 1857 1732 ΚειιοΙι.
1912 1692 1971 1731 Et
1996 1691 2039 1731 in
2059 1691 2150 1731 vita

1263 1755 1415 1796 Dionis
1460 1755 1656 1797 meminit
1709 1766 1879 1808 quoque
1938 1753 2148 1796 Laertius.

1262 1819 1430 1871 Longol.

1314 1883 1468 1923 Eodem
1490 1881 1632 1934 rediit]
1662 1882 1816 1922 Multis
1849 1879 1993 1922 verbis
2021 1880 2151 1921 ratio·

1264 1958 1340 1987 nes
1359 1946 1535 1987 secundi
1564 1946 1607 1986 iu
1636 1945 1826 1986 Siciliam
1847 1945 2055 1985 adventus
2075 1956 2149 1984 ex-

1264 2009 1386 2061 ponit
1404 2009 1533 2049 Plato
1550 2009 1595 2048 in
1614 2010 1797 2061 epistola
1817 2007 2015 2061 quadam.
2057 2007 2147 2048 Sed

1262 2073 1484 2114 sciendum
1501 2079 1583 2123 est,
1596 2077 1765 2112 mortuo
1776 2071 1871 2123 jam
1887 2071 2030 2122 priore
2045 2069 2147 2110 Dio-

1260 2135 1397 2187 nysio,
1426 2134 1653 2174 Platonem
1682 2134 1839 2174 iterum
1875 2133 1916 2172 in
1954 2132 2145 2175 Siciliam

1259 2200 1498 2251 navigasse,
1515 2203 1562 2239 et
1579 2197 1765 2238 Secundi
1785 2196 1980 2249 Dionysii
2004 2208 2147 2237 arces-

1258 2261 1360 2313 situ,
1373 2273 1469 2301 cum
1489 2261 1562 2301 ille
1577 2259 1750 2300 Platoni
1770 2258 2053 2311 polliceretur
2066 2270 2146 2311 per

1258 2323 1419 2371 literas,
1440 2335 1486 2362 se
1507 2322 1649 2363 omnia
1668 2322 1796 2362 Dioni
1819 2321 2029 2371 exulanti,
2048 2315 2145 2374 quae

1259 2386 1392 2426 vellet
1405 2386 1550 2435 Plato,
1569 2385 1858 2435 remissurum,
1877 2385 2146 2436 largiturum,

1259 2454 1305 2489 et
1318 2461 1640 2500 concessurum,
1655 2449 1891 2502 Syracusas
1906 2447 2144 2500 repetiisse.

1257 2512 1441 2553 Lambin.

1312 2575 1364 2615 In
1396 2575 1571 2616 morbum
1601 2573 1764 2626 incidit]
1795 2574 1939 2615 Morbi
1969 2585 2142 2615 causam

1257 2637 1405 2691 fuisse,
1434 2638 1740 2679 immoderatas
1771 2638 1937 2689 epulas,
1969 2648 2142 2689 compo·

1257 2702 1460 2752 tationes,
1473 2707 1518 2743 et
1537 2701 1791 2742 ebrietatem
1811 2699 1948 2740 tradit
1961 2699 2141 2740 Diodor.

1257 2766 1427 2807 Siculus
1448 2765 1519 2807 lib.
1540 2776 1618 2806 xv.
1636 2764 1702 2804 his
1722 2763 1892 2805 verbis:
1922 2762 2086 2803 ‘Eo-rufin
2099 2761 2142 2803 δὲ

1256 2831 1442 2882 λαμπρῶς
1458 2827 1551 2869 τοὺς
1577 2827 1730 2880 φίλους,
1748 2826 1812 2868 καὶ
1829 2825 1932 2866 κατὰ
1959 2824 2050 2866 τοὺς
2075 2824 2144 2866 πό-

1255 2908 1348 2934 τους
1365 2890 1663 2945 φιλοτιμότερον
1678 2892 1734 2944 τῇ
1747 2889 1844 2943 μέθῃ
1871 2888 1959 2929 δοὺς
1988 2887 2143 2940 ἑαυτὸν,

1257 2957 1310 2998 εἷς
1328 2955 1542 3009 ἆῤῥωστίαν
1555 2953 1818 3008 σφοδροτέραν
1836 2950 1994 2994 ἐνέπεσε
2013 2952 2075 2992 διὰ
2092 2950 2141 2991 τὸ

1254 3021 1404 3071 πλῆθος
1420 3023 1500 3061 τῶν
1516 3017 1807 3073 ἐμφορηθέντων
1825 3018 1965 3070 ὑγρῶν.
2015 3017 2140 3058 Idem.

1313 3086 1399 3131 Quo
1416 3097 1504 3124 cum
1530 3084 1711 3134 graviter
1737 3081 2044 3134 conflictantur]
2072 3081 2142 3120 Li·

1255 3148 1323 3189 bri
1341 3160 1503 3199 omnes,
1520 3147 1633 3200 quod
1664 3151 1711 3186 et
1742 3146 1945 3201 Sebottus
1968 3150 2015 3185 et
2042 3144 2139 3185 Pic-

1255 3216 1401 3252 cartus
1420 3215 1697 3258 attestantur,
1716 3222 1788 3261 quo
1812 3221 1898 3249 cnm
1911 3207 2031 3260 gravi
2047 3219 2139 3247 con-

1242 3275 1487 3328 flictaretur.
1532 3272 1659 3314 Unde
1679 3272 1745 3314 Cl.
1761 3272 1962 3312 schottus
1975 3269 2139 3321 gravius

1256 3343 1399 3378 tentat
1415 3337 1691 3378 substituere.
1737 3334 1936 3374 Gebhard.
1959 3345 1962 3349 ·

1310 3400 1419 3440 Nam
1443 3399 1539 3440 velle
1565 3411 1607 3439 se
1635 3410 1721 3438 cum
1749 3409 1793 3437 eo
1823 3394 2004 3447 colloqui]
2034 3395 2135 3435 Plu-

1253 3463 1428 3504 tarchus
1458 3463 1502 3503 in
1535 3461 1708 3503 Dione:
1755 3458 1863 3499 Ἐπεὶ
1892 3456 1934 3498 δὲ
1961 3459 2084 3498 νοσῶν
2113 3459 2136 3497 ὃ

1252 3525 1454 3567 Διονύσιος
1485 3524 1611 3574 ἔδοξεν
1637 3522 1809 3570 ἀβιώτως
1837 3521 1959 3575 ἔχειν,
1982 3521 2135 3573 ἐπεχεί-
