2306 3900
294 230 401 282 576

661 623 829 714 xv.

345 810 455 851 CAP.
474 813 510 851 1.
535 808 844 862 Epaminondas]
876 808 1176 860 Epaminondas

290 886 370 925 per
397 874 586 928 quintam
624 874 817 914 vocalem
852 873 900 912 in
942 873 1048 913 Mss.
1076 883 1176 912 con·

289 943 457 977 stanter
478 936 608 979 scribi
635 936 840 988 ¹equidem
856 935 1000 976 miror.
1030 933 1174 975 Graeci

288 999 402 1038 enim
440 1011 519 1051 per
548 1015 591 1039 ω.
629 995 828 1040 schottus.
902 999 1173 1040 Emmmon-

288 1072 390 1100 ΒΑΜ
407 1067 612 1102 memorat
635 1062 888 1102 Plutarchus
902 1063 944 1102 in
960 1062 1175 1114 Pelopida

287 1131 339 1167 ct.
368 1125 540 1176 passim.
598 1123 730 1166 Diod.
772 1126 857 1166 Sic.
897 1137 974 1166 xv.
1028 1126 1172 1166 Xeno-

285 1188 399 1240 phon
419 1200 482 1228 vt.
503 1195 549 1228 et
566 1200 648 1228 vu.
711 1188 828 1229 Hist.
849 1187 993 1230 Graec.
1013 1189 1172 1229 Pausa-

285 1253 378 1291 nias
412 1251 457 1292 in
484 1250 722 1292 Arcadicis.
750 1250 904 1292 AElian.
934 1252 1034 1292 Var.
1052 1251 1170 1293 Hist.

284 1322 330 1357 et
348 1316 500 1358 Cicero
515 1315 684 1370 saepius.
726 1317 923 1368 Potyaen.
941 1328 997 1357 n.
1041 1317 1173 1357 Fron-

284 1381 399 1420 tinus
414 1392 544 1432 saepe.
587 1381 785 1423 Justinus
803 1391 870 1421 vx.
888 1383 928 1421 4.
971 1380 1089 1421 ‘ltem
1106 1392 1170 1421 vr.

275 1451 439 1484 ‘v11.et
464 1454 568 1484 vm.
615 1444 712 1484 Val.
735 1444 858 1484 Max.
896 1454 967 1484 m.
999 1447 1042 1483 2.
1078 1450 1168 1485 ext.

283 1511 323 1546 5.
359 1510 397 1548 3.
430 1510 471 1547 7.
522 1507 696 1546 Boecler.
751 1505 880 1546 Adde
913 1505 1088 1546 Suidam
1126 1505 1170 1546 in

282 1571 389 1609 voce
432 1567 728 1619 Ἐπαμινώνδας,
774 1573 821 1609 et
865 1568 970 1609 ibid.
1029 1568 1169 1610 Notas

282 1632 441 1673 AEmilii
478 1632 620 1674 Porti.
651 1633 791 1672 Ernst.
849 1631 1061 1685 Nummus
1094 1643 1169 1684 pe-

282 1707 359 1736 nes
402 1707 471 1735 me
512 1699 580 1735 est
610 1685 972 1746 elegantissimus,
1019 1693 1062 1733 in
1096 1705 1170 1734 cu·

274 1759 346 1811 jus
374 1758 514 1799 antica
537 1763 663 1810 parte
700 1761 833 1808 caput
863 1756 1168 1812 Epaminondae

280 1835 377 1862 cum
402 1821 566 1864 literis-2
592 1822 968 1861 ἘΠΑΜῙΝΩΝΔΑΣ
989 1824 1169 1861 ΘΗΒΑΙ-

280 1889 362 1928 ΟΣ.
421 1885 472 1925 In
501 1886 687 1939 postica,
717 1884 878 1936 Figura
895 1884 1094 1925 militaris
1111 1884 1167 1926 ad

278 1961 398 1989 arma
430 1948 602 1998 sedens,
629 1959 680 1989 ac
703 1943 876 1988 sinistra
894 1948 1084 1989 lauream
1105 1953 1167 1989 te-

278 2024 409 2053 nens:
444 2016 547 2052 ante
574 2023 667 2052 eam
702 2011 915 2062 columna,
943 2011 1013 2051 cui
1040 2011 1165 2063 galea

277 2073 479 2126 imposita
515 2078 561 2114 et
589 2085 768 2125 serpens
797 2073 1166 2125 circumvolvitur,

276 2149 372 2177 cum
395 2138 548 2178 armis:
581 2136 732 2179 subtus
767 2141 900 2178 ΚΑΤΑ
924 2141 1165 2178 ΛΑΚΕΔΑΙ-

277 2204 404 2241 ΜΟΝ.
434 2201 598 2242 Rosius.

330 2262 651 2316 Polymnifilius]
682 2263 868 2304 AElianus
881 2263 958 2306 lib.
974 2275 1040 2305 m.
1057 2266 1162 2306 Var.

275 2326 395 2367 Hist.
446 2325 730 2379 Polymuidis.
776 2326 926 2368 Lamb.
967 2327 1075 2368 libro
1107 2339 1161 2369 ιι.

273 2391 367 2442 ejus
388 2393 512 2441 pater
527 2393 706 2429 vocatur
719 2387 956 2438 Πολύμνι-ις’
968 2389 1043 2431 lib.
1059 2402 1162 2431 vero

274 2465 340 2493 xr.
361 2457 401 2494 9.
431 2450 638 2502 Πόλυμνις.
698 2451 819 2492 Adeo
848 2457 897 2492 ut
933 2453 1035 2493 mihi
1066 2453 1162 2494 sub-

273 2515 440 2556 olescat
453 2515 672 2567 Nepotem
686 2515 841 2556 Latina
861 2515 1161 2558 terminatione

272 2577 480 2618 formasse
521 2578 742 2628 Graecum‚
788 2578 900 2619 sicut
945 2590 1076 2632 supra
1115 2581 1160 2622 in

275 2642 444 2681 Neoclus
462 2646 542 2692 pro
573 2641 751 2692 Neocles,
777 2646 824 2682 et
851 2639 965 2682 infra
995 2643 1162 2684 Prot-lus

272 2717 351 2756 pro
379 2703 548 2745 Proclis.
606 2704 718 2745 Item
734 2704 918 2745 -Periclus
936 2717 1017 2759 pro
1042 2707 1159 2748 Peni-

270 2768 355 2809 ctis.
388 2766 530 2808 Gebh.
595 2763 598 2766 ’

325 2831 599 2883 Praecipienda
615 2831 1044 2884 videnturlectoribus]
1076 2832 1159 2874 Ar·

271 2894 365 2946 guit
389 2895 620 2944 μνημονικοῦ
639 2893 912 2947 ἁμαρτήματος
942 2895 1158 2949 Nepotem

270 2958 330 2999 H.
351 2959 548 3010 Magius3
572 2960 769 3012 quoniam
796 2959 947 3000 eadem
965 2960 1010 3000 in
1039 2961 1157 3001 Prae-

269 3021 432 3063 fatione
450 3022 612 3074 scripta
632 3023 869 3075 reliquerit.
900 3022 963 3064 At
978 3024 1021 3063 in
1042 3036 1157 3064 men-

271 3090 359 3125 tem
379 3085 461 3138 ipsi
499 3086 645 3126 venire
673 3086 901 3138 debuerat,
932 3086 1157 3129 Praefatio·

269 3161 367 3188 nem
387 3149 557 3189 demum
588 3149 756 3202 Nepoti
786 3149 992 3191 absolutis
1023 3150 1156 3190 omni-

270 3212 348 3251 bus
383 3212 620 3252 Illustrium
657 3212 861 3253 Virorum
899 3213 998 3254 vitis
1023 3211 1155 3254 fuisse

269 3262 548 3315 elaboratam.
581 3274 786 3316 Gebhard.

324 3337 388 3375 Ne
420 3338 564 3377 alienos
599 3351 725 3379 mores
751 3340 804 3379 ad
833 3350 925 3379 suos
958 3339 1154 3391 referant]

271 3400 340 3440 Ne
377 3412 516 3440 mores
547 3403 705 3442 alienos
733 3404 822 3443 sive
843 3405 993 3444 alienae
1013 3403 1153 3455 gentis

270 3463 503 3503 metiantur
520 3471 645 3517 atquc
667 3467 878 3508 aestiment
900 3479 952 3506 ex
982 3479 1068 3508 suae
1091 3467 1149 3507 ci-

682 243 860 283 NoTAE
902 243 1238 283 VAR10RUM
1282 234 1346 283 ιΝ
1387 246 1439 284 c.
1479 244 1741 286 NEPOTIS

903 622 1747 688 EPAMINONDAS.

1241 807 1389 848 vitatis
1413 811 1486 848 aut
1506 810 1647 860 gentis
1673 808 1875 850 moribus.
1923 808 2123 850 Gebhard.

1239 870 1322 911 Sed
1343 871 1633 922 considerent,
1667 874 1805 913 omnia
1836 872 2042 925 majorum
2062 874 2124 914 in-

1238 932 1401 974 stitutis
1415 938 1468 973 et
1489 934 1639 985 patriis
1656 934 1843 974 moribus
1857 934 2060 987 judicari,
2071 940 2124 975 -et

1238 994 1321 1035 alia
1352 995 1444 1036 aliis
1465 997 1634 1048 populis
1655 1008 1748 1037 esse
1766 996 1944 1038 honesta
1963 1009 2014 1038 ac
2033 1004 2125 1038 tur-

1237 1060 1326 1154 pia,
1338 1065 1386 1100 ut
1396 1059 1562 1101 dictum
1578 1066 1644 1101 est
1661 1061 1704 1101 in
1719 1060 2123 1103 Pnooemio.1.amb.

1255 1124 1473 1166 Musicen
1512 1125 1656 1165 nostris
1683 1123 1873 1180 moribus]
1907 1123 2124 1166 Romano-

1237 1200 1331 1228 rum
1351 1187 1555 1240 moribus,
1573 1189 1673 1230 olim
1687 1181 2042 1247 cantarbgttiam
2061 1189 2124 1230 iu-

1237 1252 1386 1303 genuis
1405 1253 1508 1293 licet
1522 1251 1703 1304 privatis
1715 1249 1974 1302 hominibus,
1983 1251 2124 1304 indig-

1235 1326 1336 1355 num
1368 1315 1502 1356 visum
1535 1321 1620 1367 est,
1649 1320 1763 1356 teste
1790 1314 2018 1356 Macrobio
2045 1315 2121 1356 Sa-

1236 1383 1348 1419 turn.
1362 1390 1417 1419 u.
1438 1382 1507 1420 lo.
1536 1378 1686 1431 quidni
1706 1377 2011 1431 Principibus?
2047 1378 2120 1421 De

1234 1441 1442 1494 Principe
1478 1442 1654 1482 Nerone
1685 1440 1859 1481 Tacitus
1885 1439 2002 1481 Anu.
2021 1449 2120 1481 xxv.

1235 1509 1300 1547 14.
1321 1510 1333 1529 ‘
1349 1507 1444 1547 Nec
1458 1507 1602 1546 minus
1622 1505 1781 1546 foedum
1792 1503 1898 1559 (illi)
1915 1503 2122 1556 studium,

1233 1568 1399 1609 cithara
1430 1566 1641 1608 ludicrum
1673 1568 1715 1607 in
1746 1566 1922 1609 modum
1943 1579 2122 1619 canere,

1231 1644 1331 1673 cum
1351 1651 1360 1661 ·
1379 1631 1608 1673 ‹zm-naret!
1676 1630 1776 1676 Non
1822 1630 1880 1672 ab
1920 1630 2119 1672 omnibus

1206 1744 1210 1746 ,
1232 1701 1377 1736 tamen
1397 1696 1600 1737 Romanis
1620 1692 1734 1736 inter
1754 1695 1904 1748 turpia,
1921 1694 2119 1736 habitum

1231 1756 1362 1799 fuisse
1398 1758 1649 1800 Macrobius
1678 1758 1723 1798 d.
1743 1758 1773 1798 l.
1793 1757 1837 1798 in
1861 1757 2026 1810 aliquot
2044 1769 2118 1797 ex-

1231 1822 1383 1874 emplis
1399 1821 1602 1863 ostendit.
1632 1822 1746 1863 Loco.
1802 1819 2115 1879 Quibus.'adde

1231 1884 1446 1928 Romanos
1458 1885 1676 1940 principes
1685 1884 1960 1942 Antoninum
1973 1885 2118 1942 Philo-

1228 1950 1428 2003 sophum,
1468 1955 1514 1991 et
1550 1949 1863 1991 Alexandrum.
1891 1948 2118 2003 Severum,

1230 2025 1336 2067 quos
1370 2012 1537 2054 musica
1579 2012 1763 2055 imbutos
1806 2010 1936 2069 fuisse
1983 2016 2115 2065 atque

1229 2083 1426 2119 cantasse
1462 2071 1642 2130 optime,
1689 2069 1744 2116 ex
1786 2075 1973 2128 ipsorum
2017 2074 2115 2115 vitis

1227 2140 1538 2194 cognoscimus.
1606 2140 1678 2181 De
1717 2139 1893 2182 Nerone
1931 2138 2115 2180 Sueten.

1227 2218 1265 2248 c.
1285 2209 1351 2248 20.
1370 2211 1416 2247 et
1436 2206 1551 2259 Lips.
1571 2205 1625 2246 ad
1646 2205 1691 2248 d.
1708 2205 1738 2246 1.
1771 2204 1932 2254 Taciti.
1987 2204 2115 2247 Cete-
2170 2219 2190 2231 ·

1226 2279 1319 2310 rum
1339 2269 1529 2309 musicen
1546 2267 1733 2322 principi
1745 2267 1972 2308 moderate
2001 2271 2115 2307 trac-

1227 2330 1403 2377 tandam
1432 2342 1545 2382 esse,
1570 2330 1730 2371 docent
1759 2329 1928 2382 Lipsius
1946 2327 2036 2372 not.
2057 2331 2113 2370 ad

1226 2395 1348 2446 polit.
1368 2405 1399 2435 ι.
1415 2398 1480 2435 10.
1499 2397 1565 2436 17.
1604 2394 1687 2434 Fr.
1721 2391 1932 2433 Patritins
1960 2392 2016 2434 de
2046 2404 2112 2434 re-

1226 2457 1290 2510 gis
1308 2462 1354 2497 et
1375 2455 1496 2508 regni
1511 2455 1611 2497 inst.
1633 2466 1686 2497 ιι.
1703 2458 1769 2497 15.
1793 2455 1879 2496 alii.
1906 2455 2070 2497 Rosius.

1279 2519 1438 2560 Sauara
1479 2517 1600 2558 etiam
1635 2517 1679 2558 in
1704 2517 1818 2558 vitiis
1840 2517 1953 2570 poni]
1998 2518 2111 2559 vide

1225 2583 1338 2634 quae'
1372 2581 1426 2622 ad
1484 2579 1799 2621 Praefationem
1858 2582 2112 2623 notavimus.

1224 2644 1511 2686 Saltationem
1538 2643 1741 2684 Romanis
1767 2641 2015 2685 indecoram
2045 2643 2112 2698 fu-

1224 2707 1326 2759 isse,
1341 2705 1534 2759 pluribus
1552 2706 1659 2746 locis
1674 2705 1813 2746 innuit
1827 2705 1983 2748 Cicero
1997 2719 2010 2758 ;
2030 2715 2111 2761 pro

1223 2771 1426 2822 Murena,
1443 2782 1523 2823 pro
1538 2770 1736 2822 Plancio,
1753 2774 1799 2817 et
1818 2770 1928 2812 aliis.
1981 2772 2110 2815 Quod

1223 2833 1278 2875 de
1298 2833 1547 2887 quibusdam
1566 2833 1660 2886 ejus
1685 2832 1930 2886 generibus,
1947 2846 2032 2875 non
2054 2835 2110 2876 de

1223 2897 1419 2938 omnibus
1437 2896 1753 2950 accipiendum.
1796 2897 1919 2938 Nam.
1930 2898 2109 2950 Pyrrhi-

1217 2974 1302 3004 cen
1320 2969 1395 3004 aut
1409 2963 1576 3005 virilem
1600 2961 1801 3002 infamem
1822 2960 1954 3006 fuisse
1972 2968 2107 3016 negat

1222 3025 1514 3069 Quintilianus
1533 3025 1607 3067 lib.
1629 3036 1661 3065 1.
1682 3028 1748 3065 11.
1779 3025 1980 3067 Kenoehen.

1277 3090 1376 3135 Quae
1407 3089 1538 3131 omnia
1556 3089 1661 3140 apud
1683 3087 1864 3140 Graecos]
1892 3087 2107 3131 Aristote-

1219 3151 1303 3192 lem
1339 3151 1425 3203 adi,
1461 3151 1593 3192 Polit.
1633 3161 1736 3191 vm.
1774 3155 1816 3192 2.
1843 3156 1884 3192 5.
1915 3155 1956 3193 6.
1988 3158 2034 3194 et
2063 3157 2105 3194 7.

1219 3220 1265 3255 et
1285 3215 1519 3255 Meni-sium
1542 3213 1616 3255 lib.
1643 3215 1715 3257 De
1744 3214 1962 3256 orchestra
1982 3215 2105 3257 Grae·

1219 3290 1382 3319 corum.

1262 3337 1375 3387 ‘Quae
1396 3340 1580 3393 plurimis
1609 3341 1781 3381 omnium
1813 3343 2103 3392 anteponuntur

1217 3404 1449 3457 virtutibus]
1478 3404 1758 3446 Immittcnda
1791 3403 2038 3455 praepositio
2056 3403 2103 3456 ἀ,

1220 3474 1265 3507 ut
1314 3467 1541 3510 sententiae
1596 3466 1851 3518 ambiguitas
1898 3468 2100 3510 evitetur.
