2306 3900
923 283 1131 322 FRAGM
1146 283 1327 322 ENTA.

201 407 288 454 rat,
307 403 421 444 circa
440 401 658 443 carmina.n
695 402 754 442 Et
773 399 1082 451 Quintilianus,

201 467 277 507 lib.
293 478 346 508 11.
362 471 402 508 1.
430 472 442 490 ‘
463 465 772 517 GrammaUce,
793 476 918 517 quam
939 464 981 503 in
1004 464 1081 503 La-

201 531 338 570 tinum
359 528 683 574 transferentes,
712 528 979 567 literaturam
1007 539 1080 566 vo—

201 598 428 643 caverunt,
453 591 594 633 tenuis
625 604 651 630 a
683 591 824 640 fonte,
853 590 1080 641 assumptis

201 655 438 696 Poetarum
474 655 857 706 historicorumque
904 652 1082 702 viribus,

201 720 332 771 pleno
345 720 436 771 jam
455 719 557 758 satis
577 719 698 759 alveo
713 716 840 758 fluit?
868 717 1068 758 Kenchen.

256 782 337 828 Qui
365 794 390 821 α
421 782 576 821 Graecis
596 781 861 820 Grammatici
885 781 1082 820 nominen-

198 844 286 896 tur]
329 844 431 884 Tria
467 856 625 896 genera
661 844 1078 884 Grammaticorum:

198 907 271 947 alii
289 906 475 958 τεχνικοὶ,
493 907 565 947 alii
591 907 988 959 {mopixolftertium
1010 919 1080 959 ge-

198 983 275 1011 nus
312 969 471 1022 κριτικοὶ
507 976 728 1012 vocantur.
781 970 959 1021 Τεχνικοὶ
993 972 1080 1011 ele-

199 1039 346 1075 menta
381 1040 428 1075 et
463 1034 670 1086 primores
714 1035 860 1075 literas
907 1034 1079 1078 docent.

199 1098 314 1138 Item
360 1103 502 1150 partes
549 1096 769 1149 orationis,
817 1102 1078 1137 structuram

200 1160 441 1209 verborum,
489 1166 535 1200 et
572 1160 740 1200 similia.
808 1161 894 1201 Eos
931 1160 1078 1201 Graeci

196 1223 489 1275 γραμματιστὰς
515 1224 677 1275 potius,
707 1235 832 1276 quam
865 1237 1078 1276 γραμματι-

196 1284 314 1336 κοὺςς
344 1292 390 1326 et
409 1286 551 1326 Latini
582 1287 817 1336 liter-atores,
840 1299 924 1327 non
943 1287 1077 1328 litera-

195 1355 256 1391 tos
275 1355 444 1391 vocant.
483 1350 691 1390 Historici
709 1349 945 1400 fluminum,
959 1364 1077 1391 mon-

196 1415 319 1466 tium,
347 1413 567 1466 regionum
603 1412 844 1452 nominibus
877 1413 1077 1464 occupati

196 1481 322 1517 sunt:
353 1475 568 1516 abstrusas
587 1474 801 1524 historias,
819 1481 894 1515 aut
910 1478 1075 1524 μυθολο-

193 1531 377 1592 γούμενα,
394 1544 469 1578 aut
486 1539 689 1586 ποιητικῶς
706 1536 988 1588 θεολογυύμενα
1005 1551 1077 1579 ex-

194 1603 377 1655 plicant,
396 1602 668 1654 genealogias
687 1603 878 1642 Deorum
898 1614 948 1641 ac
968 1603 1076 1654 pris-

193 1679 340 1708 corum
377 1667 550 1706 heroum
589 1665 822 1716 diligenter
850 1665 1075 1705 rimantur.

194 1729 441 1770 Nobiliores
473 1729 538 1768 his
571 1728 736 1778 Critici,
766 1727 837 1779 qui
872 1733 1075 1780 tanquam

195 1804 396 1832 censores
427 1791 616 1844 quidam,
651 1796 697 1831 et
726 1795 918 1830 veterum
951 1791 1076 1831 libro-

194 1867 288 1895 rum
306 1855 512 1895 Senatum
541 1856 691 1906 legere
718 1859 910 1907 possunt,
927 1860 974 1894 et
991 1866 1075 1895 non

192 1917 352 1970 probos
381 1918 494 1958 tribu
523 1929 721 1958 movere:
752 1917 906 1971 quique
934 1931 1076 1970 παρεγ-

191 1978 457 2031 γεγραμμένα,
493 1980 741 2031 ἐμβολιμαῖα,
776 1978 992 2028 vallebona,
1030 1986 1076 2021 et

191 2042 342 2082 similia
375 2043 626 2095 deculpare,
674 2048 722 2083 ut
758 2054 903 2082 eorum
940 2042 1075 2084 verbo

190 2111 307 2157 utar,
325 2108 478 2146 solent.
505 2107 664 2158 Joseph.
682 2106 877 2157 Scaliger.

246 2158 532 2209 v11.'Praeter
567 2169 773 2221 Physicos]
822 2169 924 2220 Qui,
958 2174 1075 2221 post-

190 2244 318 2285 quam
335 2231 577 2273 dubitatum
596 2231 754 2282 fuerat,
771 2238 942 2272 terrane
964 2232 1074 2272 ulte-

190 2295 303 2336 riora
323 2308 376 2336 an
396 2296 600 2337 Oceanus
617 2302 883 2349 occuparet;
910 2300 1071 2336 terram

189 2359 364 2400 tandem
392 2359 535 2400 claudi
569 2359 749 2400 Oceano
776 2359 1072 2412 deprehende-

190 2428 306 2464 runt.
351 2423 464 2464 Vide
484 2422 708 2463 Aristotel.
728 2422 782 2463 de
797 2423 1013 2464 Generat.
1026 2428 1072 2463 et

190 2486 390 2539 Corrupt.
406 2498 457 2527 11.
484 2485 572 2526 Sed
585 2486 807 2537 probabile
820 2491 900 2537 est,
910 2486 1071 2526 Melam

188 2551 244 2591 de
262 2550 461 2603 Physicis
480 2550 610 2602 loqui,
641 2550 714 2602 qui
738 2549 955 2589 naturales
986 2549 1071 2589 his-

188 2614 322 2654 torias
357 2614 724 2665 conscripserunt.
794 2612 943 2654 Qualis
983 2612 1071 2652 Pli-

187 2677 295 2727 nius,
313 2676 436 2728 cujus
455 2676 590 2716 verba
610 2675 683 2716 lib.
703 2687 754 2716 11.
769 2679 836 2715 68.
866 2676 878 2697 ‘
898 2677 978 2716 Est
996 2676 1072 2727 igi-

187 2740 287 2792 tur‚’
308 2740 463 2793 inquit,
492 2741 505 2763 ‘
529 2741 572 2780 in
592 2745 683 2780 toto
701 2751 775 2779 suo
795 2738 920 2791 globo
942 2740 1070 2779 tellus

186 2804 329 2844 medio
363 2804 525 2844 ambitu
555 2803 795 2855 procincta,
821 2801 1070 2843 circumfluo

186 2867 308 2907 mari.
363 2867 458 2906 Nec
491 2865 752 2918 argumentis
788 2865 868 2905 hoc
897 2866 1070 2906 investi-

186 2929 389 2981 gandum,
406 2927 480 2968 sed
491 2928 583 2980 jam
603 2927 905 2979 experimentis
924 2928 1070 2980 cogni·

186 2991 307 3031 tum.'
338 2991 461 3031 Idem
482 2991 678 3043 sequenti
697 2991 843 3043 capite
863 2991 1072 3039 ostendit,

186 3068 335 3108 regum
347 3069 449 3096 cura
460 3057 767 3108 septentrionis
780 3069 898 3097 oram
917 3070 1072 3110 magna

187 3129 313 3173 parte
331 3123 576 3173 navigatam
593 3135 605 3162 ε
635 3135 715 3164 nec
728 3125 955 3165 verisimile
975 3138 1071 3167 esse

185 3185 274 3225 illic
294 3185 426 3225 maria
440 3183 643 3235 deficere,
658 3186 729 3226 ubi
742 3191 865 3228 tanta
883 3187 1069 3229 humoris

186 3246 249 3287 vis
268 3251 458 3298 superet.
486 3247 688 3287 Kenchen.

239 3309 548 3362 Homerumque]
578 3311 710 3362 Cujus
730 3311 771 3350 in
789 3311 868 3351 hac
883 3311 968 3352 fide
984 3325 1067 3353 non

184 3373 341 3424 exigua
359 3372 610 3412 authoritas.
666 3372 840 3425 Quippe
868 3374 940 3426 qui
971 3375 1069 3415 Phi-

184 3434 384 3486 losophiae
403 3446 579 3486 magnus
600 3434 768 3486 author,
785 3441 833 3476 ut
852 3447 906 3475 ex
927 3437 1063 3478 Quin·

181 3495 331 3547 tiliano
359 3497 529 3538 scimus.
585 3497 656 3538 Ob
687 3498 892 3539 ambitum
923 3505 1064 3541 autem

1918 268 2026 320 711

1144 399 1350 440 undarum
1380 403 1603 451 parentem
1623 399 1808 450 vocavit,
1826 398 2028 451 quemad-

1143 462 1314 503 modum
1346 475 1399 502 ex
1429 463 1503 501 illo
1530 462 1751 513 Virgilius.
1816 461 1944 502 Unde
1979 466 2027 501 et

1143 524 1271 564 illud:
1317 525 1381 574 Ἐξ
1416 522 1532 575 οὗπερ
1568 522 1712 565 πάντες
1741 524 1925 576 ποταμοὶ,
1960 523 2027 564 καὶ

1141 589 1250 628 πᾶσα
1279 587 1475 637 θάλασσα,
1512 587 1588 627 Καὶ
1623 589 1746 627 πᾶσαι
1779 590 1930 641 κρῆναι,
1961 588 2028 628 καὶ

1140 650 1305 703 φρείατα
1333 650 1462 702 μακρὰ
1491 649 1662 691 νάουσιν.
1716 650 1843 691 Addo
1864 651 2028 703 Diony-

1140 715 1246 754 sium
1265 712 1518 766 περιηγητὴν,
1538 713 1610 766 qui
1643 713 1687 752 in
1716 714 1928 765 principio
1959 715 2026 754 sui

1141 777 1310 829 operis:
1354 775 1559 826 Μνήσομαι
1583 775 1783 816 Ὠκεανοῖο
1801 777 2025 829 βαθυῤῥόου·

1141 841 1184 880 ἐν
1214 840 1292 893 γὰρ
1323 839 1453 890 ἐκείνῳ
1487 840 1605 879 Πᾶσα
1639 840 1760 890 χθὼν,
1806 836 1877 879 ἅτε
1908 842 2027 888 νῆσος

1138 902 1345 956 ἀπείριτος,
1364 901 1642 954 ἐστεφάνωται.
1699 901 1812 942 Vide
1833 902 1875 942 in
1897 903 2024 943 Com-

1139 967 1359 1008 mentariis
1380 966 1671 1007 Eustathium.
1709 967 1926 1007 Caeterum
1945 966 2026 1007 dif-

1137 1030 1308 1072 ficultas
1344 1030 1739 1085 circumnavigandi
1777 1041 1832 1069 ex
1861 1030 2023 1070 caussis

1138 1100 1184 1134 et
1199 1100 1351 1135 natura
1364 1095 1555 1135 locorum
1568 1099 1664 1133 orta
1681 1097 1760 1141 est,
1774 1098 1823 1133 ut
1838 1092 2028 1133 adstruit

1136 1157 1342 1199 Albertus
1361 1170 1458 1211 cap.
1474 1160 1515 1198 8.
1558 1157 1654 1197 Nec
1682 1155 1810 1196 fidem
1843 1155 2024 1196 adhibet

1139 1221 1388 1262 Herodotus
1405 1225 1560 1273 quarta
1573 1221 1699 1260 Musa
1716 1233 1726 1259 ε
1744 1218 1817 1258 τὸν
1833 1217 1874 1258 δὲ
1888 1219 2025 1259 ’.Ωκεα-

1135 1283 1202 1325 νὸν
1214 1283 1324 1336 λόγῳ
1353 1281 1425 1334 μὲν
1455 1282 1617 1333 λέγουσι
1646 1282 1722 1323 ἀπὸ
1749 1281 1864 1330 ἡλίου
1883 1283 2024 1323 &varo-

1135 1346 1235 1387 λέων
1269 1345 1475 1400 ἀρξάμενον
1509 1348 1586 1396 γῆν
1631 1345 1718 1397 περὶ
1747 1347 1883 1385 πᾶσαν
1912 1345 2026 1396 ῥέειν.

1137 1410 1263 1452 Quod
1283 1412 1413 1451 etiam
1438 1416 1590 1450 contra
1624 1409 1844 1449 Ciceronis
1865 1415 1910 1448 et
1930 1409 2023 1448 Ma-

1134 1476 1269 1517 crobii
1290 1475 1567 1527 senteutiam,
1585 1475 1655 1527 qui
1675 1474 1954 1514 Antoecorum
1976 1478 2023 1513 et

1133 1538 1401 1591 Antipodum
1422 1545 1559 1580 terras
1583 1536 1859 1578 interfluente
1880 1537 2023 1576 Ocea·

1136 1615 1191 1643 no
1235 1603 1517 1643 circumcirca
1560 1602 1754 1654 separari
1802 1606 2026 1654 putarunt.

1138 1665 1340 1707 Kencheu.

1193 1730 1343 1770 Testem
1367 1734 1498 1770 autem
1525 1730 1583 1770 rei
1613 1730 1664 1776 Q.
1686 1730 1893 1770 Metellum
1914 1730 2025 1770 Cele-

1136 1806 1219 1833 rem
1235 1792 1392 1844 adiicit]
1420 1792 1564 1833 Verba
1598 1793 1728 1833 Plinii
1762 1793 1836 1834 lib.
1856 1805 1908 1833 11.
1942 1792 2021 1832 sub

1137 1856 1266 1898 finem
1283 1870 1380 1910 cap.
1393 1861 1462 1898 67.
1489 1858 1501 1880 ‘
1523 1858 1672 1910 Nepos
1690 1857 1744 1897 de
1756 1857 2023 1909 Septentrio-

1137 1921 1222 1962 nali
1238 1921 1419 1962 circuitu
1440 1921 1588 1972 tradit,
1614 1921 1671 1962 Q.
1693 1922 1875 1962 Metello
1895 1921 2022 1962 Cele—

1139 1985 1192 2035 ri,
1218 1984 1267 2025 C.
1287 1983 1454 2024 Afranii
1484 1986 1527 2024 in
1561 1985 1802 2026 Consulatu
1826 1985 2026 2035 collegae,

1139 2047 1214 2087 sed
1248 2053 1339 2088 tum
1370 2048 1524 2088 Galliae
1555 2047 1816 2100 proconsuli,
1849 2046 1982 2087 Indos
2001 2060 2027 2087 a

1138 2112 1254 2163 Rege
1284 2112 1517 2152 Suevorum
1553 2111 1665 2152 dono
1698 2110 1839 2161 datos,
1870 2111 1941 2164 qui
1969 2123 2025 2150 ex

1138 2174 1260 2215 India
1293 2173 1539 2215 commercii
1572 2186 1720 2214 caussa
1752 2174 2023 2226 navigantes,

1137 2238 1472 2291 tempestatibus
1499 2243 1644 2278 essent
1671 2236 1714 2277 in
1747 2237 2024 2278 Germaniam

1138 2301 1340 2353 abrepti.'
1406 2301 1567 2342 Strabo
1596 2301 1674 2341 lib.
1702 2313 1766 2342 xl.
1795 2301 2024 2342 Herodoto

1137 2365 1180 2405 in
1217 2366 1508 2418 Melpomene,
1552 2365 1780 2406 Heraclidi
1823 2365 2026 2415 Pontico,

1137 2429 1387 2481 Posidonio,
1425 2429 1576 2469 eadem
1622 2429 1824 2470 Cornelio
1861 2429 2026 2480 Nepoti

1136 2493 1426 2542 narrantibus,
1456 2504 1541 2533 non
1572 2491 1714 2532 credit
1749 2491 1952 2544 quosdam
1971 2492 2024 2532 ab

1137 2555 1264 2595 India
1284 2555 1337 2595 ad
1358 2555 1504 2595 Gades
1534 2566 1668 2606 usque
1701 2559 1748 2594 et
1776 2554 2022 2594 Germauiae

1136 2618 1284 2657 littora
1303 2618 1544 2670 navigasse.
1565 2617 1717 2657 Schott.
1763 2617 1832 2656 De
1853 2616 2024 2657 Oceani

1136 2682 1409 2734 navigatione
1446 2682 1540 2733 lege
1570 2682 1776 2721 Senecam
1797 2692 1828 2721 1.
1855 2680 2023 2720 Suasor.

1135 2744 1339 2786 Ambros.
1368 2757 1438 2786 ιιι.
1469 2744 1681 2785 Hexaem.
1737 2743 1853 2784 Olim
1890 2743 2022 2783 etiam

1134 2808 1375 2848 instaurata
1396 2820 1475 2860 per
1497 2807 1777 2860 Portugalliae
1804 2819 1930 2859 reges
1950 2818 2023 2847 na·

1134 2871 1350 2923 vigatione
1381 2877 1497 2913 totus
1531 2871 1737 2912 circuitus
1775 2871 1869 2923 ejus
1906 2871 2024 2911 inno-

1134 2935 1236 2975 tuit.
1292 2935 1360 2974 De
1393 2935 1607 2975 Hannone
1637 2934 1736 2974 vide
1763 2934 1926 2974 Melam
1946 2931 2020 2975 ιιι.

1136 3002 1201 3038 10.
1229 2999 1432 3039 Κεαεὴεπ.

1190 3062 1260 3101 Ex
1274 3062 1423 3101 Indicis
1434 3061 1655 3113 ‹equor-ibus
1679 3061 1874 3112 abreptos]
1912 3061 2021 3100 Bre-

1134 3123 1227 3163 vius
1259 3124 1352 3163 haec
1388 3123 1564 3175 Plinius,
1595 3137 1619 3163 e
1655 3137 1756 3176 quo,
1789 3125 1904 3164 sicut
1936 3124 2020 3164 alia

1134 3186 1332 3238 quaedam
1365 3187 1555 3227 indidem
1590 3191 1841 3237 memorata,
1873 3187 2019 3228 hausit

1133 3250 1375 3289 Martianus
1398 3250 1574 3301 Capella
1590 3249 1664 3289 lib.
1679 3260 1742 3290 vt.
1760 3250 1900 3302 Satyr.
1921 3263 2018 3303 cap.

1135 3312 1205 3352 De
1225 3312 1492 3352 rotunditate
1511 3317 1664 3363 terrae3
1692 3313 1768 3354 sed
1788 3315 1908 3357 locus
1924 3326 2019 3355 cor-

1130 3382 1283 3427 ruptus
1303 3381 1388 3426 est,
1407 3381 1456 3416 ut
1475 3376 1607 3417 etiam
1622 3377 1804 3419 Schotto
1818 3378 2018 3419 observa-

1131 3441 1233 3477 tum.
1266 3437 1470 3479 Grotius:
1499 3439 1511 3461 ‘
1528 3438 1650 3479 Idem
1672 3440 1896 3481 Cornelius
1917 3446 2016 3492 post

1129 3507 1278 3554 captos
1299 3501 1430 3543 Indos
1450 3514 1530 3555 per
1548 3502 1822 3545 Germaniam
1840 3504 2015 3554 naviga-
