2306 3900
336 245 518 301 xxviii

389 386 476 439 (Sic
496 384 622 425 Cicer.
641 383 682 422 in
701 388 795 422 orat.
813 383 910 436 perf.
957 386 969 407 ‘
987 380 1037 422 In
1053 381 1211 437 Thucy-

389 441 482 479 dide
498 442 724 476 ornamenta
738 437 987 488 comparent?
1013 437 1171 488 Lamb.)

333 491 579 543 Compellare
608 489 778 541 aliquem
806 489 1038 530 fratricidam
1068 490 1213 541 (incre-

387 557 494 597 pare,
502 543 677 583 convicio
684 541 907 595 objurgare)
921 557 984 589 xx,
995 547 1017 583 l
1037 543 1214 595 (Buchn.

385 599 428 637 in
455 596 572 636 Thes.
602 595 634 634 F
635 596 715 635 abr.
746 596 802 634 ait
829 596 932 635 idem
959 596 1038 636 fere
1066 608 1150 635 esse
1167 608 1214 635 ac

387 662 582 695 accusare,
627 654 671 688 ut
713 650 819 700 apud
863 649 971 688 Suet.
1004 648 1116 688 Caes,
1163 653 1213 690 17

388 708 402 727 ‘
418 702 650 753 compellare
667 701 849 753 majorem
868 701 1128 753 potestatem,'
1147 715 1214 740 ex-

385 755 558 808 plicante
589 753 856 805 Casaubono).
883 754 1106 806 compellari
1138 755 1214 794 hoc

383 807 543 848 crimine
560 807 632 860 (de
649 821 697 847 eo
715 809 784 859 qui
799 808 841 845 in
854 807 1006 859 judicio
1030 807 1215 846 conveni-

386 867 448 900 tur
465 873 581 911 super
601 860 733 913 crim.)
761 860 827 906 vii,
843 863 870 899 4
898 860 994 912 (nisi
1011 865 1140 899 tamen
1158 861 1214 899 lo-

385 927 454 954 cus
484 926 580 951 corr.
609 919 680 952 est.
711 926 801 952 nam
826 912 957 965 scripti
970 913 1087 952 codd.
1105 913 1215 952 aliter

384 967 421 1006 le
449 972 519 1005 unt
1148 991 1150 996 ·

328 965 572 1071 Comsseneie
589 1018 737 1058 hostem
757 1020 855 1057 intra
873 1019 1012 1058 moenia
1035 1017 1108 1070 (al.
1126 1018 1216 1070 reji-

385 1085 471 1112 cere
501 1071 596 1122 &c.)
642 1073 732 1119 xvii,
751 1078 775 1111 5
806 1072 878 1124 (de
895 1073 956 1117 iis,
984 1072 1052 1124 qui
1069 1073 1214 1122 erupti-

385 1138 497 1164 onem
516 1124 722 1164 infeliciter
739 1125 969 1177 tentarunt).
983 1125 1212 1177 compellere

384 1192 431 1218 eo
448 1178 630 1228 aliquem,
650 1183 694 1215 ut
720 1178 810 1223 xxii,
828 1181 854 1217 2
1145 1209 1147 1211 .

330 1232 555 1283 Comperire
589 1230 737 1281 aliquid
772 1244 820 1268 ex
854 1230 973 1269 literis
1012 1229 1065 1276 iv,
1095 1233 1122 1270 4
1161 1232 1211 1270 ab

384 1285 515 1336 aliquo
550 1296 630 1322 rem
666 1289 812 1335 gestam
848 1284 901 1330 iv,
921 1287 944 1323 3
987 1284 1037 1322 de
1069 1283 1210 1323 scelere

383 1338 454 1376 filii
481 1338 532 1382 iv,
552 1341 576 1376 5

329 1389 553 1442 Complecti
584 1388 657 1440 (de
689 1389 945 1441 luctantibus)
972 1403 1034 1436 xv,
1054 1394 1080 1430 2
1108 1390 1209 1443 (vid.

381 1442 545 1482 Hieron.
568 1442 789 1480 Mercurial.
807 1443 858 1480 de
875 1447 946 1480 art.
977 1455 1110 1494 gymn.
1141 1444 1207 1481 lib.

383 1499 424 1535 2.
443 1509 478 1534 c.
497 1494 559 1546 8.)
587 1494 779 1546 complexi
806 1495 906 1533 inter
935 1508 977 1533 se
1006 1495 1079 1547 (de
1110 1499 1208 1534 serio

381 1547 667 1600 pugnantibus)
720 1547 828 1593 xviii,
863 1551 889 1586 4
944 1547 1087 1599 (Diod.
1131 1549 1208 1588 Sic.

383 1599 686 1648 συνεπλάκησαν
712 1599 915 1650 ἀλλήλοις,
943 1606 1009 1638 et:
1037 1609 1210 1650 συμπλε-

347 1681 350 1684 -
381 1653 629 1702 namnam-02⁸5
643 1651 820 1702 σώμασιι
850 1653 954 1691 Hinc
968 1653 1210 1693 vocis-trans·

384 1706 476 1745 latio
495 1712 536 1745 et
552 1718 643 1744 usus
661 1705 751 1744 artis
770 1705 981 1744 luctatoriae
999 1711 1121 1756 patet,
1142 1708 1210 1758 qui

382 1758 555 1797 innuitur
573 1759 658 1796 loco
677 1759 843 1809 Nepotis
862 1759 999 1808 priore.
1016 1758 1175 1811 Boecl.)

330 1811 553 1863 Complevit
569 1816 628 1850 tot
645 1824 766 1849 annos
782 1810 886 1862 (scil.
905 1811 1092 1862 vivendo)
1121 1826 1207 1858 xxv,

381 1867 433 1904 21
463 1864 570 1916 (Cic.
602 1866 651 1902 de
683 1870 827 1909 senect.
853 1877 939 1914 cap.
959 1869 982 1903 5
1013 1869 1025 1886 ‘
1046 1863 1209 1917 Gorgias

381 1925 537 1956 centum
555 1924 595 1956 et
609 1924 758 1967 septem
776 1917 984 1968 complevit
1000 1917 1156 1967 annos')

329 1970 537 2021 Completa
571 1978 661 2008 sunt
696 1971 831 2008 horum
866 1970 1036 2019 adventu
1073 1971 1209 2010 decem

352 2052 366 2056 s
382 2023 500 2061 millia
519 2023 567 2075 (i.
585 2037 620 2062 e.
639 2023 801 2075 effecta)
831 2023 858 2067 i,
877 2027 902 2062 5

329 2076 540 2126 Complura
551 2076 705 2114 castella
724 2076 801 2122 xiv,
817 2079 866 2114 10
894 2073 1113 2114 testimonia
1129 2077 1209 2127 xiii,

382 2132 408 2169 4
437 2129 499 2179 (in
533 2130 624 2167 edd.
655 2129 759 2180 vulg.
813 2128 891 2166 Sed
918 2128 960 2166 in
989 2134 1120 2168 nostra
1152 2137 1211 2168 est

382 2186 395 2205 ‘
414 2181 647 2234 pleraque').
695 2181 954 2232 compluribus
991 2181 1086 2220 locis
1113 2196 1151 2229 v,
1169 2186 1209 2222 4.

379 2235 459 2280 xiv,
480 2239 527 2274 11

329 2287 573 2337 Componere
602 2286 747 2325 bellum
765 2286 922 2338 (pacem
941 2286 1088 2338 facere)
1115 2288 1208 2334 xxii,

381 2344 419 2378 1.
447 2340 514 2384 vii,
532 2343 558 2378 8
585 2339 662 2390 (sic
693 2339 820 2376 Pollio
850 2350 912 2388 ap.
943 2338 1028 2377 Cic.
1055 2343 1120 2378 10.
1144 2354 1208 2391 ep.

381 2393 432 2430 ad
451 2391 545 2429 fam.
563 2398 602 2429 et
621 2391 762 2429 Vellei.
789 2390 832 2436 ii,
847 2394 914 2436 25.
935 2394 973 2429 1.
1001 2390 1103 2430 Eod.
1121 2405 1207 2430 sen-

383 2457 427 2482 su
450 2443 586 2482 Horat.
618 2447 666 2483 4.
689 2443 816 2482 Carm.
846 2446 910 2482 14.
937 2448 1032 2482 extr.
1074 2450 1086 2467 ‘
1105 2457 1208 2484 arma

380 2495 606 2547 composita’
625 2496 744 2547 dixit)

327 2548 554 2600 Composito
571 2548 643 2600 (de
662 2548 862 2594 industria,
891 2547 936 2588 ἐκ
950 2551 1207 2601 παρασκευῆς,

380 2602 523 2641 Plauto
551 2603 603 2640 de
633 2601 858 2653 compacto)
886 2602 964 2648 xiv,
982 2606 1008 2641 6
1037 2601 1207 2654 (Donat.

378 2656 429 2694 ad
448 2655 545 2693 illud
561 2655 648 2693 Ter.
667 2654 826 2693 Phorm.
855 2667 894 2700 ν,
914 2658 954 2701 1,
972 2654 1033 2694 29‘
1055 2660 1066 2678 ‘
1088 2657 1208 2696 Com-

378 2708 507 2759 posito
536 2707 678 2746 factum
698 2712 758 2745 est
774 2707 798 2744 :'
825 2707 903 2752 Sic,
932 2708 1073 2759 inquit,
1103 2714 1207 2748 vete-

378 2773 459 2799 res:
489 2772 561 2799 nos
579 2766 591 2783 ‘
607 2773 654 2799 ex
664 2759 985 2811 composito,'ut:
1015 2766 1027 2784 ‘
1040 2760 1210 2813 Com'po·

381 2814 454 2851 sito
471 2813 615 2864 rumpit
631 2826 781 2858 vocem,
793 2818 833 2851 et
848 2825 908 2852 me
922 2813 1091 2852 destinat
1104 2815 1206 2853 arae.'

379 2867 446 2917 qui
474 2866 627 2917 Virgilii
658 2879 786 2904 versus
813 2871 873 2904 est
904 2865 1000 2904 AEn.
1028 2867 1070 2913 ii,
1093 2867 1206 2919 139.)

377 2931 511 2970 parum
548 2919 775 2970 composite,
811 2931 925 2956 mox:
958 2919 1092 2958 >minus
1127 2920 1207 2959 ele-

378 2976 534 3075 gargterF
544 2971 770 3023 (utrumque
798 2971 848 3010 de
867 2971 1032 3022 puritate
1063 2985 1206 3012 sermo-

378 3024 438 3062 nis
463 3053 476 3071 ‚
536 3036 564 3062 r.
581 3028 607 3064 3

326 3078 662 3129 Comprehendere
675 3076 842 3128 aliquem
868 3076 921 3123 iv,
938 3080 965 3116 4

327 3131 588 3182 Comprimere
602 3132 735 3182 preces
752 3128 914 3180 alicujus
931 3130 1120 3169 taciturna
1134 3131 1204 3170 ob-

378 3185 585 3222 stinatione
603 3182 818 3236 (inhibere)
845 3197 932 3229 xxv,
950 3187 1003 3224 22
1031 3183 1094 3236 (in
1110 3184 1203 3223 edd.

380 3237 560 3288 quibusd.
578 3250 667 3275 nam
685 3237 726 3274 in
744 3236 829 3274 aliis
846 3241 906 3274 est
931 3241 943 3259 ‘
961 3236 1184 3289 depressit')

325 3287 628 3339 comprobatum
646 3291 720 3329 hoc
738 3294 798 3328 est
815 3288 970 3341 publice
996 3290 1104 3336 xxiii,
1121 3293 1147 3330 3

328 3341 496 3380 Conari:
542 3343 645 3408 prius
686 3342 867 3393 cogitare,
914 3355 1029 3394 quam
1072 3340 1202 3383 conari

380 3393 680 3446 (προσφερεσθαι
696 3394 913 3445 πράγματα,
927 3396 1054 3447 ipsum
1072 3402 1200 3435 actum

379 3453 501 3486 notat.
527 3446 684 3485 effectui
701 3459 779 3486 rem
797 3449 909 3500 dare)
937 3448 1014 3496 xiv,
1033 3452 1058 3489 7
1087 3462 1133 3488 ea
1160 3462 1200 3487 re

1171 258 1371 298 INDEX

1330 383 1465 424 fallere
1487 384 1530 431 ii,
1547 387 1574 426 7
1602 384 1738 424 frustra
1773 384 2029 423 dehortando*
2048 383 2157 437 (niti,

1330 437 1521 490 laborare)
1549 451 1638 485 ην,
1657 442 1709 478 21
1737 438 1859 477 multa
1882 437 1999 477 stulte
2016 437 2158 489 (sunci-

1329 503 1439 582 ptgg,
1457 490 1657 583 gaaitare)
1683 491 1788 584 {xiiii
1804 494 1831 531 8
1858 504 1882 530 a
1895 491 2122 530 conaturus!

1427 556 1442 582 ι
1484 556 1506 583 e
1547 557 1635 583 rreri
1661 557 1740 590 xiv,
1872 567 1875 569 Δ
2095 565 2098 569 ’

1279 596 1432 636 Conata
1464 597 1647 648 perficere
1682 596 1911 649 (destinata,
1938 595 2159 648 significan-

1331 649 1410 702 ter)
1437 663 1476 696 x,
1489 653 1515 690 8
1542 649 1879 702 (vid.Taubm.ad
1892 648 2023 687 Plant.
2035 649 2160 688 Merc-

1330 702 1428 754 prol.
1442 706 1509 744 39.
1523 703 1580 742 sic
1591 703 1722 743 caesar
1733 703 1783 742 B.
1802 702 1854 742 G.
1881 701 1910 748 i,
1930 705 1970 742 3.
1989 708 2038 740 et
2052 701 2162 740 Suet.

1334 755 1449 794 Galb.
1483 767 1519 794 c.
1539 759 1603 796 17.
1630 755 1829 795 lucretius
1854 754 1912 802 iii,
1939 758 2035 795 886.
2062 754 2162 792 dixit

1334 813 1346 830 ⁸
1359 814 1500 846 conata
1509 808 1687 858 patrare:
1705 807 1850 848 Accius
1863 808 1968 859 apud
1983 806 2158 846 Nonium

1333 866 1374 898 et
1382 860 1553 899 Velleius
1569 860 1688 907 ii,29,
1701 864 1741 900 1.
1761 865 1774 884 ‘
1785 860 1952 911 exequi:
1960 860 1987 900 J
1988 860 2162 900 uvenalis

1332 913 1414 951 Sat.
1423 916 1488 952 13.
1501 918 1513 936 ‘
1524 913 1733 965 peragere.’
1757 912 2160 965 Reponuntnonnulli

1333 967 1435 1005 hanc
1452 978 1588 1004 vocem
1606 972 1647 1004 et
1672 966 1725 1012 iv,
1743 965 1792 1018 3)

1279 1019 1506 1059 Concedere
1540 1018 1671 1070 aliquo
1704 1018 1922 1058 habitatum
1946 1017 1990 1064 ii.
2008 1021 2036 1058 8
2054 1022 2157 1058 con*

1331 1073 1470 1111 cedere
1498 1071 1615 1111 alicui
1645 1071 1813 1123 aliquem
1842 1071 2022 1124 (captum
2053 1072 2157 1110 bello

1330 1124 1512 1177 reddere)
1547 1138 1636 1171 xxv,
1654 1128 1679 1164 7
1715 1124 1976 1176 principatum
1992 1124 2158 1187 imperii
2195 1150 2202 1154 -

1329 1178 1410 1223 xiii,
1434 1182 1460 1217 2
1505 1191 1585 1216 non
1619 1179 1833 1217 concedere
1854 1176 1983 1216 alicui
2003 1178 2160 1228 ‚princi-

1329 1236 1464 1282 patum
1481 1230 1545 1283 (se
1562 1243 1759 1282 opponere
1774 1230 2031 1269 dominationi
2046 1230 2158 1284 ejus)

1327 1297 1367 1330 x,
1387 1288 1413 1324 6
1439 1297 1519 1322 non
1535 1284 1762 1324 conceditur
1774 1285 1850 1323 hoc
1863 1283 2018 1336 legibus
2030 1283 2158 1336 (leges

1326 1336 1480 1389 vetant)
1506 1336 1550 1383 ii,
1571 1341 1622 1377 10
1959 1341 1967 1351 ’

1274 1389 1485 1441 Conceptis
1497 1391 1621 1429 verbis
1640 1389 1812 1442 dejerare
1830 1389 1952 1429 ausim
1970 1388 2157 1443 (formula

1326 1442 1606 1492 asseverandi).
1634 1443 1698 1481 Fr.
1717 1447 1768 1483 12

1272 1493 1487 1534 Concidere
1506 1495 1626 1533 multa
1645 1495 1763 1534 millia
1777 1495 1965 1534 adversar.
1995 1495 2156 1548 (secun—

1325 1548 1375 1585 da
1431 1548 1618 1597 roducm3
1647 1549 1790 1594 delere,
1815 1548 2051 1601 interficere)
2078 1550 2156 1595 xiv,

1326 1603 1352 1638 8
1393 1560 1554 1651 Klpicos
1589 1602 1695 1647 xxiii,
1713 1605 1738 1640 3
1779 1601 1870 1640 Sic:
1899 1602 2157 1642 conciduntur

1324 1652 1503 1691 nonnulli
1519 1655 1570 1690 ab
1587 1653 1717 1692 insciis
1742 1667 1782 1698 x,
1802 1657 1853 1694 10
1880 1654 2054 1694 celeriter
2071 1667 2157 1707 per-

1325 1704 1428 1756 fugae
1456 1705 1534 1751 xiv,
1547 1709 1574 1745 6
1602 1706 1674 1759 (de
1686 1719 1826 1757 magna
1838 1712 1879 1745 et
1889 1707 2018 1746 subita
2029 1709 2154 1747 clade.

1324 1763 1462 1809 estque
1480 1759 1624 1810 ubique
1641 1760 1725 1798 haec
1743 1772 1817 1797 vox
1835 1760 1935 1799 inter
1949 1773 2030 1807 eas,
2066 1774 2155 1813 quae

1326 1822 1413 1848 cum
1434 1813 1604 1862 pondere
1619 1819 1660 1852 et
1671 1813 1857 1864 gravitate
1871 1820 1912 1852 et
1925 1812 2156 1853 fundamen·

1325 1869 1367 1901 to
1385 1863 1575 1914 αὐξήσεως
1586 1866 1779 1904 dicuntur.
1805 1865 1942 1905 Boecl.
1954 1867 2032 1904 vid.
2048 1867 2156 1906 Cort.

1325 1917 1375 1954 ad
1396 1917 1443 1957 C.
1463 1918 1604 1958 Caesar.
1622 1919 1672 1956 de
1701 1917 1805 1970 Rep.
1831 1918 1928 1958 Ord.
1956 1919 2032 1971 Ep.
2061 1919 2089 1966 i,
2114 1926 2155 1963 5.

1325 1981 1366 2007 n.
1395 1970 1440 2022 1)
1484 1970 1690 2010 concidere
1724 1971 1918 2023 (secunda
1951 1979 2128 2024 correpta

1325 2022 1407 2060 scil.
1425 2036 1471 2062 ex
1499 2024 1678 2075 vulnere)
1708 2037 1771 2070 xv,
1789 2029 1816 2064 9
1843 2023 2024 2075 conjectu
2054 2027 2152 2065 telo-

1323 2087 1406 2113 rum
1448 2077 1527 2123 υἱ,
1558 2082 1583 2116 5
1629 2077 1834 2117 concidere
1876 2078 1953 2117 hoc
1995 2078 2154 2119 crimine

1323 2126 1479 2179 (everti,
1506 2130 1696 2182 subverti)
1724 2130 1802 2177 xix,
1820 2134 1847 2170 2
1888 2130 1984 2170 vitio
2016 2133 2152 2171 adver-

1323 2181 1505 2221 sariorum
1531 2183 1665 2229 xvii,>5
1693 2183 1758 2222 Sic
1779 2198 1788 2221 :
1818 2183 1991 2223 concidit
2013 2185 2152 2236 majes-

1323 2239 1383 2272 tas
1416 2235 1566 2286 imperii
1601 2236 1744 2275 Laced.
1782 2238 1859 2282 xvi,
1892 2241 1920 2277 2
1957 2237 2153 2288 (Pertinet

1323 2286 1400 2326 huc
1418 2294 1582 2339 cognata
1598 2288 1811 2335 translatio,
1828 2289 2086 2330 conabefieri:
2113 2305 2151 2330 v.

1270 2340 1735 2431 0022?1}2}0B55r3{t)utem
1766 2392 1903 2445 (civib.
1932 2395 2010 2434 suis
2043 2396 2150 2450 scil.)

1322 2457 1385 2489 xv,
1421 2449 1445 2483 5
1502 2445 1701 2497 (Lambin.
1746 2447 1920 2498 exponit,
1964 2460 2148 2500 quaerere,

1320 2508 1561 2548 comparare..
1607 2497 1696 2536 Nisi
1710 2498 1786 2538 fors
1801 2499 2032 2550 capiendum
2042 2515 2149 2541 com·-

1321 2550 1533 2589 mendandi
1567 2551 1727 2590 notione
1761 2557 1803 2591 et
1835 2552 2069 2602 insinuandi,
2106 2561 2151 2594 ut

1320 2613 1449 2703 {352
1478 2603 2152 2708 ,23153ffi021332..b¹t32¹05ss5.233

1322 2712 1414 2755 tem,
1442 2722 1530 2761 quae
1565 2710 1637 2748 sub
1672 2710 1747 2748 isto
1783 2710 1863 2750 otio
1899 2719 2004 2751 certa
2037 2713 2148 2760 latet,

1320 2761 1440 2800 veluti
1452 2768 1651 2814 acceptam
1667 2763 1810 2803 reddis.
1843 2763 1952 2811 facis,
1980 2770 2025 2804 ut
2040 2769 2147 2818 quod

1321 2814 1492 2854 omniurn
1509 2815 1816 2855 noxiosissimum
1831 2822 1905 2863 est,
1921 2817 2041 2856 veluti
2058 2831 2147 2871 pro-

1320 2866 1459 2907 sutum
1504 2868 1787 2919 tranquillitatis
1831 2868 1958 2921 elogio
1993 2871 2147 2922 placeat

1319 2927 1557 2972 ameturque.
1585 2919 1741 2973 Boecl.)
1779 2922 1985 2963 conciliare
1997 2929 2144 2964 tantum

1318 2973 1439 3011 otium
1471 2974 1543 3012 toti
1569 2973 1704 3012 insulae
1720 2973 1788 3025 (ut
1803 2975 2010 3026 acquirere,
2038 2989 2144 3016 com·

1317 3026 1473 3078 parare)
1501 3040 1564 3072 xx,
1583 3030 1608 3066 3
1648 3026 1852 3066 conciliare
1888 3028 2004 3068 alicui
2035 3043 2144 3082 reges

1319 3077 1552 3131 (adjungere
1569 3080 1707 3131 partib.
1725 3079 1903 3132 alicujus,
1927 3084 2143 3133 pertrahere

1318 3131 1360 3169 in
1390 3132 1524 3170 societ.
1551 3132 1815 3184 consiliorum)
1842 3133 1950 3181 xxiii,
1969 3139 2020 3175 10
2046 3135 2143 3188 (nisi

1316 3182 1365 3222 τὸ
1400 3184 1631 3224 conciliabat
1664 3198 1688 3224 a
1719 3186 1845 3237 glossa
1879 3187 1974 3240 est).
2002 3196 2140 3239 pacem

1316 3236 1477 3289 (facere.
1529 3251 1640 3278 mox:
1696 3251 1927 3291 componere
1976 3240 2140 3293 bellum)

1315 3290 1407 3337 xxii,
1434 3295 1452 3331 1
1503 3292 1707 3331 conciliare
1741 3304 1877 3344 pacem
1910 3293 2010 3331 inter
2041 3293 2141 3333 duas

1315 3343 1488 3383 civitates
1515 3357 1554 3390 v,
1573 3348 1598 3384 8
1626 3345 1698 3397 (de
1731 3358 1793 3391 eo,
1820 3344 1890 3395 qui
1918 3345 2067 3385 medius
2099 3353 2140 3386 et

1315 3397 1436 3435 veluti
1464 3397 1604 3436 arbiter
1633 3397 1740 3448 pacis
1757 3397 1986 3443 intervenit,
2013 3398 2138 3438 offen-

1316 3462 1452 3501 sasque
1470 3450 1665 3490 conciliat.
1686 3450 1740 3489 sic
1769 3448 1853 3489 Cic.
1883 3453 1945 3491 10.
1961 3450 2052 3491 fam.
2069 3455 2136 3494 27.
