2306 3900
716 258 933 320 RERUKM
978 258 1054 297 ET
1094 258 1461 299 VERBORUM.
1514 262 1521 269 '

223 386 267 420 et
303 381 414 432 Mag.
449 382 527 435 leg.
564 382 809 424 Mnestheus.
851 385 1047 438 quomodo

225 435 259 474 V
265 435 332 487 irg.
353 436 447 474 AEn.
478 435 533 483 iv,
568 439 651 476 288
696 436 934 476 ‘Mnesthea
961 438 1047 477 Ser-

224 495 454 540 gestumque
465 489 606 529 vocat:
633 489 712 529 Sed
728 488 878 530 Graecis
889 502 1049 544 quoque

223 547 284 580 est
311 540 549 594 Μενεσθεύς)

172 594 291 632 Mens
325 595 605 648 (propositum,
638 594 869 649 consilium)
914 597 991 643 xvi,
1024 601 1046 638 1

227 648 300 687 hac
317 655 448 688 mente
473 649 528 695 ix,
546 651 587 688 4.
614 661 653 695 x,
671 650 712 688 9.
740 662 804 696 xx,
830 653 869 690 1.
906 649 1002 696 xvii,
1021 655 1048 692 4

220 699 336 750 (alibi
348 700 468 741 dixit:
487 703 562 742 hoc
570 702 734 741 consilio
749 703 841 750 xxii,
851 702 899 756 1)
917 710 1049 743 mente

222 754 359 793 eadem
376 767 461 795 esse
479 754 588 803 xxiii,
605 758 632 796 2
661 755 692 795 si
710 767 806 796 sana
823 769 933 796 mens
947 763 1050 797 esset

226 806 364 854 xvii,·6

170 859 351 899 Mensam
369 862 579 901 secundam
599 861 717 901 servis
733 861 927 915 dispertiit
953 862 1048 911 xvii,

220 917 247 954 8
274 913 360 966 (Sic
375 915 514 955 Cicero
528 915 579 954 ad
594 914 719 954 Attic.
747 916 827 962 xiv,
848 920 900 957 23
928 922 941 940 ⁴
962 917 1048 956 haec

220 966 371 1020 scripsi,
403 981 472 1007 seu
490 968 651 1014 dictavi,
676 970 858 1021 apposita
875 971 1047 1010 secunda

219 1033 367 1068 mensa,
380 1022 488 1074 apud
500 1021 750 1062 Vestorium.’
766 1021 906 1064 Horat.
927 1023 1047 1063 Serm.

219 1073 261 1120 ii,
277 1078 320 1121 2,
339 1078 414 1116 121
474 1079 582 1114 ‘tum
611 1075 771 1127 pensilis
799 1089 875 1115 uva
908 1089 1046 1117 secun-

219 1128 292 1166 das
306 1133 349 1167 et
363 1141 442 1167 nux
463 1129 626 1167 ornabat
641 1141 792 1168 mensas
808 1143 897 1169 cum
913 1129 1046 1182 dupli-

220 1193 266 1220 ce
281 1180 386 1220 ficu.’
429 1181 484 1220 Et
501 1181 580 1220 alii.
619 1180 778 1222 Scilicet
795 1183 957 1222 bellaria
978 1196 1047 1235 per

220 1239 232 1257 ‘
248 1245 419 1273 mensam
473 1236 684 1275 secundam
698 1236 710 1254 ’
761 1236 1046 1289 intelliguntur,

218 1287 310 1339 (Gr.
330 1287 528 1340 πέμματα,
550 1288 822 1341 τραγήματα,)
851 1303 939 1342 quae
957 1298 1047 1342 post

220 1340 318 1380 alios
336 1342 445 1381 cibos
462 1341 638 1382 convivis
660 1343 745 1395 jam
763 1343 852 1382 cibo
871 1349 1046 1396 potuque

217 1394 365 1434 satiatis
380 1397 693 1447 apponebantur,
706 1398 757 1435 ad
772 1408 906 1436 eorum
924 1410 1047 1450 appe-

218 1447 332 1486 titum
367 1448 479 1501 quasi
515 1449 647 1488 denuo
685 1449 954 1489 excitandum.
995 1452 1047 1490 de

219 1513 384 1552 quorum
418 1502 608 1542 instructu
638 1503 720 1542 vid.
756 1503 893 1542 Stuck.
922 1504 1046 1556 antiq.

217 1555 373 1662 convi3.
398 1554 456 1604 iii,
475 1559 515 1596 2.
543 1561 585 1595 et
603 1555 771 1610 Buleng.
790 1557 842 1596 de
856 1557 1045 1597 conviviis

219 1607 263 1655 ii,
277 1611 333 1649 89
354 1634 361 1642 ι

166 1662 353 1702 Mentio:
398 1663 451 1702 de
479 1675 559 1715 quo
588 1662 826 1702 mentionem
857 1663 974 1703 Plato
1004 1664 1046 1703 in

217 1714 427 1769 Symposio
462 1716 559 1755 facit
593 1715 730 1770 (cujus
765 1715 821 1755 rei
855 1717 1046 1764 meminit,

214 1781 335 1820 quam
351 1782 430 1809 rem
449 1768 598 1823 narrat)
623 1771 692 1816 vii,
710 1773 738 1810 2
777 1769 868 1810 Sic:
897 1771 949 1810 de
966 1780 1047 1823 quo

218 1835 334 1875 supra
352 1823 589 1863 mentionem
598 1823 762 1864 fecimus
772 1820 908 1878 (cuj'us
924 1824 1043 1864 vitam

217 1887 335 1929 supra
351 1876 653 1930 explicavimus)
680 1890 744 1924 xv,
759 1881 786 1918 4

164 1928 352 2021 Mefiitiri:
398 1943 450 1970 ne
474 1931 570 1983 joco
596 1931 754 1984 quidem
785 1931 1044 1971 mentiebatur

257 1996 359 2035 paru.
388 1997 452 2032 xv,
472 1989 496 2025 3

164 2035 399 2077 Mercenarii
414 2037 550 2078 scribae
580 2038 681 2091 (non
715 2037 799 2077 sine
833 2044 927 2077 nota
957 2037 1045 2078 vilis

218 2090 337 2129 animi
362 2097 406 2130 et
430 2104 560 2143 operae
593 2093 678 2132 haec
695 2104 785 2138 vox,
805 2091 978 2131 honestis
997 2105 1043 2131 ac

217 2143 417 2183 industriis
431 2144 535 2191 viris,
554 2146 623 2198 qni
640 2146 758 2184 fidem
778 2145 909 2196 potius
926 2158 1043 2198 quam

219 2197 367 2236 lucrum
399 2203 593 2250 spectant,
624 2198 893 2250 majorumque
918 2211 1044 2238 rerum

218 2255 368 2290 actores
401 2257 493 2290 sunt
521 2251 595 2292 διο.
628 2250 864 2304 opponitur)
890 2251 1000 2304 xviii,
1019 2256 1041 2292 1

216 2303 304 2358 (Ita
317 2304 462 2357 passim
480 2318 544 2358 ap.
558 2312 734 2346 auctores
750 2319 760 2343 τ
782 2310 795 2327 ‘
809 2305 1045 2345 mercenaria

217 2370 348 2409 opera,
387 2359 608 2399 mercenarii
641 2358 831 2398 homines’
861 2357 935 2399 ὅτε.
954 2371 1043 2400 cum

217 2412 389 2464 quodam
408 2418 610 2453 contemtu
628 2412 824 2452 dicuntur.
841 2411 1043 2465 Boecler.)

216 2466 443 2505 mercenarii
479 2466 619 2506 milites
663 2479 730 2513 xx,
750 2470 774 2506 1
820 2465 1044 2507 desciscunt

219 2518 312 2565 xxii,
327 2523 354 2559 2

164 2571 321 2611 Merere
347 2571 585 2624 stipendium
611 2571 797 2626 (militare
814 2571 890 2612 eze.
910 2584 948 2611 v.
966 2572 1042 2612 Sti·

217 2623 360 2677 pend.)
387 2625 490 2673 xxiv,
510 2630 532 2667 l

165 2678 309 2718 Meteri
342 2679 441 2718 bene
466 2680 518 2718 de
535 2692 618 2732 rep.
645 2679 725 2726 xix,
745 2683 772 2720 2
816 2678 928 2733 (mox
948 2691 1042 2733 opp.

217 2732 318 2771 male
335 2732 537 2772 consulere
555 2731 724 2786 patriae).
763 2733 922 2773 meritus
940 2735 1042 2786 opti-

221 2799 282 2825 me
300 2787 352 2826 de
370 2786 439 2825 illo
466 2787 523 2834 iv,
539 2790 566 2827 4

166 2838 319 2879 Meritis
355 2840 487 2880 multis
517 2840 741 2893 magnisque
776 2853 842 2894 ap.
871 2839 1041 2894 aliquem

218 2893 346 2932 valere
376 2894 431 2941 ix,
450 2898 476 2935 3

166 2945 352 2986 Messena
368 2946 586 3001 (restituta)
616 2959 681 2994 xv,
699 2950 739 2987 8.
768 2946 847 2994 xvi,
866 2950 892 2988 4

165 2999 355 3039 Metalla:
399 3014 446 3041 ex
479 3000 645 3041 metallis
673 3002 802 3040 facere
834 3001 1041 3053 pecuniam

218 3064 256 3099 v,
274 3057 297 3093 1
343 3053 433 3094 Sic:
463 3068 512 3094 ex
545 3053 710 3095 metallis
726 3053 854 3094 redire
872 3055 1041 3107 pecunia

218 3105 363 3146 dicitur
387 3107 431 3154 ii,
449 3112 476 3148 2
503 3107 691 3162 (intellig.
709 3108 857 3147 fodinae
876 3107 1040 3148 metalli-

218 3172 291 3199 cae.
336 3160 402 3200 Sic
419 3173 577 3213 quoque
591 3161 766 3209 Tacitus,
784 3161 951 3208 Plinius,
969 3161 1042 3201 So·

218 3213 334 3260 linus,
371 3213 452 3253 alii.
482 3216 561 3254 vid.
594 3214 748 3254 Buchn.
781 3214 968 3254 Thesanr.
1004 3229 1040 3253 v.

218 3266 450 3320 Metallum)

164 3321 351 3360 metellus
368 3322 419 3368 Q·
439 3320 568 3367 celer,
586 3319 648 3359 Fra
666 3323 693 3360 7

165 3375 380 3414 Methodus
399 3374 560 3413 vitarum
579 3373 865 3415 scribendarum
892 3384 958 3420 xv,
980 3376 999 3413 1

167 3427 300 3466 Metiri
335 3427 505 3482 aliquem
540 3428 709 3475 fortuna,
746 3427 886 3467 virtute
918 3426 1041 3477 (aesti-

218 3492 322 3520 mare
356 3494 379 3521 e
409 3483 578 3530 fortuna,
614 3494 637 3520 e
673 3482 833 3534 virtute)
877 3479 984 3528 xviii,
1015 3485 1035 3521 l

1878 256 1990 302 xcv

1166 397 1276 424 usum
1305 384 1483 436 pecunie
1509 395 1588 422 non
1614 381 1894 435 magnitudine,
1919 385 1987 423 s'ed

1165 437 1314 477 ratione
1342 451 1432 484 xxv,
1454 439 1507 477 14

1112 489 1244 530 Metui
1276 491 1407 536 malle,
1435 500 1552 542 quam
1577 489 1710 537 amari,
1730 488 1988 543 periculosum

1164 557 1204 590 x,
1222 547 1250 584 9
1292 543 1406 596 diligi
1425 553 1541 595 quam
1561 543 1680 582 metui
1697 552 1740 581 se
1763 543 1900 582 maluit
1920 543 1988 585 Ti-

1163 596 1320 636 moleon
1348 610 1413 643 xx,
1433 601 1459 636 3
1504 595 1592 648 (Sic
1609 596 1661 635 de
1679 594 1906 635 Alexandro
1924 597 1987 636 M.

1163 649 1310 689 sustin.
1337 650 1394 696 ix,
1410 649 1453 696 8,
1473 652 1525 690 18
1554 653 1567 673 ·
1581 648 1701 688 amari
1718 655 1829 702 pater
1846 650 1987 700 malle3

1163 702 1227 744 hic
1244 701 1407 754 metui’)

1112 755 1319 809 Micythus
1345 768 1410 803 xv,
1427 759 1456 797 4

1111 810 1308 860 Migrare:
1348 820 1430 848 non
1458 812 1508 848 e'x
1537 807 1633 856 vita,
1651 808 1722 848 sed
1740 819 1788 848 ex
1811 808 1929 848 domo
1946 808 1989 849 in

1163 864 1322 901 domum
1339 862 1545 902 videbatur
1571 862 1733 916 migrare
1762 861 1836 914 (de
1853 862 1988 903 Attico

1164 916 1205 955 in
1224 922 1344 956 morte
1362 917 1621 956 constantiam
1639 914 1884 968 vocis-atque
1902 917 1988 956 vul-

1164 975 1226 1008 tus
1246 968 1449 1021 servante)
1478 983 1567 1017 xxv,
1585 972 1640 1010 22

1110 1023 1230 1063 Miles
1251 1022 1343 1075 jure
1374 1036 1446 1062 suo
1467 1022 1657 1062 nonnulla
1685 1021 1736 1060 ab
1756 1022 1986 1075 imperatore

1163 1076 1444 1124 vindicatviii,
1470 1081 1490 1117 1
1521 1074 1664 1115 milites
1692 1076 1835 1128 regiam
1870 1082 1984 1116 tuen-

1164 1136 1222 1169 tes
1242 1143 1307 1182 ap.
1327 1130 1466 1170 Persas
1492 1128 1574 1177 xiv,
1607 1133 1628 1169 1
1650 1128 1793 1168 milites
1811 1128 1988 1176 Fabiani,

1163 1183 1452 1236 Iphicratenses
1487 1183 1579 1238 (pro
1612 1181 1909 1236 praestantibus)
1934 1185 1987 1230 xi,

1161 1241 1188 1277 2
1215 1238 1358 1276 milites
1375 1237 1548 1276 veterani
1573 1237 1761 1288 imperare
1787 1237 1988 1289 postulant

1164 1289 1270 1338 xviii,
1285 1294 1311 1332 8

1108 1343 1268 1383 Militiae
1301 1343 1494 1383 Romanas
1529 1342 1685 1383 initium
1716 1351 1844 1382 annus
1875 1354 1988 1382 xvu.

1162 1398 1289 1437 aetatis
1308 1397 1412 1446 xxiv,
1431 1401 1452 1437 1
1474 1397 1534 1450 (v.
1551 1397 1659 1449 Lips.
1672 1397 1724 1436 de
1739 1395 1854 1435 milit.
1867 1395 1986 1436 Rom.

1163 1451 1230 1489 lib.
1249 1451 1277 1489 i.
1298 1450 1405 1490 Dial.
1427 1451 1476 1501 2)
1869 1499 1872 1501 ,

1108 1503 1296 1545 Militaris
1314 1504 1368 1543 rei
1389 1504 1497 1543 labor
1513 1503 1595 1557 (res
1613 1503 1717 1543 bello
1736 1502 1880 1556 gestae)
1908 1502 1987 1551 xix,

1163 1561 1187 1598 1
1226 1558 1268 1596 in
1283 1571 1323 1598 re
1338 1555 1492 1596 militari
1510 1557 1633 1596 multa
1650 1556 1793 1609 partim
1806 1566 1907 1596 nova
1927 1563 1986 1595 at-

1162 1611 1266 1657 tulit,
1287 1611 1424 1663 partim
1443 1610 1602 1650 meliora
1620 1610 1714 1650 fecit
1738 1611 1792 1657 xi,
1813 1613 1836 1650 1
1883 1609 1987 1649 mili-

1164 1665 1235 1704 tari
1253 1663 1462 1717 disciplina
1479 1664 1724 1711 nobilitatus,
1743 1662 1841 1704 ibid.
1870 1663 1987 1702 vesti-

1165 1724 1206 1758 tu
1222 1724 1378 1758 ornatus
1406 1717 1523 1765 xiv,9
1551 1717 1736 1757 militares
1755 1716 1849 1770 equi
1874 1715 1986 1765 xviii,

1107 1824 1227 1864 Mine
1242 1823 1412 1865 militum·
1434 1824 1464 1870 i,
1484 1829 1508 1865 6
1551 1824 1656 1864 mille
1675 1823 1878 1863 hominm
1904 1821 1986 1870 xiv,

1159 1882 1186 1918 8
1231 1878 1317 1932 (Sic
1347 1879 1451 1918 enim
1483 1884 1587 1918 recte
1619 1877 1699 1917 diei
1730 1872 1885 1917 Geffius
1911 1874 1986 1924 i,6

1159 1931 1363 1985 ostendit).
1406 1933 1543 1971 decem
1561 1931 1682 1971 millia
1698 1943 1882 1984 passuum
1910 1929 1940 1977 i,
1955 1933 1983 1970 4

1160 1986 1296 2025 decem
1327 1985 1448 2024 millia
1478 1991 1708 2024 armatorum
1733 1985 1762 2031 i,
1791 1988 1816 2023 6
1863 1979 1986 2023 multa

1159 2039 1280 2078 millia
1310 2039 1611 2078 adversariorum
1640 2037 1718 2085 xiv,
1736 2041 1763 2077 8
1826 2036 1920 2076 Scil.
1938 2036 1986 2077 τὸ

1161 2092 1265 2132 mille
1280 2105 1432 2145 semper
1448 2092 1684 2144 adjectivum
1703 2091 1813 2143 plura
1871 2088 1985 2131 ἅκλι-

1158 2160 1230 2186 τον
1247 2153 1321 2194 est,
1339 2153 1380 2185 et
1399 2158 1581 2198 generum
1600 2146 1788 2184 omnium.
1823 2142 1878 2183 Et
1894 2145 1985 2183 snb-

1161 2199 1287 2238 audiri
1325 2200 1366 2238 in
1403 2198 1534 2251 primis
1569 2198 1653 2237 istis
1698 2198 1853 2236 duobus
1888 2197 1985 2237 locis

1161 2257 1174 2276 ‘
1190 2252 1338 2292 manus'
1357 2253 1419 2292 vel
1434 2259 1447 2276 ‘
1461 2251 1656 2291 numerus’
1670 2258 1739 2291 aut
1751 2251 1876 2290 simile
1889 2250 1984 2304 quid

1160 2306 1293 2346 debet.
1346 2305 1410 2345 Sic
1437 2305 1542 2345 enim
1561 2304 1712 2357 integre
1729 2304 1870 2356 Virgil.
1890 2305 1986 2344 AEn.

1161 2372 1200 2406 x,
1221 2364 1315 2401 167.
1343 2365 1354 2383 ‘
1371 2359 1452 2398 Sub
1472 2371 1551 2411 quo
1577 2358 1683 2399 mille
1708 2370 1844 2397 manus
1869 2356 1986 2409 juve-

1158 2413 1268 2452 num’
1285 2413 1360 2453 &c.
1396 2412 1487 2452 Val.
1506 2413 1619 2451 Max.
1647 2411 1730 2459 viii,
1751 2416 1802 2452 15
1832 2415 1844 2435 ‘
1861 2410 1982 2451 Sena-

1160 2472 1239 2513 tus,
1254 2465 1323 2519 qui
1351 2466 1457 2505 mille
1473 2465 1677 2504 hominum
1706 2476 1869 2503 nurnero
1887 2477 1983 2505 con-

1160 2519 1268 2566 stat,'
1298 2525 1340 2558 et
1357 2518 1437 2558 alii.
1455 2518 1600 2565 Millia,
1618 2528 1709 2556 vero
1729 2517 1881 2571 piurale
1898 2517 1986 2570 qui-

1160 2573 1251 2612 dem
1283 2571 1521 2623 adjectivum
1553 2577 1628 2618 est,
1646 2571 1717 2610 sed
1744 2575 1926 2610 'neutrum
1946 2577 1987 2610 et

1160 2625 1408 2665 declinabile.
1463 2625 1515 2665 Et
1532 2623 1702 2665 materia
1728 2630 1987 2677 congruenter

1160 2679 1331 2733 suppleri
1339 2679 1471 2732 aliquo
1484 2678 1725 2718 substantivo
1732 2678 1866 2725 debet,
1879 2678 1986 2731 quod

1160 2745 1302 2785 genere
1335 2739 1378 2773 et
1394 2745 1554 2772 numero
1572 2732 1701 2772 eidem
1718 2732 1954 2783 respondeat
1974 2745 1983 2770 ε

1159 2787 1358 2839 quomodo
1377 2799 1413 2826 v.
1433 2786 1518 2840 g.·i‚
1537 2790 1563 2827 4
1591 2785 1732 2839 spatia,
1750 2786 1779 2833 i,
1794 2789 1819 2825 5
1847 2791 1890 2824 et
1909 2785 1986 2831 xiv,

1159 2844 1186 2881 8
1213 2853 1391 2893 corpora,
1421 2839 1680 2880 subaudiend.
1711 2839 1793 2881 vid.
1827 2839 1984 2879 Fuscus.

1161 2894 1348 2947 Grosipp.
1366 2895 1553 2947 paradox.
1572 2894 1673 2933 liter.
1698 2892 1825 2945 Epist.
1852 2894 1918 2933 u.
1945 2896 1987 2931 et

1161 2947 1335 2988 Gronov.
1351 2949 1402 2988 de
1552 2975 1563 2987 .
1579 2954 1657 2987 vet.
1684 2944 1742 2993 iii,
1757 2944 1840 2998 10)-
1863 2962 1866 2966 ’

1105 3000 1310 3041 Miltiades
1327 3002 1489 3041 colonos
1512 3002 1803 3045 Chersonesum>
1820 2998 1930 3038 ducit
1957 2998 1986 3045 i,

1162 3058 1183 3095 l
1245 3054 1437 3095 Lemnum
1471 3060 1514 3094 et
1545 3053 1742 3107 Cycladas
1774 3051 1883 3104 capit
1907 3050 1937 3098 i,
1956 3051 1983 3090 2

1160 3109 1366 3148 consilium
1384 3109 1454 3148 dat
1479 3107 1724 3148 excutiendae
1747 3103 1983 3144 dominatio-

1159 3162 1220 3201 nis
1239 3161 1407 3202 Persice
1434 3162 1463 3209 i,
1493 3166 1517 3202 8
1564 3157 1818 3200 Marathonia
1849 3168 1984 3210 pugna

1159 3215 1286 3278 vincit
1307 3216 1374 3279 i‚·5
1421 3215 1538 3267 quale
1572 3213 1776 3266 praemium
1809 3208 1985 3251 victorie

1159 3270 1405 3359 {3¹31}ss
1418 3266 1606 3367 5:²5⁸&
1620 3318 1664 3369 id
1698 3273 1983 3358 ‹1anoess

1160 3372 1325 3413 vinculis
1343 3372 1517 3421 moritur.
1532 3372 1631 3413 ibid.
1657 3384 1749 3413 vcra
1765 3369 1983 3411 damtio-

1159 3426 1219 3471 nis
1231 3426 1316 3479 ejus
1334 3437 1451 3466 musa
1478 3425 1546 3475 },8
1591 3426 1678 3466 laus
1688 3425 1776 3480 ejtts
1793 3425 1821 3473 l,
1843 3429 1880 3466 1.
1899 3428 1939 3467 2.
1956 3425 1982 3462 8

1106 3481 1296 3521 Minervas
1328 3480 1432 3522 mdes
1470 3478 1525 3528 iv,
1548 3485 1573 3522 5
1621 3479 1808 3533 templum
1837 3477 1928 3525 xvii,
1954 3478 1980 3515 Δ
