2306 3900
709 242 928 284 RERUM
974 244 1050 285 ΕΤ
1091 241 1461 287 VERBORUM.

210 367 330 422 cidit)
354 369 435 416 xiv,
454 369 480 410 8
499 381 559 409 res
577 367 738 408 illustris
753 381 848 421 pop.
866 366 1050 409 Romani⁴

210 436 300 471 xxv,
319 425 372 464 18
399 435 528 476 neque
553 434 614 462 res
638 422 719 462 ulla
733 428 844 475 gesta
861 428 922 462 est
938 423 1039 475 pub-

209 477 287 516 lica
299 477 375 517 &c.
402 490 466 523 xx,
482 480 507 518 3
535 489 596 517 res
607 476 771 530 privata,
785 475 945 528 publica
971 475 1039 523 vii,

209 533 237 571 3
278 543 339 571 res
371 530 496 583 major
519 529 563 578 ii,
583 533 607 571 1
645 529 738 570 Sic:
768 542 828 570 res
858 529 1039 580 majores,

210 584 274 623 Fr.
295 588 347 625 12
371 583 373 585 ’
407 597 468 624 res
495 584 647 624 Graecae
671 583 777 630 xxiv,
803 587 832 625 3
872 583 1039 631 Italicus,

209 637 308 678 ibid.
354 636 524 678 Persica
549 637 606 684 ix,
625 641 650 678 5
695 637 902 683 Romanae,
929 637 993 676 Fr.
1012 641 1037 677 3

209 691 417 743 (memoria
445 704 571 731 rerum
608 690 849 738 Graecarum,
879 690 1040 732 Italica-

209 758 308 792 rum,
336 745 411 785 ὅτε.
465 744 594 784 Aliter
620 745 813 798 accipitur
837 744 880 784 in
912 744 988 784 isto
1004 744 1049 798 2)

206 798 320 839 rebus
335 797 526 840 Romanis
541 797 803 852 tranquillatis
813 798 864 851 (i.
876 811 914 839 e.
932 811 1039 839 com·

208 852 361 904 positis,
405 852 550 893 sedatis
585 853 724 901 turbis,
773 865 863 906 quae
897 850 1039 893 Romae

206 912 303 946 ortre
336 905 514 959 fuerant)
555 920 645 954 xxv,
677 910 705 948 4
759 919 821 946 res
854 906 1041 948 memoria

209 959 341 1013 dignm
367 960 436 1008 xii,
457 965 479 1002 1
521 973 582 1001 res
609 959 782 1001 militaris
808 959 836 1007 i.
857 963 897 1000 8.
935 960 994 1008 iii,
1011 965 1039 1002 2

208 1014 348 1066 (omne
377 1015 479 1055 circa
509 1014 615 1054 bella
644 1014 819 1066 gerenda
835 1013 1039 1067 negotium

206 1080 255 1107 ac
290 1068 455 1108 scientia
495 1067 852 1121 comprehenditur.
906 1068 1041 1108 Habet

207 1127 249 1160 et
277 1122 448 1174 pnblicae
471 1121 814 1162 administrationis
831 1122 1040 1175 operisque

207 1174 571 1270 3⁸¹¹&ssssme
587 1182 744 1270 '4⁸’ssss
760 1175 1041 1286 ‘imis

205 1281 327 1323 alias:
356 1297 505 1324 summa
533 1283 682 1334 rerum)
709 1283 817 1331 xviii,
836 1288 878 1325 92
898 1288 952 1325 Μ
979 1298 1039 1325 re-

207 1349 291 1376 rum
324 1350 475 1378 summa
505 1337 733 1400 (imperinm
765 1351 959 1379 summum
991 1351 1038 1379 ac

208 1390 406 1443 potestas)
435 1390 543 1438 xviii,
576 1396 600 1431 5
641 1391 732 1431 Ita:
762 1405 887 1431 rerum
922 1393 1039 1445 potiri

205 1445 405 1496 (quamvis
436 1446 512 1484 hoc
545 1445 729 1496 ἐξοχικΰς
761 1446 1037 1497 accipiendum

206 1498 271 1544 sit,
303 1498 356 1538 de
386 1498 654 1539 dominatione
684 1498 925 1552 principatus
952 1498 1038 1539 Ro-

208 1550 316 1591 mani
350 1551 608 1606 oligarcbica)
654 1566 744 1600 xxv,
781 1557 810 1594 9
871 1566 1038 1604 praeesse

208 1605 321 1644 rebus
351 1607 452 1659 regis
490 1606 568 1654 xix,
600 1610 624 1646 3
679 1607 793 1646 rebus
826 1606 1037 1660 majoribus

209 1670 374 1710 praesse
400 1660 481 1707 xiv,
509 1663 550 1701 2'
578 1660 692 1700 rebus
723 1659 899 1700 maximis
918 1661 1039 1714 gestis

205 1712 276 1760 vii,
290 1718 314 1753 6
344 1714 395 1754 de
410 1714 524 1754 rebus
537 1714 697 1754 summis
715 1713 885 1754 consilia·
896 1727 1037 1767 capere

206 1766 259 1820 (i.
285 1781 323 1807 e.
350 1768 402 1807 de
429 1780 579 1807 summa
603 1781 744 1816 rerum,
777 1767 860 1807 sive
883 1768 934 1808 de
967 1781 1036 1808 ne-

277 1819 301 1830 ““
358 1834 547 1862 summam
587 1834 713 1861 rerum
747 1823 1036 1876 spectantibus)

208 1873 316 1921 xviii,
329 1878 361 1916 -7
390 1875 542 1928 (Etiam
570 1875 648 1924 τὴν
676 1874 880 1917 πολιτείαν
909 1883 1036 1924 notat,

207 1933 261 1973 ut,
283 1928 326 1967 in
356 1929 424 1968 illo
440 1929 476 1982 e)
503 1942 564 1970 res
595 1930 832 1971 constituere
857 1929 888 1977 i,
906 1933 933 1972 2
961 1931 1035 1984 (de

205 1987 311 2023 statu
341 1983 540 2036 imposito,
563 1984 758 2037 rebusque
794 1997 841 2024 ac
874 1985 1031 2037 provin-

205 2035 276 2075 ciis
295 2036 496 2077 ordinatis.
551 2037 685 2085 Quare
706 2052 794 2078 mox
814 2038 1037 2092 Synonym.

206 2095 217 2112 ⁶
228 2089 473 2132 Chersoneso
481 2091 856 2145 constituta,’ibid.)
874 2092 940 2132 Sic
953 2107 962 2131 ε
978 2105 1040 2133 res

206 2143 459 2184 Macedoniae
477 2157 672 2198 occupare
689 2145 740 2199 (i.
757 2159 793 2187 e.
811 2146 1038 2200 imperium)

206 2196 313 2244 xviii,
343 2201 372 2238 6
413 2197 474 2252 (v.
502 2198 621 2240 Thes.
661 2199 817 2239 Buchn.
861 2199 1040 2239 Pertinet

160 2273 165 2276 ·
206 2250 284 2290 huc
319 2258 362 2290 et
395 2251 503 2291 istud
522 2252 557 2305 z)
605 2265 748 2306 magna
783 2253 1037 2293 commutatio

205 2316 331 2344 rerum
360 2306 497 2345 horum
519 2306 685 2359 imperio
710 2307 816 2346 facta
834 2312 901 2346 est
921 2306 990 2354 vii,
1010 2312 1035 2347 5

206 2356 267 2408 (v.
286 2358 509 2411 Commut.)
545 2373 625 2400 rem
651 2360 838 2412 expedire
863 2359 938 2414 (de
960 2360 1037 2401 dif-

206 2410 300 2451 ficili
334 2413 517 2466 negotio)
562 2413 669 2460 xviii,
705 2417 735 2454 9
788 2427 869 2454 rem
904 2427 1038 2467 gerere

203 2464 392 2516 (praeesse
425 2480 479 2518 pu

206 2531 339 2570 gerere
375 2519 451 2572 (de
487 2518 720 2560 infelicitate
755 2519 864 2568 belli,
910 2523 1039 2564 κακῦε

205 2569 404 2623 πράττειν,
432 2572 491 2612 uti
526 2573 690 2613 adversa
725 2573 902 2629 fortuna)
947 2574 978 2624 i,
996 2579 1036 2616 3.

207 2624 294 2672 ii,5
336 2639 415 2667 rem
446 2639 496 2667 eo
527 2627 725 2680 perduxit,
758 2633 805 2667 ut
832 2627 908 2670 διο.
936 2642 976 2678 x,
995 2634 1036 2670 5.

205 2692 272 2725 xv,
290 2682 317 2719 8

152 2731 235 2771 Res
272 2731 407 2772 divina
437 2731 513 2786 (de
548 2733 666 2775 sacris
697 2740 740 2774 et
770 2734 1037 2777 immolatione

204 2785 386 2838 hostiur.)
427 2787 534 2835 xxiii,
562 2791 591 2829 2
634 2788 833 2829 familiaris
873 2803 964 2838 xxv,
994 2793 1036 2831 2.

206 2842 233 2880 4
278 2840 504 2880 domesticae
548 2854 608 2881 res
655 2842 705 2896 (i.
741 2856 778 2883 e.
812 2842 913 2884 vires
951 2844 1035 2884 bel·

571 2467 728 2517 )xxiii,
754 2470 780 2507 8
820 2480 903 2507 rem
935 2468 1038 2508 male

206 2893 316 2947 licae)
344 2893 453 2941 xxiii.
483 2898 536 2936 lo
577 2896 823 2968 (qpanquam
855 2897 1046 2940 Boecleri·

204 2947 288 2986 Ms-
333 2948 454 2988 habet
496 2953 510 2972 ‘
531 2949 681 3002 opes).
737 2963 797 2991 res
845 2952 1035 3000 adversar,

206 3002 389 3041 secundas
417 3001 485 3049 vii,
510 3005 539 3043 6
583 3002 736 3044 afflicta
763 3004 817 3051 ix,
843 3008 871 3046 2
915 3005 1036 3046 exiles

204 3052 257 3106 (i.
283 3066 321 3094 e.
352 3054 609 3110 calamitoso)
638 3056 747 3105 xxviii,
763 3062 788 3098 6
818 3058 893 3112 (de
929 3064 1034 3100 statu

204 3119 347 3155 rerum,
359 3121 406 3150 ac
424 3108 582 3150 fortuna
602 3110 728 3165 vite).
764 3117 1034 3153 reo-anteacta

204 3160 419 3215 (quiequid
451 3169 568 3225 antea
595 3171 731 3205 aenon
753 3165 878 3218 esset)
906 3165 989 3214 viii,
1008 3170 1033 3207 8

204 3227 266 3256 res
283 3228 436 3256 severas
646 3218 690 3258 in
716 3219 926 3259 crastinum
953 3218 1033 3267 xvi,

205 3272 231 3310 3
261 3270 374 3310 rebus
404 3269 605 3311 hoonum
630 3272 788 3312 studere
812 3270 1035 3326 (partibus)

206 3322 287 3371 xvi,
298 3327 320 3364 1
350 3324 463 3364 rebus
481 3324 562 3366 suis
576 3325 750 3379 aliquem
767 3338 809 3366 ro
826 3325 1035 3379 aliquoob-

208 3374 377 3419 alienare
403 3378 498 3428 xvii,
520 3383 549 3422 2
575 3378 756 3420 omnibus
770 3407 772 3409 »
786 3379 949 3434 optimu
972 3391 1034 3421 re·

208 3428 282 3470 bu·
298 3430 634 3487 ufifinfmfflafi
645 3447 708 3475 mc.
726 3433 807 3474 vita
823 3432 1035 3488 cultuque)

1787 234 1986 290 cxxvii

1155 381 1247 418 xxv,
1280 373 1331 411 18
1378 369 1568 409 bonarum
1604 377 1732 408 mum
1765 365 1988 420 ignorantia

1155 422 1249 471 xvii,
1268 425 1295 464 8
1322 421 1383 477 (v.
1400 419 1529 476 Bon.)
1545 433 1607 462 m
1628 420 1822 462 venereo
1846 422 1915 471 vii,
1935 426 1986 466 11

1152 476 1192 529 (‘
1206 475 1280 516 res'
1297 482 1340 518 et
1356 482 1368 500 ‘
1384 475 1558 516 summ’
1577 481 1834 529 opponuntur
1855 477 1936 524 xvi,
1947 481 1988 518 1.

1156 535 1169 553 ‘
1195 529 1288 570 illae’
1324 530 1615 583 expositionem
1654 529 1820 582 negotii,
1873 535 1893 555 '·
1911 530 1989 571 ho’

1154 583 1330 624 indicata
1357 583 1490 636 potins
1515 595 1637 636 quarn
1662 587 1820 622 narrata
1834 596 1906 624 reru
1921 594 1990 625 cu-

1155 637 1243 690 pita
1257 637 1388 690 signif.

1101 690 1346 744 Respublica
1414 688 1608 730 theniens.
1633 702 1726 737 m,
1741 693 1770 731 4
1797 702 1901 743 resp.
1929 697 1992 731 est

1142 757 1281 798 *penes
1321 746 1393 784 hos
1438 743 1512 798 (ab
1547 742 1651 796 ipsis
1677 744 1990 798 administratur)

1155 811 1248 847 xxv,
1287 802 1314 840 8
1358 799 1516 852 mpub.
1553 802 1644 837 tota·
1669 797 1779 838 domi
1815 798 1990 851 bellique

1155 851 1250 906 (pro
1285 853 1374 906 ipsa
1407 850 1744 892 administratione
1771 852 1894 905 reip.)
1922 852 1991 900 vii,

1154 910 1180 947 7
1209 919 1312 959 resp.
1341 906 1486 959 geritur
1503 907 1605 946 bene
1631 919 1670 954 x,
1689 910 1717 946 6
1743 904 1990 946 administra-

1157 965 1220 999 tur
1248 960 1340 1013 jure
1366 959 1470 1008 xxiv,
1488 963 1515 1001 2
1553 959 1720 1012 reipubl.
1753 960 1991 1000 mutationes

1158 1027 1247 1061 xxv,
1264 1018 1292 1055 4
1333 1013 1460 1054 omnis
1491 1013 1724 1066 procuratio.
1739 1027 1831 1062 xxv,
1849 1017 1876 1054 3
1914 1014 1992 1056 mi·

1157 1068 1269 1120 publ.
1281 1068 1428 1121 peritus
1443 1066 1690 1122 (τολιτικδς)
1717 1068 1821 1116 xxiv,
1837 1071 1869 1107 8Α
1892 1068 1991 1121 reip.

1156 1133 1276 1162 eausa
1309 1121 1535 1162 inimicitias
1579 1122 1777 1174 suscipere
1821 1119 1927 1169 xxiv,
1962 1125 1991 1164 2

1155 1175 1382 1282 ῧὴόιώίίῗω
1411 1181 1555 1269 τρῐιιζιϋ
1567 1189 1610 1215 se
1637 1176 1782 1283 (ἔρεξε-τε
1808 1174 1897 1268 ἰίὧῑ
1926 1175 1990 1238 (v.

1199 1242 1498 1270 eere.reiu
1555 1242 1612 1269 cae
1665 1241 1890 1268 mien-
1972 1251 1992 1262 -

1156 1284 1257 1324 vatis
1265 1243 1636 1337 oepfis-sffblevm)
1664 1243 1817 1330 xvii,g'7.
1842 1242 1990 1330 κήξ-12

1155 1350 1279 1390 remp.
1309 1351 1511 1391 capessere
1539 1337 1614 1391 (ad
1650 1335 1737 1388 ejus
1771 1335 1989 1378 administr.

1155 1391 1366 1443 accedere)
1385 1391 1436 1440 ii,
1454 1395 1491 1432 2ἶ
1509 1392 1560 1430 ad
1591 1390 1783 1443 rempubl.
1802 1391 1991 1432 accedere

1154 1444 1210 1492 ix,
1229 1448 1253 1485 1
1283 1446 1336 1485 de
1357 1456 1441 1499 rep.
1466 1445 1565 1484 nihil
1583 1450 1724 1498 praeter
1742 1444 1903 1497 gloriam
1923 1459 1989 1490 ca-

1157 1511 1251 1550 pere
1277 1513 1344 1547 xv,
1362 1502 1388 1540 3

1101 1550 1317 1593 Resacrare
1344 1551 1413 1601 vii,
1432 1556 1459 1594 6
1487 1551 1583 1606 (Est
1600 1552 1791 1605 religione
1808 1553 1990 1592 devotio·

1155 1606 1217 1646 nis
1249 1607 1414 1654 solvere,
1460 1606 1746 1646 execrationem
1783 1607 1826 1645 in
1865 1606 1988 1648 alicu-

1151 1658 1218 1711 jus
1249 1667 1372 1713 caput
1399 1661 1544 1700 factam
1569 1659 1712 1699 irritam
1731 1661 1894 1700 reddere
1908 1661 1987 1701 διο.

1155 1714 1333 1754 Boecler.
1384 1713 1488 1754 adde
1526 1713 1684 1753 Festum
1721 1713 1763 1753 in
1802 1719 1815 1737 ‘
1835 1715 1989 1755 resecr.’

1154 1766 1208 1807 Et
1225 1781 1249 1807 e
1268 1767 1493 1821 junioribus
1511 1773 1652 1820 praeter
1675 1766 1856 1808 laudatos
1886 1768 1988 1808 Ern-

1154 1821 1245 1869 stio,
1279 1822 1451 1863 Turneb.
1489 1822 1681 1861 adversar.
1709 1822 1816 1870 xviii,
1845 1825 1915 1864 25.
1945 1829 1991 1862 et

1153 1875 1383 1928 interpretes
1409 1876 1460 1916 ad
1486 1876 1617 1916 Plaut.
1645 1874 1739 1915 Aul.
1776 1876 1832 1923 iv,
1868 1880 1911 1924 7,
1940 1880 1989 1917 4.

1151 1936 1196 1969 et
1214 1930 1323 1970 Pers.
1351 1931 1380 1978 i,
1400 1934 1440 1978 1,
1459 1933 1528 1972 48.
1556 1929 1739 1969 Schottus
1754 1936 1885 1970 autem
1903 1942 1989 1971 rec·

1152 1983 1230 2023 tius
1260 1997 1346 2025 esse
1378 1984 1434 2024 ait
1450 1989 1463 2008 ‘
1482 1983 1701 2032 resecrare,'
1729 1985 1929 2037 quomodo
1939 1991 1988 2025 *et

1153 2050 1219 2131 gp.
1235 2037 1367 2079 Plaut.
1379 2038 1455 2079 loc.
1468 2038 1536 2079 cit.
1560 2051 1607 2078 ac
1623 2038 1783 2078 Festum
1800 2037 1827 2077 1.
1842 2051 1878 2078 c.
1895 2038 1989 2078 scri-

1179 2091 1261 2131 itur

1100 2091 1340 2185 Rescind)ere
1375 2151 1537 2199 pontem
1564 2145 1594 2193 i,
1622 2149 1655 2186 3⁷
1695 2144 1816 2185 alibi:
1846 2146 1986 2186 dissol-

1153 2211 1243 2238 vere
1270 2199 1314 2246 ii,
1335 2204 1360 2240 5

1098 2250 1331 2293 Resciscere
1365 2251 1466 2305 (vel,
1493 2257 1507 2276 ‘
1526 2251 1665 2292 rescire
1680 2250 1706 2292 ε’
1743 2252 1980 2307 comperire)

1151 2306 1206 2353 iv,
1238 2309 1278 2347 3.
1319 2305 1399 2353 xlv,
1428 2309 1470 2347 2.
1511 2305 1619 2353 xviii,
1650 2309 1676 2346 8
1720 2306 1898 2359 (proprie
1935 2308 1987 2348 de

1152 2359 1394 2400 occultorum
1430 2364 1472 2399 et
1507 2359 1789 2412 insperatorum
1837 2361 1986 2414 cognit.

1098 2413 1520 2508 agssffsssoessff
1521 2413 1791 2521 2234212331.
1821 2475 1985 2521 mgr...

1152 2520 1222 2574 qui
1237 2519 1493 2573 nihilreliqui
1509 2520 1618 2566 facit,
1647 2522 1755 2573 quod
1774 2522 1986 2562 adsauan-

1152 2575 1247 2614 dnm
1266 2587 1308 2614 se
1327 2573 1542 2627 pertineat)
1570 2588 1659 2622 xxw,
1674 2578 1729 2616 22
1757 2575 1929 2629 (oppon.
1944 2578 1988 2616 id

1153 2628 1227 2668 sibi
1263 2627 1494 2677 accelerare,
1546 2629 1653 2681 quod
1691 2636 1833 2669 natura
1864 2631 1987 2684 cogit,

1156 2682 1257 2722 ibid.

1097 2682 1290 2778 Resideris
1304 2735 1450 2777 alicubi
1466 2735 1631 2790 (quietis
1644 2748 1779 2784 cansa,
1790 2738 1844 2778 de
1861 2738 1987 2792 lasso)

1150 2791 1214 2830 xiv
1253 2794 1303 2831 11

1096 2818 1295 2885 Resisiere
1313 2844 1497 2884 adversus
1527 2844 1588 2896 (V.
1614 2843 1746 2908 Adv.)
1773 2845 1852 2892 xvi,
1874 2848 1895 2886 1
1925 2858 1984 2885 re·

1151 2899 1315 2938 sistente
1342 2897 1451 2938 nullo
1479 2897 1588 2946 xxiii,
1607 2904 1632 2939 ὅ
1661 2902 1838 2939 resistere
1857 2897 1984 2939 omni-

1151 2953 1224 2992 bus
1255 2952 1423 3006 (bellare
1450 2953 1541 2992 adv.
1561 2950 1692 3004 omn.)
1721 2951 1828 3000 xviii,
1847 2956 1873 2994 8
1902 2953 1983 2993 fac·

1152 3006 1251 3046 tioni
1279 3005 1360 3053 xvi,
1382 3009 1403 3047 l
1444 3006 1586 3046 restitit
1615 3006 1653 3046 ei
1684 3019 1799 3046 nemo
1829 3007 1871 3046 in
1899 3007 1983 3047 acie

1150 3059 1290 3113 (nemo
1307 3072 1398 3099 eum
1423 3058 1634 3108 sustinuit,
1654 3073 1771 3100 nemo
1801 3073 1883 3100 non
1912 3061 1983 3099 de·

1151 3113 1278 3154 cessit·
1300 3112 1449 3166 victus)
1476 3112 1586 3161 xxiii,
1606 3117 1631 3155 5
1673 3113 1767 3153 Sic:
1797 3125 1914 3153 nemo
1944 3114 1983 3154 ei

1150 3167 1320 3208 dicendo
1353 3173 1484 3220 potest
1513 3167 1688 3207 resistere
1717 3167 1890 3221 (advers.
1920 3167 1982 3220 ip-

1152 3234 1238 3260 sum
1256 3218 1406 3272 valere)
1435 3219 1503 3268 vii,
1525 3223 1547 3260 1
1591 3219 1746 3268 restitit,
1773 3232 1825 3261 ne
1852 3226 1992 3261 statua·

1151 3273 1225 3313 sibi
1245 3279 1453 3327 poneretur
1470 3274 1726 3327 (intercessit,
1754 3274 1983 3330 impedivit)

1152 3341 1242 3374 xxv,
1264 3331 1289 3367 8

1097 3379 1310 3432 Respicere
1357 3379 1505 3434 aliquid
1555 3380 1846 3435 (considerare)
1891 3382 1920 3430 i,
1956 3386 1991 3423 ff

1150 3434 1324 3489 (Eodem
1352 3442 1693 3490 sensuusurpatur
1710 3435 1979 3477 etsubstanti·
