2306 3900
586 282 782 322 xxm.
844 280 1291 333 HANNJBALEM,
1331 280 1464 320 cAP.
1501 268 1551 320 4.

159 401 296 456 Alpes
315 401 545 443 transitum
559 402 603 442 in
622 405 826 454 portento
856 411 993 452 prope
1012 412 1038 440 a

157 465 392 519 majoribus
421 464 644 514 habitum,'
669 463 825 505 scribit
855 463 1037 503 Plinius.

158 530 276 580 Ergo
295 529 470 568 aemulus
488 526 689 568 Herculis
703 527 906 567 itinerum
919 525 1037 566 Han-

158 591 289 643 nibal,
306 603 390 631 non
408 595 550 631 tamen
568 595 619 630 ut
637 590 747 630 alter
763 589 818 630 ab
838 589 932 641 ipso
947 588 1038 629 fue-

157 654 219 694 rit
261 653 308 693 in
352 652 572 694 tranandis
601 651 776 704 Alpium
806 652 1038 693 montibus.

159 715 287 758 Quod
306 715 528 756 mendacio
559 727 643 755 non
675 728 825 756 carere
858 715 1040 757 tradidit

161 778 386 831 Polybius,
400 778 477 818 lib.
497 789 568 819 ιιι.
596 779 797 820 Keucheu.

215 842 426 890 Quosne-to
442 842 479 882 is
497 843 608 883 hodie
622 846 746 884 sanus
764 843 932 896 Graius]
961 845 1041 885 Er-

158 916 211 956 go
229 904 285 944 ab
319 904 508 946 Hercule
538 906 670 947 Graio
703 908 834 948 saltus
867 908 1042 959 Graius,

158 968 250 1008 sive
281 967 542 1010 Herculeus.
596 968 708 1010 Vide
739 970 855 1011 Plin.
880 981 950 1011 ιιι.
970 973 1038 1011 17.

161 1036 209 1070 et
226 1033 295 1071 20.
352 1029 554 1070 Herculis
574 1032 781 1072 transitus
799 1033 932 1073 multa
950 1044 1041 1073 ves-

159 1091 270 1144 tigia
300 1091 569 1142 indicantum
624 1093 824 1135 Herculis
855 1094 1041 1136 Monoeci

161 1160 325 1207 portus,
352 1160 400 1195 et
428 1155 576 1195 harum
595 1154 767 1208 Alpium
795 1169 968 1212 nomen,
994 1162 1041 1197 et

162 1217 365 1271 Lepontii
380 1218 442 1259 ita
460 1218 565 1259 dicti
579 1218 835 1272 creduntur,
854 1219 968 1274 quod
986 1220 1041 1261 ab

161 1275 354 1330 Hercule
373 1292 425 1320 eo
443 1281 539 1322 loco
558 1282 701 1323 relicti
719 1282 910 1325 fuerint:
941 1297 1041 1325 auc-

161 1346 232 1382 tor
248 1341 468 1383 Simlerus.
524 1343 596 1383 Ita
610 1344 827 1386 Herculea
843 1346 910 1386 via
926 1346 1042 1398 apud

160 1403 443 1446 Aristotelem
462 1405 516 1446 de
541 1407 817 1461 admirandis,
844 1423 940 1463 quae
965 1410 1042 1450 du·

162 1468 312 1509 citex
341 1469 474 1509 Italia
505 1481 586 1522 per
619 1471 805 1511 Galliam
823 1473 960 1525 us'que
987 1472 1042 1512 ad

163 1530 421 1573 Celtiberos.
474 1533 533 1572 Et
567 1532 742 1585 Alpium
774 1535 920 1576 Graiae
952 1534 1044 1575 fau-

163 1605 252 1646 ces,
281 1595 444 1648 quibus'
465 1595 606 1648 ipsum
635 1598 853 1639 transiisse
886 1611 1044 1639 memo·

161 1663 261 1700 rant
289 1659 431 1700 Poeni.
494 1660 548 1700 In
573 1661 756 1713 Tungris
775 1662 914 1703 adhuc
933 1662 1045 1703 Her-

163 1721 270 1762 culis
296 1722 632 1763 vetustissimum
652 1724 870 1775 sacellum,
900 1732 949 1766 ut
981 1737 1047 1766 su·

164 1796 244 1838 pra
262 1785 442 1837 Januam
469 1785 632 1837 effigies
661 1787 868 1838 ostendit,
884 1793 930 1828 et
961 1788 1045 1829 alia

163 1853 454 1900 monumenta,
471 1860 567 1902 quae
597 1849 832 1891 Herculem
866 1850 1045 1894 Graium

164 1915 494 1962 repraesentant.
526 1910 725 1952 Keuchen.

223 1972 447 2013 stansitum
464 1973 650 2025 concidit]
705 1974 957 2017 Incredibili
984 1978 1045 2017 la-

121 2030 125 2034 ’
164 2033 270 2076 bore
288 2039 334 2074 et
352 2034 580 2076 industria.
637 2036 812 2090 Quippe
832 2040 888 2079 ad
910 2040 1044 2081 minu·

165 2098 319 2139 endam
339 2110 505 2151 rupem,
523 2110 601 2151 per
618 2112 746 2152 quam
761 2101 832 2141 via
851 2113 936 2142 una
950 2114 1046 2144 esse

164 2168 352 2215 poterat,
381 2163 502 2204 ducti
543 2164 720 2216 milites,
751 2177 847 2206 cum
879 2166 1047 2208 caeden-

166 2225 270 2267 dum
314 2231 429 2267 esset
466 2238 631 2279 saxum,
671 2229 893 2270 arboribus
933 2231 1049 2272 circa

166 2289 420 2330 immanibus
471 2289 657 2342 deiectis
700 2297 862 2333 struem
905 2294 1051 2345 ingen·

166 2357 258 2392 tem
301 2351 513 2404 lignorum
566 2351 811 2405 faciebant3
866 2367 1048 2409 eamque

166 2426 264 2455 cum
282 2420 329 2455 et
356 2414 420 2455 vis
450 2414 569 2455 venti
597 2420 701 2467 apta
732 2414 930 2458 faciendo
959 2419 1049 2472 igni

164 2481 316 2518 coorta
332 2482 446 2517 esset
463 2477 797 2532 succendebant,
823 2485 871 2521 et
898 2482 1049 2523 arden-

164 2539 230 2580 tia
246 2550 352 2580 saxa
366 2537 507 2580 infuso
527 2545 653 2581 aceto
672 2542 937 2586 molliebant.
978 2545 1049 2586 Li-

165 2601 272 2643 vius.
326 2602 386 2643 Et
412 2601 507 2641 haec
527 2607 593 2642 est
619 2602 695 2643 illa
721 2603 807 2655 via,
834 2603 862 2653 ἡ
887 2605 953 2646 καὶ
980 2607 1048 2648 νῦν

167 2664 275 2703 ἐστιν
293 2662 355 2703 ἐπὶ
372 2665 450 2703 τῶν
468 2663 565 2703 ὁδῶν
583 2663 773 2717 ἐντριβὴς,
789 2665 854 2706 καὶ
871 2670 1048 2710 καλεῖται

165 2725 287 2767 δίοδος
313 2724 505 2777 Ἀννίβου,
547 2731 596 2767 ut
641 2727 776 2768 tradit
803 2727 1045 2781 Appianas.

167 2789 377 2843 Loquitur
389 2788 443 2829 de
454 2789 675 2830 Cremonis
685 2789 810 2843 jugo,
823 2792 897 2833 ubi
913 2798 1048 2834 trans-

168 2843 338 2906 g'ressus
372 2851 605 2892 Hannibal.
681 2851 770 2894 Alii
804 2854 1046 2898 Penninum

166 2920 339 2967 vocant,
355 2916 424 2956 vel
442 2914 658 2955 Poeninas.
699 2915 770 2956 Sic
790 2917 1046 2960 Franciscus

166 2978 205 3020 1.
223 2978 445 3020 Gallorum
464 2978 575 3026 Rex,
608 2989 689 3030 per
718 2979 892 3020 easdem
911 2980 1047 3034 Alpes

166 3041 418 3082 inusitatum
449 3041 534 3081 iter
573 3041 792 3082 curulibus
827 3044 1048 3085 tormentis

168 3104 355 3157 aperuit.
392 3103 544 3147 Jovius
563 3103 608 3144 in
627 3105 773 3146 Leone
788 3106 844 3148 X.
887 3107 1048 3150 Quales

167 3169 324 3209 Turcoe
367 3167 412 3207 iu
447 3167 726 3210 Germaniam
759 3170 1048 3223 irrumpentes

169 3242 279 3271 anno
298 3229 458 3271 Christi
493 3239 769 3273 mcnxxxvu.
823 3233 1050 3287 Sabellicus,

169 3292 363 3334 Ennead.
401 3302 447 3332 Χ.
483 3294 526 3331 7.
581 3291 770 3334 Transitu
804 3296 859 3337 V.
896 3297 948 3339 C.
985 3303 1049 3338 at·

169 3366 254 3407 que
279 3354 362 3395 hoc
389 3352 552 3395 melius.
606 3353 770 3407 Alpinos
787 3356 908 3398 malit
926 3359 1050 3400 Lam-

172 3417 311 3459 binus.

227 3479 446 3534 Effecitque
462 3485 505 3523 ut
540 3493 585 3522 ea
618 3480 861 3534 elephantus]
913 3484 960 3525 ’.Γ
983 3484 1050 3526 Li·

1868 266 1976 319 649

1098 399 1218 439 vius:
1261 398 1274 422 ‘
1290 399 1362 440 Ita
1380 397 1587 439 torridam
1607 395 1806 438 incendio
1823 408 1975 448 rupem

1098 460 1214 502 ferro
1233 462 1442 514 pandunt,
1471 461 1754 513 molliuntque
1773 458 1980 501 anfracti-

1098 524 1177 565 bus
1207 524 1385 564 modicis
1416 524 1564 573 clivos,
1590 528 1640 563 ut
1671 535 1757 562 non
1776 523 1977 576 jumenta

1099 588 1253 638 solum,
1289 587 1363 627 sed
1398 587 1616 639 elephanti
1653 587 1784 627 etiam
1822 587 1978 629 deduci

1099 650 1302 705 possent.'
1372 652 1470 691 Mos
1516 650 1739 702 praeliandi
1766 662 1862 690 cum
1895 651 1980 691 ele—

1099 714 1271 766 phantis
1301 713 1504 766 frequens
1542 713 1726 765 antiquis
1773 713 1980 765 Regibus.

1100 778 1202 819 Hos·
1214 783 1368 818 contra
1387 778 1624 817 Romanum
1637 776 1876 816 exercitum
1895 777 1981 828 pri-

1100 853 1193 882 mus
1212 841 1256 881 in
1277 840 1470 881 Lucania
1488 840 1680 891 Pyrrhus
1699 839 1793 879 Rex
1813 839 1980 881 eduxit.

1100 904 1263 945 Postea
1283 903 1500 944 Hannibal
1520 903 1562 942 in
1585 901 1749 951 Africa,
1775 901 1872 942 Rex
1892 902 1980 942 An-

1101 965 1266 1007 tiochus
1284 965 1327 1005 in
1347 964 1550 1015 Oriente,
1572 964 1786 1016 ‘Jugurtha
1814 964 1858 1004 in
1887 965 1980 1005 Nu-

1101 1028 1242 1080 midia,
1260 1028 1456 1080 copiosos
1472 1027 1714 1068 habuerunt
1731 1041 1742 1068 :
1774 1028 1979 1069 adversus

1101 1104 1205 1145 quos
1224 1092 1406 1132 ,diversa
1436 1096 1536 1133 sunt
1567 1092 1815 1144 excogitata
1845 1104 1980 1132 arma.

1102 1155 1175 1196 De
1195 1155 1424 1208 elephanto
1454 1155 1567 1195 enim
1595 1154 1686 1195 ὅσος
1715 1155 1755 1196 ἐς
1791 1153 1888 1208 ἔργα
1916 1154 1980 1195 καὶ

1099 1219 1242 1271 ἀνδρῶν
1258 1218 1408 1271 χρείας,
1425 1230 1509 1259 non
1535 1220 1684 1271 χεῖρας,
1705 1224 1754 1259 ut
1773 1219 1865 1260 sine
1884 1230 1981 1260 sen-

1102 1296 1151 1323 su
1171 1283 1245 1323 alii
1260 1283 1609 1324 emendaverunt.

1158 1345 1354 1396 Ornatus]
1393 1345 1590 1386 Gifanius
1622 1346 1684 1386 ita
1715 1350 1981 1397 correxerat,

1102 1414 1364 1461 secutusque
1407 1415 1473 1449 est
1515 1407 1656 1449 indice
1689 1409 1754 1449 Cl.
1784 1406 1982 1449 Puteano

1102 1472 1345 1513 Lambinus.
1413 1472 1612 1512 Schottus
1643 1483 1698 1511 ex
1725 1471 1812 1511 suis
1851 1483 1983 1511 mem-

1101 1535 1247 1576 branis
1278 1534 1461 1588 praefert
1503 1538 1700 1586 oneratus,
1738 1533 1983 1587 accipitque

1103 1609 1182 1650 pro
1201 1603 1393 1639 onustus.
1451 1597 1531 1638 Ast
1542 1609 1621 1649 ego
1636 1596 1849 1649 pertendo
1867 1596 1984 1638 istud

1101 1665 1282 1702 oneratus
1295 1673 1391 1702 esse
1404 1661 1672 1713 suppositum
1688 1660 1741 1701 ab
1757 1661 1985 1712 ignorante

1104 1723 1243 1764 scriba
1263 1735 1340 1777 pro
1359 1728 1532 1766 ornatus.
1587 1724 1699 1765 Nam
1727 1724 1900 1776 elephas
1919 1737 1985 1765 or-

1103 1791 1227 1827 natus
1246 1788 1427 1828 multum
1447 1787 1500 1828 ab
1520 1793 1699 1828 onerato
1718 1785 1879 1828 differt.
1907 1787 1985 1830 Ju-

1102 1855 1248 1890 menta
1278 1850 1512 1901 dorsuaria,
1550 1847 1673 1898 κτήνη
1702 1849 1898 1903 φορτηγὰ,
1937 1857 1986 1891 ut

1103 1914 1256 1954 cameli
1276 1918 1322 1953 et
1340 1913 1457 1965 muli,
1482 1916 1566 1955 &c.
1594 1919 1856 1954 onerantur:
1901 1915 1987 1954 ele-

1107 1971 1252 2026 phanti
1272 1987 1373 2016 vero
1392 1981 1614 2026 ornantur,
1643 1981 1875 2026 armantur,
1904 1976 1987 2028 ipsi

1106 2044 1152 2079 et
1181 2039 1356 2078 armatis
1386 2038 1633 2094 implentur.
1690 2038 1804 2081 Quid
1831 2039 1986 2090 plura?

1106 2101 1448 2154 praestantissimi
1476 2101 1634 2155 quique
1651 2102 1886 2154 scriptores
1904 2102 1986 2142 hoc

1106 2165 1232 2221 modo
1251 2173 1579 2206 consueverunt.
1610 2165 1809 2206 Gebhard.

1161 2228 1255 2269 Hac
1281 2229 1410 2281 copias
1427 2228 1630 2280 traduxit]
1683 2229 1772 2273 Per
1801 2234 1987 2270 montem

1106 2291 1245 2342 Jovis,
1260 2303 1386 2344 quem
1406 2291 1531 2342 vulgo
1547 2291 1736 2331 Cinisum
1752 2292 1991 2344 appellant,

1111 2353 1344 2394 Gebennas
1381 2365 1531 2394 versus
1577 2353 1774 2405 tendens,
1818 2359 1988 2406 partem

1108 2417 1201 2469 ejus
1219 2416 1415 2469 rupiolae,
1431 2428 1555 2470 quam
1574 2422 1620 2456 et
1644 2415 1896 2457 Durandum
1914 2429 1988 2457 vo-

1108 2485 1226 2530 cant,
1256 2479 1370 2520 unde
1405 2491 1460 2520 ex
1492 2480 1628 2519 altero
1657 2480 1795 2519 latere
1827 2477 1987 2520 fiumen

1107 2541 1336 2593 Druentia,
1353 2543 1491 2582 altero
1519 2542 1662 2583 exitus
1691 2542 1735 2582 in
1762 2543 1986 2583 Taurinos.

1106 2603 1161 2644 Id
1192 2603 1366 2644 videtur
1398 2605 1556 2644 sentire
1583 2604 1854 2647 Plutarchus.
1892 2605 1987 2645 Μα-

1106 2667 1288 2707 chaneus.

1160 2729 1370 2782 Pervenit]
1421 2729 1582 2772 Quinto
1601 2722 1744 2771 mense
1764 2743 1790 2771 a
1807 2731 1987 2773 Cartha-

1108 2793 1206 2846 gine
1236 2805 1347 2851 nova
1375 2791 1445 2846 (ut
1462 2792 1636 2845 quidam
1654 2799 1852 2835 auctores
1870 2796 1989 2847 sunt)

1108 2858 1256 2910 quinto
1274 2857 1439 2898 decimo
1458 2856 1528 2897 die
1546 2856 1728 2910 Alpibus
1759 2859 1988 2910 superatis.

1109 2920 1253 2961 Livius
1273 2931 1371 2960 xxx.
1428 2920 1583 2972 Neque
1602 2920 1727 2960 aliter
1749 2921 1986 2973 Polybius:

1107 2983 1230 3025 Τέλος
1260 2983 1302 3025 δὲ
1328 2983 1403 3033 τὴν
1425 2981 1498 3034 μὲν
1512 2984 1644 3024 πᾶσαν
1660 2983 1817 3038 πορείαν
1832 2985 1878 3026 ἐκ
1894 2990 1990 3026 Kou-

1108 3048 1176 3096 νῆς
1199 3046 1348 3088 πόλεως
1379 3047 1422 3087 ἐν
1447 3044 1566 3087 πέντε
1594 3046 1690 3097 μησὶ
1714 3047 1991 3099 ποιησάμενος,

1108 3109 1182 3159 τὴν
1199 3108 1242 3152 δὲ
1260 3110 1441 3151 Ἄλπεων
1455 3109 1675 3162 ὑπερβολὴν
1688 3110 1843 3163 ἡμέραις
1860 3111 1988 3153 ἑκκαί-

1110 3176 1216 3215 δεκα.
1244 3173 1425 3214 Lumbin.

1165 3237 1274 3279 CAP.
1298 3240 1339 3276 4.
1379 3235 1496 3286 Apud
1530 3234 1782 3286 Rhodanum]
1836 3223 1990 3290 Atqui,

1110 3310 1252 3350 neque
1271 3296 1498 3348 Polybius,
1518 3308 1658 3349 neque
1677 3296 1837 3349 Livius,
1849 3309 1988 3352 neque

1111 3359 1188 3399 ulli
1208 3358 1296 3407 alii,
1321 3357 1433 3410 quod
1452 3358 1602 3410 sciam,
1620 3358 1906 3411 tradiderunt,
1934 3362 1988 3405 P.

1112 3420 1355 3461 Cornelium
1375 3420 1604 3463 Consulem
1630 3432 1726 3462 cum
1746 3421 1989 3467 Hannibale

1113 3482 1167 3524 ad
1188 3481 1440 3524 Rhodanum
1474 3479 1728 3527 conflixisse.
1784 3485 1896 3528 Nam
1917 3488 1990 3528 tri·
2011 3495 2039 3526 n
