2326 3944
734 223 790 263 v.
853 206 1164 275 οῑΜοΝΕΜ,
1203 224 1342 264 cAP.
1378 211 1430 263 4.

178 341 398 383 mortuus.'
455 342 555 382 Non
570 341 671 382 solis
684 340 825 391 Italis,
841 341 894 382 de
906 339 1060 393 quibus

177 405 396 458 Satyrione
427 405 632 457 loquitur,
663 405 740 445 sed
772 405 898 456 vulgo
929 404 1061 445 etiam

179 467 347 509 Graecis
391 467 640 519 Latinisque
688 467 816 507 moris
868 466 969 516 fuit,
1012 472 1062 507 ut

179 532 441 584 comptiores
467 528 738 580 efferrentur,
771 541 897 582 quam
934 526 1070 569 vixis-'

176 599 289 635 nent.
363 594 499 634 Erant
545 593 657 632 enim
705 594 837 632 καλῶν
874 591 1062 643 ἐνταφίων

180 655 494 697 studiosissimi.
523 655 692 695 cmub.

231 719 314 760 Suo
354 721 510 769 sumptu
539 717 704 769 extulit]
747 717 861 758 Vide
892 711 949 758 de
975 718 1059 758 hoc

175 793 295 822 more
313 781 366 822 P.
384 781 487 822 Fab.
505 780 618 821 Sem.
638 792 709 822 111.
727 784 794 821 13.

235 845 330 886 Vita
367 844 450 894 qius
471 843 561 893 suit
587 843 739 894 secura]
769 843 912 884 Nullis
944 844 1060 895 peri·

174 908 281 949 culis
312 914 441 961 atque
469 907 634 948 insidiis
663 907 874 959 exposita.
930 908 1060 958 Nam,

173 976 225 1012 ut
239 970 408 1012 Aurelii
422 971 612 1012 Victoris
627 970 766 1012 verbis
779 970 932 1022 dicam,
943 970 1059 1023 ‘ejus

174 1034 266 1076 vita
315 1035 472 1075 nullius
508 1034 628 1075 oneri
674 1038 750 1075 aut
791 1034 1060 1075 incommodo

177 1098 300 1139 erat!
358 1098 563 1148 Demum,
590 1101 602 1121 ‘
618 1098 724 1149 Ejus
740 1103 924 1138 mortem
941 1097 1058 1138 cives

176 1166 404 1214 expetunt,
421 1160 543 1212 cujus
562 1161 694 1200 vitam
715 1161 930 1202 oderunt!
957 1161 1058 1201 Sive

177 1225 271 1277 ejus
306 1225 397 1266 vita
424 1236 509 1264 non
555 1223 642 1264 fuit
669 1224 795 1264 anxia
830 1224 887 1265 ob
922 1224 1058 1264 immi-

173 1300 282 1329 nens
313 1301 369 1330 ex
400 1287 498 1328 odio
531 1292 662 1341 atque
699 1287 865 1328 insidiis
900 1288 1057 1328 civium

173 1352 428 1402 discrimem
468 1354 554 1404 vel,
583 1358 632 1393 ut
652 1353 793 1395 verbis
811 1354 977 1395 Valerii
998 1353 1060 1393 di-

172 1427 284 1467 cam,
302 1428 381 1468 pro
410 1417 549 1456 salute
577 1421 624 1456 et
653 1415 932 1457 incrementis
962 1416 1058 1468 ejus

171 1478 285 1519 cives
304 1478 416 1518 votis
434 1477 718 1520 excubabant.
749 1479 950 1520 Gebhard.

227 1542 345 1582 Mors
375 1540 535 1592 acerba]
593 1542 704 1583 Quae
739 1542 906 1583 Graecis
943 1541 1058 1596 ἄωροι

172 1603 345 1658 Madv-m,
362 1607 432 1646 vel
462 1605 646 1657 ὀμφακίαι
665 1606 806 1659 νεκροὶ,
824 1611 873 1647 ut
892 1608 1056 1648 Latinis

169 1669 183 1692 ‘
199 1670 357 1711 acerba
370 1669 550 1720 fune1·a‚'
570 1670 641 1710 vel
669 1670 681 1692 ‘
694 1670 952 1710 immatura?
979 1671 1058 1712 Ju-

168 1733 306 1775 lianus
315 1733 679 1787 Archiepiscopus
687 1734 926 1775 Toletanus
940 1734 1057 1777 liba.

167 1798 181 1818 ⁴
195 1796 296 1837 Tria
313 1803 411 1836 sunt
437 1809 595 1848 genera
612 1797 778 1849 mortis,
793 1797 966 1848 acerba,
984 1797 1058 1838 inr-

169 1865 353 1911 matura,
364 1860 582 1899 naturalis.
638 1858 811 1900 Acerba
827 1858 1057 1911 infantum,

172 1923 401 1963 immatura
412 1922 637 1975 juvenum,
651 1923 858 1964 naturalis
876 1923 1054 1964 senum!

513 2888 617 2943 Apud
632 2890 793 2924 Fulvium
806 2894 972 2928 Ursinum
988 2879 1009 2983 1

554 2946 589 2969 in
603 2941 806 2974 numismate
818 2952 921 2977 ωηο.

1901 211 2010 266 479

1128 340 1254 382 Quod
1275 354 1301 382 a
1314 341 1470 382 Publio
1487 341 1595 393 Syro
1614 344 1870 382 mutuatum.
1924 342 2010 383 Sed

1128 406 1268 445 minus
1296 405 1500 446 distincte
1532 406 1604 446 illa
1622 417 1782 457 genera
1802 419 1827 446 a
1847 407 2010 447 Latinis

1128 473 1402 519 usurpantur.
1467 468 1618 519 Nepos
1647 467 1769 508 enim·
1801 469 2011 510 ‘mortem

1127 531 1324 570 acerbam
1334 530 1345 546 ’
1365 530 1419 570 de
1433 531 1588 571 adultis
1602 531 1730 582 dixit,
1746 532 1873 572 sicuti
1888 533 2011 574 Cice-

1128 605 1176 632 ro
1220 593 1266 631 in
1312 591 1579 633 Antonium:
1637 594 1649 615 ‘
1670 593 2011 636 Acerbissimum

1126 655 1220 706 ejus
1239 655 1353 694 diem
1374 667 1624 707 supremum
1640 659 1799 710 malim,
1817 673 1943 713 quam
1959 662 2011 701 1..

1127 717 1277 759 Ciunae
1296 716 1592 759 dominatum!
1619 719 1818 762 Keuchen.

1182 782 1386 823 C1Moms
1424 793 1493 821 res
1527 782 1739 834 scripsere
1785 784 2009 826 Plutarch.

1128 844 1319 885 Cimone.
1340 844 1524 885 Diodor.
1538 855 1604 886 xl.
1622 850 1670 885 et
1688 856 1773 886 x11.
1795 846 2011 888 Herodot-

1128 919 1190 949 v1.
1210 914 1254 948 et
1266 919 1348 949 vu.
1363 907 1561 960 Thucyd.
1576 920 1608 948 1.
1629 908 1822 960 Polyaen.
1835 920 1866 949 1.
1886 909 2012 950 Plato

1125 971 1172 1012 in
1189 971 1364 1024 Theage
1396 976 1442 1012 et
1470 972 1651 1024 Gorgia,
1684 971 1851 1023 Suidas,
1877 971 2012 1014 Athe-

1125 1046 1243 1075 naeus
1289 1045 1378 1076 ιιι.
1432 1034 1750 1076 Demosthenes
1799 1035 2011 1077 Oratione

1126 1103 1279 1138 contra
1297 1097 1629 1139 Aristocratem.
1683 1097 1931 1139 Andocides
1949 1100 2011 1141 0-

1125 1160 1293 1201 ratione
1328 1165 1480 1202 contra
1514 1159 1729 1202 Alcibiad.
1761 1160 1898 1203 Arist.
1916 1174 1950 1203 1.
1969 1166 2011 1205 3.

1125 1223 1356 1265 Platonica
1387 1235 1441 1265 11.
1477 1223 1634 1266 Justin.
1669 1236 1722 1267 n.
1760 1229 1827 1266 15.
1865 1226 2010 1269 Valer.

1126 1284 1306 1327 Maxim.
1338 1299 1382 1326 v.
1412 1290 1453 1328 3.
1475 1287 1576 1328 Ext.
1602 1298 1674 1328 ιιι.
1694 1291 1735 1327 5.
1764 1289 1868 1329 Ext.
1899 1300 1950 1331 11.
1967 1294 2009 1332 6.

1126 1348 1268 1390 Cicer.
1298 1348 1408 1390 offic.
1441 1361 1492 1390 11.
1527 1353 1591 1390 18.
1621 1351 1799 1391 Boecler.
1857 1353 2008 1394 Facies

1124 1412 1218 1463 ejus
1269 1412 1315 1452 in
1364 1423 1629 1452 nummorum
1674 1425 1866 1455 meorum
1924 1429 2009 1457 uuo

1123 1474 1388 1527 conspicitur
1405 1486 1502 1515 cum
1529 1476 1660 1517 inser.
1691 1481 1939 1521 ΚΤΜΟΝΟΣ
1959 1485 2012 1519 Α-

1123 1543 1354 1580 ΘΗΝΑΙΟΤ.
1409 1538 1462 1578 In
1483 1539 1650 1590 postica
1678 1546 1804 1592 parte
1825 1542 2010 1583 victoria

1122 1603 1345 1645 seminuda
1363 1603 1489 1643 armis
1513 1603 1719 1656 insidens,
1745 1604 1901 1646 dextra
1920 1608 2011 1658 pal·

1123 1682 1251 1721 mam,
1264 1668 1440 1712 sinistra
1452 1668 1652 1720 clypeum
1666 1672 1836 1721 tenens,
1846 1670 1889 1709 in
1903 1682 2010 1723 quo:

1125 1738 1266 1774 NIKH.
1321 1730 1466 1773 Infra:
1497 1736 1777 1773 ΑΘΗΝΑῙΩΝ.
1835 1734 2008 1774 circum

1124 1796 1374 1837 victoriam:
1406 1799 1540 1834 ΚΑΤΑ
1564 1800 2008 1838 ΛΑΚΕΔΑῙΜΟΝῙΩΝ.

1123 1859 1332 1899 Hermam
1359 1858 1450 1910 ejus
1481 1858 1557 1898 sed
1586 1859 1731 1910 capite
1762 1865 2010 1900 truncatum

1123 1921 1328 1963 exhibent
1346 1920 1496 1962 Ursini
1509 1921 1716 1973 imagines
1735 1935 1847 1964 num.
1866 1926 1935 1964 46.
1999 1956 2001 1958 -

1268 2871 1281 2971 Ι
1315 2895 1420 2938 Apud
1432 2894 1592 2927 Fuivium
1606 2866 1812 2985 Ursulum—1

1326 2943 1361 2976 in
1375 2943 1511 2975 schedis
1520 2953 1560 2975 cx
1578 2951 1755 2975 inarmooe.
