2326 3944
310 283 421 337 462

369 417 594 469 Gongylum
613 411 900 468 Eretriensem]
946 414 1020 456 Sic
1050 414 1197 467 legen-

310 481 432 531 dum,
450 491 551 532 non,
565 485 613 520 ut
629 479 700 521 alii
718 479 893 520 codices
911 478 1199 531 hubent‚'Cro-

310 548 470 584 tensem.
525 544 638 584 Nam
659 548 706 583 et
721 542 994 596 Thucydides
1015 547 1061 582 et
1093 542 1195 582 Dio-

309 607 441 648 dorus
461 606 644 659 Siculus,
664 606 786 648 libris
806 606 1021 656 indicatis,
1040 605 1196 646 Eretri-

309 682 439 711 ensem
456 670 621 722 dicunt,
639 670 695 712 ad
716 682 820 724 quos
840 670 1021 712 accedat
1050 670 1196 710 Xeno·

310 734 473 786 phonl.
494 745 566 776 ιιι.
593 734 755 783 Ἕλλην.
777 736 911 787 Δῶρον
937 731 1063 774 δὲκαὶ
1082 729 1196 773 αὗται

310 813 350 839 αι
339 797 498 840 ’πόλεις
515 797 618 847 ἦσαν
634 798 739 852 παρὰ
763 795 960 846 βασιλέως
987 796 1197 849 Γογγύλῳ,

309 860 371 902 ὅτι
411 859 527 912 μόνος
569 860 792 915 Ἐρετριέων
825 860 1003 951 Mnoloras
1036 859 1194 914 ἔφυγεν.

308 926 473 978 Longae.
490 927 673 968 Lambin.
707 941 709 945 ¹

365 990 416 1030 In
446 991 583 1042 quibus
598 991 681 1031 haee
701 989 831 1040 fuisse
860 949 1028 1043 scripta]
1082 988 1195 1030 vide

310 1055 552 1107 Epistolam
585 1055 700 1108 apud
731 1055 1025 1108 Thucydidem
1042 1067 1054 1104 ;
1096 1065 1195 1096 nam

309 1117 366 1158 ad
387 1116 563 1158 verbum
581 1116 674 1158 fere
695 1117 749 1158 ab
769 1117 940 1158 AEmilio
961 1129 1083 1158 versa
1099 1121 1177 1157 est.

365 1182 455 1222 Des
474 1180 652 1235 eiflliam
671 1185 779 1222 tuam
795 1179 979 1234 nuptum]
1007 1181 1060 1221 In
1087 1179 1195 1221 Dio·

309 1254 391 1286 ne:
442 1249 455 1267 ⁸
478 1243 657 1284 Aretem
695 1243 848 1285 Diouis
896 1255 1076 1284 uxorem
1121 1242 1196 1283 aiii

308 1312 492 1361 nuptum
509 1307 661 1349 dedit:
714 1307 1002 1349 Paciscuntur
1016 1307 1095 1347 illa
1109 1306 1197 1348 vin-

309 1373 408 1415 cula
444 1372 808 1414 necessitudinum
854 1373 1098 1425 proditores
1146 1375 1200 1414 ac*

310 1434 569 1488 transfugae,
590 1436 659 1477 vel
689 1436 744 1477 ad
776 1434 1004 1489 perfidiam
1037 1434 1197 1477 sollici-

310 1500 413 1541 tatis
433 1498 674 1540 offeruntur
691 1499 748 1540 ad
764 1499 1040 1540 securitatem
1056 1499 1199 1552 obsig-

310 1562 512 1612 nandam.
570 1563 690 1604 curt.
709 1573 782 1604 111.
801 1566 844 1603 6.
863 1564 876 1586 ‘
899 1563 996 1604 Nec
1013 1563 1196 1603 salutem

311 1631 430 1668 suam
469 1627 674 1680 Philippo
708 1627 1032 1668 committeret:
1079 1627 1198 1667 mille

309 1690 480 1731 talentis
499 1703 525 1730 a
541 1691 679 1731 Dario
698 1695 745 1731 et
764 1702 843 1743 spe
860 1691 1109 1743 nuptiarum
1129 1702 1196 1731 so-

310 1753 416 1795 roris
435 1764 526 1795 esse
545 1754 831 1806 corruptum!
899 1754 1030 1795 Diod.
1047 1753 1123 1795 lib.
1141 1764 1196 1795 11.

311 1818 439 1859 Gebh.
495 1816 623 1858 Adde
636 1817 843 1871 Ampliss.
860 1818 1124 1860 Freinshem.
1141 1815 1201 1858 ad'

312 1881 510 1922 Curtium
529 1882 625 1921 loco
645 1881 793 1922 citato.

364 1944 419 1984 Se
452 1943 664 1994 adiuvante
692 1946 944 1986 redacturum
972 1944 1198 1998 pollicetur]

310 2008 490 2061 Lougoi.
511 2007 665 2060 edidit,
700 2009 995 2060 Teodjuimnte
1021 2010 1200 2048 redactu-

308 2084 396 2113 rum
412 2085 454 2113 se
468 2073 690 2126 polticetur,
706 2085 834 2114 sensu
851 2074 998 2126 plano,
1010 2076 1058 2114 et
1071 2085 1204 2126 prox-·

309 2137 395 2176 ime
415 2136 470 2176 ad
501 2149 647 2177 veram
677 2137 911 2177 lectionem
931 2135 1168 2177 accedente
1186 2138 1205 2187 3*

310 2198 386 2240 sed
403 2200 550 2240 invitis
569 2200 701 2246 libris,
735 2200 807 2253 qui
837 2211 1049 2240 consensu
1079 2198 1129 2238 τὸ
1159 2211 1201 2240 se

311 2263 520 2304 exhibent
554 2263 596 2303 in
634 2263 862 2316 prioribus,
895 2263 940 2303 in
972 2264 1200 2316 postremis

309 2337 393 2366 non
413 2331 664 2379 agnoscunt.
721 2326 1014 2367 Doctissimus
1033 2326 1200 2368 Grono-

309 2388 403 2429 vius
422 2389 638 2439 censebat,
657 2393 732 2429 aut
752 2386 1013 2441 superfluum
1032 2401 1128 2429 esse
1149 2388 1201 2429 τὸ

310 2452 533 2505 adjuvante,
570 2457 646 2492 aut
687 2452 963 2493 scribendum
999 2453 1200 2493 redactum

309 2515 379 2557 iri.
438 2516 529 2567 Ego
550 2515 622 2555 vix
638 2514 789 2556 dubito
815 2515 916 2568 quin
937 2514 999 2556 ita
1017 2516 1199 2569 scripse·

310 2577 368 2618 rit
387 2578 564 2630 Nepos:
597 2578 728 2618 Groee.
748 2577 819 2618 sub
838 2582 947 2619 tuam
961 2582 1045 2630 pot‘.
1062 2591 1119 2631 se,
1132 2581 1201 2620 ad-

300 2640 468 2690 ,iuvante
495 2645 551 2693 te,
575 2643 724 2683 redact.
754 2642 886 2694 penio.
906 2647 955 2683 ut
987 2642 1202 2685 exciderit

311 2705 463 2745 vocula
481 2708 535 2756 te,
561 2705 761 2758 quoniam
793 2705 959 2746 eaedem
990 2705 1129 2747 literae
1157 2706 1200 2747 in

310 2766 397 2808 fine
417 2767 704 2820 praecede'ntis
722 2767 990 2820 legebantur.

367 2832 452 2872 His
477 2834 525 2873 de
551 2832 665 2872 rebus
694 2833 731 2872 si
759 2833 854 2885 quid
880 2833 991 2886 geri]
1046 2833 1202 2874 Horum

310 2895 599 2948 igitur-siquid
628 2897 804 2948 Longol.
836 2896 1032 2939 Lambin.
1074 2895 1201 2940 Quod

313 2959 547 3011 respondet
566 2959 722 3000 Graeco
739 2960 1017 3013 Thucydidis.
1072 2959 1117 3000 Ei
1134 2957 1202 3000 οὖν

310 3035 352 3063 τι
368 3021 519 3063 τούτων
534 3020 703 3074 ἀρέσκει.
758 3023 886 3064 Unde
904 3024 1000 3065 haec
1029 3036 1200 3078 quoque

312 3086 532 3138 descripta
553 3085 737 3137 epistola
756 3090 837 3127 est.

369 3150 532 3189 Certum
548 3148 761 3200 hominem]
817 3148 987 3200 Fidum,
1008 3148 1078 3189 cui
1104 3151 1200 3189 tuto

312 3212 446 3254 fidere
466 3211 616 3264 possis.
670 3211 742 3252 Sic
762 3223 876 3264 saepe
892 3213 1067 3263 Noster,
1080 3213 1201 3252 item·

313 3287 396 3327 que
416 3275 507 3316 Cic.
529 3275 679 3317 etalii.
739 3274 934 3328 Thucyd.
962 3274 1081 3328 ἄνδρα
1110 3287 1200 3315 πισ-

314 3338 399 3379 τόν.
423 3358 425 3361 ·

371 3403 533 3441 Certum
551 3401 744 3442 hominem
761 3404 812 3443 ad
830 3414 917 3442 eum
932 3402 1065 3442 mittas
1085 3401 1198 3454 sace]

316 3465 420 3505 Face
438 3463 638 3515 ἀρχαϊκὸν,
663 3477 740 3516 pro
762 3466 849 3518 sac,
879 3471 1127 3506 constanter
1154 3466 1198 3506 in

315 3527 525 3568 omnibus.
565 3527 636 3568 Sic
652 3528 738 3568 dice
758 3529 871 3581 apud
891 3530 1081 3583 Festum,
1094 3529 1201 3571 edice

694 294 875 336 No'rAE
917 293 1256 334 VARJORUM
1293 294 1359 335 IN
1399 296 1450 334 C.
1489 295 1757 338 NEPOTI&

1255 413 1372 466 apud
1399 413 1625 456 Maronem
1653 415 1729 458 lib.
1759 425 1825 455 xx.
1859 417 1907 455 ut
1938 412 2145 457 observat

1256 478 1462 519 Diomed.
1482 479 1510 521 1.
1527 490 1561 519 1.
1600 479 1712 520 Vide
1731 478 1947 520 Priscian.
1987 479 2147 520 Κακὴ»

1299 542 1573 595 Artabazum]
1612 543 1825 584 Pharnaci
1843 541 1993 584 filium.
2031 544 2145 584 Thu·

1258 604 1402 657 eydid.
1419 615 1452 645 1.
1494 605 1705 648 Herodot.
1722 617 1789 647 rx.
1845 607 2016 647 Nomen
2034 606 2144 647 illud

1258 679 1469 709 summum
1507 669 1763 722 praefectum
1800 675 1938 714 notat.
1994 669 2144 723 ”Apros

1257 730 1372 771 enim
1398 738 1464 774 est
1494 734 1653 787 clarus,
1668 745 1860 787 magnus,
1877 733 2145 787 splendidus.

1259 792 1575 851 pomarium,
1601 803 1744 840 autem
1777 799 1965 839 validum
1983 796 2145 851 signifi·

1257 868 1355 914 ραις
1381 862 1496 904 unde
1510 862 1694 916 'et'Apns
1712 863 1965 905 Graecornm
1984 867 2032 904 et
2053 862 2145 903 He-

1257 937 1328 968 ros
1344 934 1498 967 nomen
1516 938 1638 967 suum
1655 939 1879 979 accepere.
1925 927 2013 970 Qui
2026 924 2145 980 apud

1256 990 1483 1042 AEgyptios
1499 989 1604 1031 Arte
1621 989 1870 1031 vocabatur.
1915 991 2073 1043 Neque
2088 989 2149 1030 ab

1255 1052 1341 1093 illis
1360 1053 1506 1094 Persae
1525 1053 1705 1094 muitum
1724 1050 1944 1095 differunt.
1975 1052 2148 1106 Ἀρταῖοι

1222 1134 1234 1148 ·
1258 1116 1369 1157 enim
1389 1117 1535 1158 Persis
1556 1116 1740 1169 Heroiis,
1757 1116 1870 1158 sicut
1898 1108 2147 1171 Hesychius

1257 1185 1443 1221 testatur
1457 1185 1502 1221 et
1512 1180 1768 1233 Stephanus.
1790 1180 1971 1233 Thysius.
2001 1179 2148 1223 Quam

1258 1243 1477 1296 congessit
1504 1244 1692 1297 Magnus
1708 1242 1980 1284 Boxhornius
2008 1241 2148 1295 expli·

1257 1307 1469 1348 cntionem
1485 1307 1667 1348 nominis
1685 1307 1902 1356 Artabani,
1921 1307 2017 1348 heic
2036 1306 2152 1348 inse²

1257 1381 1354 1411 rere
1370 1371 1521 1413 visum.
1578 1371 1651 1412 Ita
1668 1371 1770 1413 ine:
1801 1371 1966 1423 Bassus,
1981 1369 2147 1420 Bessus,

1258 1432 1507 1487 praefectus.
1562 1435 1643 1476 Est
1660 1435 1835 1488 quidem
1846 1434 2080 1487 'proprium
2097 1433 2149 1474 ild

1257 1499 1468 1550 ludvapud
1499 1499 1659 1540 Persas
1678 1512 1848 1554 nomen,
1877 1499 1958 1540 sed·
1983 1510 2038 1540 ex
2069 1509 2150 1552 ap-

1258 1564 1482 1618 pellativo,
1497 1565 1611 1618 quod
1631 1564 1887 1618 praefectum
1905 1569 2043 1616 notat,
2061 1561 2149 1605 fac-

1259 1633 1381 1678 tum3
1424 1627 1782 1682 quemadmodum
1825 1631 1872 1669 et
1903 1626 2150 1679 Artabazus,

1260 1692 1374 1746 quod
1394 1692 1608 1745 significat
1626 1692 1872 1745 Principem
1891 1681 2156 1746 purpurato·¹

1258 1767 1366 1797 rum.
1429 1757 1561 1796 Bassa
1592 1755 1769 1809 proprie
1793 1755 1960 1809 Tamis,
1991 1756 2067 1810 qni
2093 1766 2150 1799 ex

1258 1818 1563 1872 Scythis-orti,
1582 1817 1940 1871 quemadmodum
1968 1822 2014 1859 et
2041 1817 2151 1858 Per·

1261 1894 1335 1932 sae,
1363 1886 1487 1923 notat
1504 1885 1636 1934 caput.
1693 1880 1774 1922 Cui
1797 1881 2055 1922 simillimum
2077 1885 2153 1925 est

1261 1952 1384 1987 vetus
1420 1943 1680 1987 Saxonicum
1715 1944 1848 1996 Beah,
1878 1944 1965 1995 vel,
1999 1948 2052 1985 ut
2077 1943 2152 1984 alii

1225 2026 1237 2033 2
1263 2009 1474 2061 scribunt,
1492 2008 1619 2060 Benz,
1637 2007 1750 2061 quod
1767 2013 2066 2048 ornamentum
2082 2015 2153 2049 cu*

1261 2072 1383 2125 pitis,
1413 2081 1631 2124 coronam,
1662 2075 1709 2112 et
1739 2072 1923 2123 galeam,
1941 2075 1989 2112 et
2015 2076 2151 2124 caput

1260 2136 1571 2187 interpretatur
1601 2133 1679 2174 Vir
1706 2133 1997 2175 Eruditissim.
2014 2133 2150 2176 Jonn-

1261 2208 1338 2239 nes
1357 2197 1508 2238 Latius
1525 2197 1570 2237 in
1586 2197 1744 2238 Lexico
1763 2208 1840 2238 suo
1858 2194 2155 2249 Anglo-Sex‘o·

1261 2262 1373 2303 nico.
1444 2261 1720 2302 [aeonclavius
1753 2261 1799 2302 in
1836 2261 2149 2305 Onomastico:

1260 2326 1272 2348 ‘
1292 2326 1424 2366 Bassa
1442 2331 1489 2367 et
1508 2326 1633 2366 Bassi
1657 2325 1807 2366 Turcis
1826 2330 1955 2378 captat.
2008 2325 2151 2367 Bassi-‘

1260 2388 1351 2440 lire,
1383 2388 1529 2440 capita,
1571 2389 1661 2429 sive
1694 2391 1824 2440 duces,
1855 2394 1907 2429 ut
1938 2401 1964 2429 a
1994 2388 2152 2441 κεφαλὴ

1263 2451 1431 2492 Groecis
1449 2456 1549 2491 sunt
1569 2451 1675 2492 dicti
1690 2449 1936 2504 κεφαλάδεςς
1979 2453 2154 2505 nostris,

1263 2526 1290 2555 a
1321 2515 1464 2567 capite,
1499 2515 1734 2568 capitanei.⁸
1802 2516 1908 2556 Noti
1943 2515 2150 2557 hodie-in

1262 2578 1362 2619 aula
1404 2582 1452 2619 et
1499 2578 1683 2631 imperio
1738 2578 2152 2620 Ottomannidarum

1263 2643 1416 2694 Bassae,
1432 2641 1477 2682 id
1497 2648 1579 2694 est,
1597 2641 1818 2683 Praefecti.
1885 2643 2042 2696 Neque
2073 2643 2152 2683 dn·

1263 2704 1502 2757 hiandum,
1532 2705 1635 2758 quin
1661 2717 1715 2746 ex
1734 2705 1943 2758 Scythico
1974 2706 2048 2748 illo
2079 2717 2151 2747 ve-

1264 2767 1498 2810 tustissimo
1528 2768 1739 2810 vocabulo
1768 2768 1933 2810 factum
1947 2769 2008 2810 sit
2027 2768 2154 2811 Grae·

1263 2843 1426 2872 corum-
1445 2830 1648 2885 βασιλεὺς,
1677 2831 1723 2872 id
1755 2836 1838 2883 est,
1869 2830 1981 2873 Rex.
2039 2831 2155 2873 Hoee

1262 2894 1350 2935 ille.
1406 2895 1611 2936 Boxhorn.

1317 2959 1490 2999 Domum
1507 2958 1729 3010 revocatus]
1757 2957 2057 3011 Thucydides:
2076 2962 2153 2998 Aa·

1263 3020 1493 3072 κεδαιμόνιοι
1511 3019 1756 3062 ἂνεκάλεσαν
1773 3019 1905 3061 αὐτόν.
1943 3019 2124 3063 Lambin-

1315 3087 1535 3127 Accusatus
1551 3085 1716 3139 capitis]
1747 3084 1786 3125 A
1804 3085 2155 3137 Peloponnesiis}

1262 3148 1443 3190 Diodor.
1463 3159 1528 3188 xr.
2039 3143 2044 3147 '

1279 3216 1281 3219 “
1317 3214 1519 3253 Mutatur
1549 3216 1678 3253 tamen
1708 3210 1893 3265 pecunia]
1948 3211 2153 3253 Animad-

1262 3276 1398 3316 vertis
1419 3276 1619 3316 multatos
1642 3275 1946 3317 Lacedaemone
1973 3274 2151 3316 infamia

1262 3339 1376 3379 haud
1415 3350 1592 3389 carere;
1638 3351 1773 3392 eoque
1817 3338 1911 3391 ipso
1949 3339 2150 3380 mandata

1264 3402 1487 3455 provincia
1507 3402 1597 3442 sive
1618 3401 1797 3454 imperio
1826 3400 2046 3452 excidere,
2067 3413 2152 3442 nec

1263 3477 1347 3506 non
1379 3466 1547 3518 ρωπίας
1589 3465 1670 3506 nisi
1712 3477 1805 3506 eam
1839 3465 1993 3516 insigni
2029 3464 2151 3506 facto

1262 3529 1470 3571 meritove
1509 3532 1848 3583 recuperassent.
1918 3528 2031 3570 vide
2064 3528 2151 3570 Ρο-
