2326 3944
283 254 399 313 434

284 385 480 439 ligneum]
507 384 711 436 Vulgati:
757 386 861 425 Eum
888 386 993 426 enim
1021 384 1172 438 signifi-

288 450 374 491 cari
391 461 541 489 murum
558 448 746 498 ligneum.
774 448 1003 488 Frontinus
1020 448 1172 488 eadem

288 514 345 553 de
377 524 448 552 re:
492 511 640 551 Melius
670 511 804 563 itaque
821 513 983 551 salutem
1011 509 1174 551 navibus

288 589 405 628 quam
419 575 508 615 urbi
521 574 785 614 commissuros
796 588 810 616 .·
837 574 956 624 huius
970 574 1173 614 sententiae

287 641 409 681 etiam
427 640 556 679 Deam
573 642 771 678 auctorem
786 649 882 677 esse.
910 637 1173 677 Fundamen-

284 708 382 744 -tum
413 706 623 754 praeterea
654 702 778 753 huJus
798 713 884 742 suae
914 701 1172 752 interpreta-

289 767 421 808 tionis
442 765 632 806 habebat
649 765 883 817 politicum.
939 769 951 786 ‘
969 765 1082 804 Nam
1101 774 1173 802 ne·

288 842 373 884 qne
416 829 565 882 praelio
605 828 813 881 pedestri,
846 839 986 880 neque
1022 826 1171 866 finium

282 894 457 946 tutelae,
474 903 614 946 neque
632 892 843 932 obsidioni
863 890 1068 932 credebat
1086 888 1170 929 suf-

287 957 421 999 ficere
452 954 764 1005 Athenienses:
796 954 911 994 idem
929 954 1073 995 Julius
1092 951 1168 992 lib.

284 1032 321 1061 1.
354 1023 395 1060 3.
436 1019 636 1059 Gebhard.
695 1017 845 1056 Habes
879 1021 924 1056 et
952 1015 1169 1059 oraculum

284 1084 368 1124 hoc
400 1083 577 1135 ejusque
609 1078 1013 1131 interpretationem
1053 1077 1169 1130 apud

285 1145 464 1186 Suidam
484 1145 526 1184 in
548 1144 666 1184 dicto
684 1143 872 1182 Ἀνεΐλεν.

344 1208 486 1249 omnia
506 1220 591 1260 quoe
619 1206 762 1246 moveri
791 1204 998 1257 poterant]
1026 1202 1169 1244 Graeci

284 1276 510 1323 exponunt
527 1268 671 1309 δυνατὰ
685 1270 764 1308 τῶν
782 1265 1006 1320 χρημάτων.
1056 1267 1168 1307 Rec—

289 1333 376 1373 tius
413 1332 465 1372 τὰ
500 1330 662 1381 ἔπιπλα,
697 1329 848 1383 quibus
893 1334 1170 1381 opponuntur

283 1395 336 1436 τὰ
355 1393 506 1446 ἔγγειοι.
553 1395 611 1434 Et
629 1394 862 1434 Pausanias
882 1392 1003 1444 dicit,
1022 1390 1168 1432 ἔπιπλα

284 1471 380 1502 esse
399 1457 581 1508 κτήματα
607 1456 661 1496 τὰ
688 1455 742 1506 μὴ
774 1454 935 1507 ἔγγαια,
967 1454 1077 1495 ἆλλὰ
1093 1454 1167 1502 τὴν

282 1524 369 1563 κατ’
389 1520 493 1563 οἷκον
510 1523 648 1569 κτῆσιν
663 1519 738 1567 τὴν
755 1517 967 1569 δυναμένην
981 1519 1166 1558 πλεῦσαι.

285 1588 395 1629 Quae
429 1585 677 1626 Eustathius
714 1582 898 1634 profert,
934 1583 995 1622 ita
1033 1587 1082 1622 ut
1121 1589 1167 1622 et

287 1650 417 1691 aliam
451 1661 567 1688 suam
606 1646 849 1699 opinionem
895 1646 1054 1687 addat:
1101 1643 1168 1686 arai

284 1712 363 1763 μὴν
390 1711 524 1752 ἄλλως
549 1710 697 1752 ἔπιπλα
718 1711 802 1751 καθ’
832 1708 1000 1763 ἑτέρους,
1025 1710 1070 1750 ἐκ
1094 1712 1167 1759 τῆς

281 1777 474 1827 ἐπιπολῆς
492 1775 561 1825 τὰ,
581 1775 695 1817 οἱονεὶ
718 1775 775 1815 τὰ
802 1773 1095 1826 ἐπιπολάζοντα.
1125 1775 1167 1814 ἐν

279 1841 343 1893 τῷ
356 1838 648 1893 προφαίνεσθαι.
694 1840 814 1880 Infra
833 1840 998 1880 Dione:
1029 1840 1041 1861 ‘
1064 1839 1165 1879 Dio-

281 1906 430 1961 nysius
468 1907 610 1947 omnia
643 1918 738 1959 quae
773 1905 935 1945 moveri
963 1910 1169 1958 poterant

281 1969 435 2010 Dionis
466 1970 510 2009 in
537 1967 919 2020 navesimposuitss
949 1967 1162 2008 Ammian.

281 2033 481 2074 Marcell.
500 2033 573 2073 lib.
595 2044 765 2073 xxvui.
785 2036 824 2072 1.
845 2037 975 2072 vocat
1004 2033 1017 2054 ‘
1034 2031 1167 2071 mobi-

279 2095 369 2136 lem
414 2094 618 2136 eensum.’
673 2095 834 2137 Justin.
876 2105 1081 2134 xxxviii.
1123 2097 1163 2134 3.

277 2157 292 2180 ‘
308 2157 519 2198 Homines
532 2169 636 2197 vero
655 2162 701 2197 et
719 2168 987 2210 quaecunque
1005 2155 1166 2195 auferri

279 2227 471 2277 possent,
489 2221 667 2274 Tigrani
686 2221 920 2262 cederent.’
966 2219 1164 2260 Gebhard.

333 2285 496 2326 Partim
529 2284 784 2335 Salaminem]
827 2282 977 2325 Codex
1017 2283 1165 2323 Ultra-

275 2349 492 2401 jectinus:
549 2348 709 2388 Partim
755 2348 973 2399 Salamina,
1015 2347 1166 2398 partim

284 2412 481 2453 Troezena.
527 2413 770 2464 Utrumque
785 2412 898 2452 enim
914 2411 1073 2463 legitur
1091 2410 1165 2451 Sa-

280 2474 424 2515 lamine
455 2479 500 2514 et
531 2474 748 2514 Salamina.
806 2474 917 2514 Nam
946 2474 1059 2514 idem
1087 2480 1165 2514 est.

281 2534 488 2579 Salamina
523 2536 685 2589 quippe
713 2542 757 2576 et
787 2536 965 2577 Salamin
989 2537 1166 2578 diceba-

282 2605 369 2641 tur.
416 2600 531 2641 Illud
550 2600 684 2652 magis
705 2600 903 2639 Latinum
924 2606 1017 2650 est;
1036 2600 1165 2653 siqui-

282 2662 381 2704 dem
412 2675 467 2703 ex
496 2670 651 2716 quarto
680 2676 781 2703 casu
801 2664 1069 2715 Graecorum,
1091 2663 1167 2711 τὴν

281 2728 502 2778 Σαλαμῖνα,
535 2725 675 2766 factus
705 2732 773 2767 est
802 2727 965 2767 Latinis
985 2727 1164 2779 primus,

279 2791 364 2830 hoec
398 2789 616 2841 Salamina,
649 2794 698 2829 ut
731 2789 774 2829 in
806 2790 901 2830 aliis
931 2790 1162 2830 sexcentis.

283 2853 513 2894 Salmasius.
984 2892 990 2900 ‚

341 2917 495 2955 Partim
518 2916 755 2967 T'roezenem]
770 2917 1040 2967 Pomponius
1051 2918 1164 2957 Mela

279 2977 356 3019 lib.
386 2989 436 3018 11.
466 2979 478 3001 ⁴
500 2979 715 3018 Troezenii
735 2979 820 3018 fide
850 2979 1069 3019 societatis
1086 2979 1162 3019 At·

281 3043 382 3082 ticae
415 3042 627 3082 illustres!
696 3042 941 3083 Herodotus
977 3044 1164 3083 Urania:

279 3105 318 3145 οἶ
334 3103 407 3155 μὲν
423 3107 604 3145 πλεῖστοι
633 3106 673 3145 ἐς
694 3104 883 3157 Τροιζῆνα
911 3103 1164 3157 ἀπέστειλαν,

281 3170 318 3209 οἱ
354 3168 396 3210 δὲ
431 3171 470 3210 ἐς
504 3171 680 3220 Αἴγιναν,
721 3171 758 3208 οἱ
788 3168 830 3209 δὲ
878 3170 917 3210 ἐς
948 3172 1163 3219 Σαλαμῖνα.

282 3233 437 3272 Cicero
451 3233 700 3272 Officiorum
720 3233 793 3272 lib.
817 3244 884 3273 ιιι.
903 3234 915 3255 ‘
936 3232 1164 3272 Athenien-

281 3307 366 3346 ses,
401 3307 498 3335 cum
535 3297 763 3335 Persarum
807 3297 1013 3347 impetum
1051 3297 1164 3335 nullo

280 3357 408 3400 modo
442 3367 614 3411 possent
648 3360 875 3407 sustinere,
904 3364 1165 3410 statuerunt,

283 3427 345 3472 ut,
364 3420 470 3461 urbe
485 3422 652 3472 relicta,
678 3423 932 3475 conjugibus
953 3429 999 3464 et
1018 3423 1163 3464 liberis

278 3484 484 3529 (l'roezeue
495 3483 750 3538 deportatis,
759 3497 890 3527 naves
903 3485 1164 3528 conscende-

675 258 854 307 No'rAE
895 266 1228 307 vAmonmu
1268 267 1335 308 ist
1374 269 1430 309 c.
1469 253 1731 309 NEPOTIS

1233 388 1346 439 rent,
1379 386 1709 441 libertatemque
1742 386 1928 429 Gr‘aecioe
1975 386 2111 428 desse

1234 448 1546 492 defenderent)
1613 452 1726 492 Vide
1755 450 2008 491 Frontinum
2031 450 2112 491 lib.

1233 524 1265 555 1.
1281 517 1320 555 3.
1331 521 1377 556 et
1392 515 1687 556 Plutarchum.
1708 515 1736 557 J
1741 515 1900 556 ustinus
1909 525 1961 555 ιι.
1975 513 2113 553 ‘Coa-

1227 577 1358 630 juges
1394 579 1641 632 liberosque
1672 591 1767 620 eum
1797 574 2114 630 pretiosissimis

1234 640 1360 681 rebus
1405 641 1566 682 abditis
1610 642 1759 682 insulis
1801 637 2111 689 demandasse:

1232 701 1353 743 dicit.
1384 705 1499 754 Mag.
1528 705 1712 745 Lambin.
1741 705 1876 745 Senes
1892 704 1939 743 in
1954 702 2113 743 insulas

1232 765 1504 818 deportasse,
1530 767 1667 820 inquit
1694 767 1906 807 Aristides
1934 767 1980 806 in
2000 765 2112 806 Ora-

1231 830 1349 869 tione
1387 828 1483 882 ὑπὲρ
1516 832 1597 870 τῶν
1623 829 1835 882 τεττάρων.
1890 829 2111 881 eonjuges

1230 904 1336 932 vero
1378 898 1423 932 et
1458 893 1616 934 liberos
1651 894 1899 934 Troezenem
1934 892 2112 939 misisse,

1231 967 1313 995 non
1333 956 1376 995 in
1394 956 1564 996 insulas.
1598 956 1770 996 Vossius.
1827 956 1985 996 Partim
2003 955 2112 995 stoe-

1229 1031 1357 1059 zenem
1374 1019 1594 1072 asportant]
1628 1021 1727 1060 Non
1754 1024 1838 1070 est,
1855 1031 1933 1059 cur
1950 1031 2006 1058 ex
2024 1018 2112 1058 Ex-

1231 1088 1476 1135 cerptornm
1493 1083 1577 1123 fide
1588 1082 1885 1133 rescribamus,
1894 1083 2114 1133 deportant.

1232 1148 1348 1188 Nam
1362 1148 1597 1201 elegantius
1609 1151 1810 1199 asportare
1825 1145 2028 1186 dicebant
2042 1158 2113 1186 ve-

1233 1217 1345 1251 teres
1377 1212 1431 1251 de
1462 1212 1589 1252 rebus
1616 1210 1886 1252 necessitatis
1914 1215 2111 1263 tempore

1231 1275 1487 1327 deportatis.
1547 1275 1688 1314 Omnia
1715 1286 1801 1326 «μαι»
1828 1274 1974 1313 moveri
2001 1276 2111 1323 pote-

1231 1343 1338 1389 rant,
1350 1339 1500 1390 partim
1526 1338 1778 1388 Salaminem,
1793 1336 1944 1388 partim
1974 1336 2111 1376 Tmze·

1230 1413 1304 1441 nen
1320 1405 1535 1454 asportant.
1577 1402 1624 1441 ln
1642 1401 1794 1441 Veteri
1809 1399 2110 1441 Onomastico:

1230 1465 1462 1517 Asportare,
1478 1463 1668 1517 ἐμφέρειν.
1715 1464 2003 1505 Glossarium:
2032 1461 2112 1503 As·

1225 1529 1418 1581 portavit,
1443 1528 1729 1581 ἐξεφορτίσατο.
1784 1527 1991 1580 Apuleius
2017 1527 2113 1567 Me-

1231 1598 1333 1633 tam.
1369 1592 1442 1633 lib.
1479 1604 1542 1633 1v.
1584 1595 1596 1616 ‘
1626 1592 1865 1644 Asportare
1903 1595 2110 1644 quantum

1231 1656 1412 1709 quisque
1444 1654 1669 1707 poterat.'-
1700 1655 1918 1706 Asportant
1950 1659 2110 1706 autem,

1230 1723 1278 1759 ut
1294 1718 1487 1768 asferrent
1506 1720 1548 1758 in
1570 1719 1720 1759 iisdem
1749 1718 1994 1771 Excerptis,
2019 1717 2110 1759 vita‘

1228 1782 1455 1823 Miltiadis.
1497 1782 1697 1822 Kenchen.

1283 1850 1424 1887 Arcem
1441 1847 1704 1887 sacerdotibus
1717 1847 1924 1900 paucisque
1953 1845 2111 1896 majori-

1228 1910 1299 1951 bus
1312 1911 1427 1962 natu]
1446 1911 1720 1962 Plutarchus,
1749 1910 1934 1950 infirmos
1948 1909 2111 1950 viribus

1230 1973 1473 2027 affectaque
1491 1975 1584 2027 jam
1614 1981 1746 2014 aetate
1764 1974 1918 2014 multos
1937 1973 2111 2013 relictos

1229 2037 1362 2078 fuisse
1383 2037 1502 2078 dicit.
1531 2039 1559 2079 J
1565 2038 1723 2077 ustinus
1739 2037 1888 2076 horum
1903 2047 1986 2076 non
1999 2034 2111 2076 facit

1229 2101 1504 2152 mentionem,
1515 2100 1590 2140 sed
1607 2101 1811 2149 Xerxem,
1830 2099 1905 2146 ait,
1922 2098 2113 2139 Athena·

1230 2175 1322 2203 rum
1335 2163 1498 2215 urbem,
1511 2175 1689 2203 vacuam
1699 2163 1957 2212 hominibus,
1965 2163 2111 2203 incen-

1230 2226 1300 2266 dio
1317 2232 1526 2276 vastasse;
1552 2238 1750 2278 eumque,
1769 2225 1840 2278 qui
1859 2225 1903 2265 in
1918 2224 2109 2265 homines

1229 2288 1344 2330 ferro
1359 2290 1564 2330 saevitiam
1577 2301 1780 2330 exercere
1795 2301 1878 2328 non
1893 2292 2113 2340 potuerat,

1230 2365 1324 2393 eam
1340 2354 1439 2404 igne
1456 2354 1497 2392 in
1516 2353 1697 2393 aedificia
1712 2353 1969 2392 exercuisse.
1995 2351 2110 2391 Pan-

1231 2416 1372 2456 sanias
1405 2417 1448 2456 in
1483 2415 1662 2467 Atticis,
1709 2416 1843 2455 literis
1875 2414 2109 2467 mandavit,

1233 2479 1412 2531 Athenis
1448 2479 1640 2532 homines
1673 2480 1800 2519 armis
1830 2479 2004 2529 ‚ineptos
2043 2490 2109 2519 re-

1229 2534 1514 2593 mansisse,ac
1551 2556 1624 2583 eos
1661 2544 1807 2594 etiam,
1839 2543 1927 2595 qui,
1958 2540 2110 2582 melias

1229 2619 1356 2659 quam
1397 2607 1703 2648 Themistocles
1739 2607 1930 2656 fecisset,
1963 2617 2110 2647 oracu-

1229 2670 1314 2709 lum
1333 2670 1415 2710 sibi
1434 2671 1712 2722 interpretati
1727 2683 1820 2710 esse
1837 2670 2108 2721 videbantur,

1229 2746 1412 2787 eamque
1430 2735 1485 2774 ob
1516 2747 1620 2785 rem,
1651 2747 1793 2775 arcem
1815 2735 1868 2773 ab
1887 2733 2111 2785 illislignis

1230 2797 1434 2849 vallisque
1451 2796 1583 2837 fuisse
1604 2798 1821 2836 munitam.
1861 2796 2110 2861 Herodffitus

1230 2861 1451 2900 Pausaniae
1471 2861 1770 2913 adstipulatur,
1790 2860 1862 2913 qui
1882 2867 1928 2900 et
1947 2871 2109 2912 paupe*

1230 2936 1296 2962 res
1319 2925 1492 2963 relictos
1514 2923 1644 2963 fuisse
1665 2923 1784 2963 dicit.
1816 2924 1931 2972 Mag.
1977 2923 2109 2973 Majo-

1228 2986 1336 3026 ribus
1353 2985 1468 3036 παίω]
1497 2986 1754 3025 Senioribus.
1791 2985 1841 3024 ln
1865 2984 2107 3036 Iphicrate:

1228 3051 1240 3069 ‘
1257 3049 1317 3088 Ut
1338 3061 1420 3087 non
1435 3049 1568 3087 solum
1590 3047 1732 3086 aetatis
1746 3049 1832 3085 sua».
1847 3059 1942 3085 cum
1960 3046 2108 3096 primis

1229 3117 1565 3161 compararetur,
1598 3111 1672 3148 sed
1706 3122 1760 3149 ne
1789 3111 1844 3149 de
1874 3106 2107 3161 majoribus

1230 3173 1360 3223 natu,’
1392 3177 1472 3214 ἃς.
1529 3173 1583 3212 In
1614 3173 1799 3212 Timoth.
1828 3174 1945 3212 ‘non
1978 3173 2108 3213 cessit

1231 3243 1331 3276 natu
1357 3237 1563 3287 majorum
1597 3236 1846 3276 auctoritati
1862 3236 1886 3285 ;’
1915 3236 1942 3275 i.
1977 3248 2014 3276 e.
2033 3236 2107 3276 Ti-

1230 3299 1449 3338 motheiet
1477 3299 1708 3350 Iphicratis
1739 3306 1931 3338 veterum
1962 3297 2106 3349 Impe-

1229 3367 1432 3411 ratorum,
1450 3369 1497 3401 ut
1517 3362 1705 3413 explicat
1723 3362 1860 3401 Varro
1882 3361 1997 3413 apud
2019 3362 2107 3402 No*

1229 3423 1369 3463 nium:
1389 3430 1434 3464 et
1448 3425 1543 3464 Val.
1565 3424 1684 3464 Max.
1708 3434 1761 3465 n.
1782 3428 1822 3465 l.
1837 3431 1927 3465 ext.
1943 3427 1983 3466 9.
2003 3423 2108 3467 ibid<

1229 3491 1320 3527 ext.
1339 3499 1429 3541 seq.
1469 3485 1632 3528 Sat-aro.
2037 3504 2046 3516 =
