2306 3900
660 256 842 295 -Χνιι,
906 255 1293 308 AeEsmAUM,
1332 255 1470 296 cAr.
1506 242 1563 296 3.

207 377 353 428 Equos
373 387 471 416 cum
488 373 723 416 sessoribus
739 385 790 413 eo
809 372 925 414 bello
943 378 1086 414 extor-

206 440 264 480 sit
282 438 527 488 ditioribus,
543 437 613 490 qui
633 436 900 477 vacationem
919 436 1084 478 militiae

206 500 501 554 impetrabant
545 498 674 539 misso
722 498 886 538 vicario
931 499 1082 540 milite.

206 563 376 605 Auctor
405 561 662 603 Plutarchus
689 560 735 600 in
762 560 869 600 Vita
893 566 941 602 et
969 560 1085 614 Apo-

207 624 497 678 phthegmatis
518 624 677 664 Lacon.
707 622 860 664 Schott.

260 690 421 731 Bellum
432 687 657 740 apparavit]
677 686 730 727 In
749 686 938 728 Hannib.
956 688 968 711 ‘
988 699 1084 728 cum

206 752 252 794 in
269 751 519 804 apparando
546 750 754 791 acerrime
772 754 886 790 esset
903 761 1086 803 occupa-

207 814 304 856 tus!
360 814 413 855 In
432 814 644 854 Eumene:
690 814 702 835 ‘
721 812 970 865 Apparatus
995 813 1086 855 An-

206 878 374 932 tigoni.’
399 879 451 920 In
470 877 612 920 Alcib.
649 879 661 901 ‘
680 878 725 918 id
745 891 841 919 cnm
859 891 1086 932 apparare-

208 942 310 984 tur.'
338 943 498 986 Justin.
518 942 592 984 lib.
610 953 676 984 vx.
715 943 728 963 ‘
746 954 925 995 magnus
954 942 1086 996 igitur

208 1006 425 1047 amborum
445 1011 679 1058 apparatus
710 1004 840 1046 belli.'
883 1005 1013 1046 Oros.
1031 1017 1085 1046 ιι.

207 1074 248 1112 6.
292 1071 305 1093 ‘
325 1070 370 1110 in
398 1069 492 1122 ipso
520 1073 732 1122 apparatu
749 1067 972 1110 concidit.'
1012 1069 1083 1110 Sa-

208 1146 316 1174 varo.

260 1195 466 1246 Insignius
478 1194 728 1247 ornarentur]
749 1194 1088 1247 Reprehendunt

206 1261 290 1302 hoc
322 1260 394 1300 alii
425 1260 528 1300 belli
560 1260 706 1312 periti,
744 1260 757 1281 ‘
779 1271 876 1300 cum
906 1259 1088 1300 victoria

206 1334 294 1364 non
303 1335 516 1363 armorum
531 1322 702 1373 decore,
713 1321 789 1362 sed
804 1320 911 1363 ferri
925 1322 1088 1364 virtute

207 1386 451 1440 quaeratur?
489 1386 739 1427 Alexander
763 1386 828 1426 M.
858 1386 973 1438 apud
990 1386 1088 1428 Jus-

207 1451 284 1493 tin.
300 1450 374 1492 lib.
392 1461 459 1492 Χῖ.
480 1453 544 1491 13.
584 1449 741 1502 Neque
766 1449 848 1490 hoc
867 1449 959 1489 sine
977 1460 1086 1490 mor-

208 1526 274 1565 su,
297 1513 413 1567 quod
431 1513 706 1554 Charidemus
727 1511 1003 1552 Atheniensis
1031 1512 1087 1553 ad

208 1578 389 1620 Darium
418 1577 474 1619 de
504 1577 637 1630 ipsius
673 1577 833 1629 copiis:
880 1578 894 1600 ‘
928 1575 1090 1628 Nitet,’

208 1640 366 1695 inquit,
406 1641 420 1665 ‘
441 1652 651 1694 purpura,
684 1651 920 1693 aurumque
949 1639 1091 1692 fulget

208 1704 336 1745 armis
362 1708 409 1744 et
438 1702 686 1756 opulentia?
715 1703 838 1743 Curt.
863 1702 940 1743 lib.
959 1714 1031 1744 ιιι.
1051 1707 1091 1745 6.

209 1767 269 1808 Et
285 1767 525 1820 plerunque
543 1765 736 1806 imbelles
766 1765 984 1806 adornatis
1003 1766 1093 1819 pic-

210 1830 351 1884 tisque
371 1829 498 1870 armis
517 1829 669 1870 inclusi
688 1834 801 1870 sunt.
841 1829 964 1870 Idem
987 1829 1092 1872 ibid.

211 1905 306 1947 cap.
337 1897 405 1935 88.
446 1895 459 1917 ‘
478 1893 650 1945 Illyrios
685 1905 787 1933 vero
820 1899 866 1934 et
899 1893 1092 1939 Thracas

209 1962 336 2009 rapto
356 1957 500 1997 vivere
519 1961 726 2003 assuetos,
753 1956 889 1996 aciem
907 1956 1093 1997 hostium

210 2031 316 2062 auro
348 2032 626 2073 purpuraque
663 2018 898 2072 fulgentem
932 2019 1094 2060 intueri

204 2083 350 2136 jubet,
370 2083 561 2136 praedam
581 2095 671 2122 non
690 2094 810 2122 arma
827 2087 1090 2134 gestantem:

211 2147 328 2187 irent
364 2152 410 2187 et
445 2145 691 2186 imbellibus
723 2145 908 2186 foeminis
943 2157 1093 2186 aurum

213 2208 293 2248 viri
321 2209 540 2261 eriperent
554 2208 582 2248 :'
627 2209 940 2250 Pharasmanes
977 2209 1094 2261 apud

209 2271 356 2314 Tacit.
374 2271 489 2314 Ann.
517 2283 580 2313 vr.
599 2275 666 2313 34.
691 2271 705 2294 ‘
725 2272 860 2312 Simul
879 2272 1093 2312 horridam

209 2347 380 2377 suorum
399 2337 550 2387 aciem,
578 2337 697 2388 picta
728 2348 832 2378 auro
863 2337 1093 2378 Medorum

211 2399 398 2453 agmina,
414 2399 514 2440 hinc
536 2400 664 2451 viros,
695 2399 797 2441 inde
822 2400 1011 2452 praedam
1031 2412 1095 2440 os-

210 2462 422 2504 tendere!
492 2462 744 2504 Alexander
780 2464 895 2515 apud
931 2463 1094 2506 Justin.

211 2526 285 2568 lib.
304 2538 373 2568 xi.
393 2531 458 2568 13.
486 2528 499 2551 ‘
521 2527 737 2567 Hortatur
755 2532 961 2579 spernant
978 2526 1095 2567 illam

213 2589 350 2630 aciem
378 2602 482 2630 auro
515 2596 562 2629 et
585 2595 764 2642 argento
781 2588 1097 2641 fulgentem,in

214 2664 297 2704 qua
331 2653 425 2704 plus
451 2651 611 2705 praedae
647 2664 772 2705 quam
803 2653 986 2705 periculi
1014 2653 1097 2694 sit!

212 2714 350 2754 Tacit.
382 2714 532 2766 Agric.
564 2727 660 2767 cap.
689 2718 756 2756 32.
795 2717 808 2738 ⁸
836 2716 907 2756 Ne
936 2721 1100 2757 terreat

219 2790 353 2818 vanus
373 2779 605 2830 adspectus
623 2784 670 2819 et
697 2779 790 2818 auri
808 2777 951 2831 fulgor
967 2785 1099 2833 atque

214 2841 398 2893 argenti,
416 2841 530 2894 quod
558 2852 699 2893 neque
720 2841 832 2892 tegit
850 2853 989 2894 neque
1007 2842 1101 2883 vul·

214 2903 371 2945 uerat!
410 2905 503 2945 Liv.
538 2903 612 2944 lib.
646 2914 692 2944 x.
725 2906 792 2944 39.
821 2904 834 2927 ⁴
858 2904 959 2945 Non
985 2905 1098 2945 enim

217 2967 371 3008 cristas
404 2967 583 3007 vulnera
611 2965 772 3017 facere,
805 2971 851 3007 et
883 2979 963 3020 per
983 2968 1100 3020 picta

216 3034 345 3083 atque
376 3035 526 3071 aurata
554 3036 678 3070 scuta
705 3030 887 3071 transire
907 3032 1100 3072 Romana

216 3092 330 3145 pila?
384 3093 472 3134 Sed
499 3092 698 3133 frivolum
717 3098 786 3135 est
804 3098 975 3147 putare,
997 3106 1099 3136 auro

217 3160 348 3208 atque
368 3160 548 3206 argento
581 3155 792 3198 adornata
819 3155 872 3196 ab
893 3155 1099 3209 Agesilao

218 3230 363 3269 arma;
392 3217 507 3258 ferro
528 3216 668 3268 fulgor
697 3222 827 3271 atque
848 3224 989 3259 terror
1007 3218 1099 3260 fue-

217 3287 318 3322 runt
350 3280 514 3331 addita,
534 3280 685 3333 quibus
712 3285 879 3320 mentes
897 3280 1021 3321 simul
1039 3282 1100 3321 vi-

219 3356 375 3397 susque
397 3343 791 3395 perstringerentur
805 3342 1005 3383 hostium.
1039 3344 1107 3385 O·-

219 3406 432 3447 nosander
468 3403 709 3456 ἐσμηγμέναι
744 3404 823 3457 ’γὰρ
857 3403 1010 3457 elxam),
1036 3405 1102 3446 καὶ

221 3471 379 3531 λαμπρὰ
396 3469 503 3525 ξίφη,
522 3469 587 3512 καὶ
615 3467 708 3524 πρὸς
727 3467 889 3519 ἄλληλα
905 3483 1100 3525 παραμαρ·

1920 243 2028 296 601

1147 373 1331 428 [talpona
1356 374 1449 428 πρὸς
1484 372 1714 424 ἀνταύγειαν
1748 370 1862 422 ἡλίου
1905 371 2030 419 δεινὴν

1148 438 1350 491 ἀστραπὴν
1373 436 1547 488 πολέμου
1563 434 1801 486 ἀντιπέμπει.
1857 436 2031 476 Praeter

1148 502 1231 541 ista
1247 501 1451 553 fulgentia
1466 506 1598 554 atque
1614 499 1751 540 nitida
1769 510 1886 540 arma
1902 496 2032 539 militi

1149 564 1417 605 alacritatem
1449 563 1612 604 addunt
1643 567 1689 603 et
1718 561 1919 603 fiduciam
1957 572 2030 602 au·

1150 632 1279 680 gent:
1323 626 1520 678 rubigine
1550 638 1654 666 vero
1690 637 1742 666 ac
1772 625 1860 666 situ
1892 625 2032 678 squal-

1149 691 1282 731 lentia
1314 690 1476 730 animos
1506 689 1728 741 dejiciunt.
1784 687 2033 729 Alexander

1149 754 1264 807 apud
1293 755 1416 795 Curt.
1447 752 1524 793 lib.
1558 763 1605 792 x.
1624 756 1668 793 2.
1693 752 1707 775 ‘
1727 752 1892 804 Lignea
1919 751 2031 793 enim

1149 830 1251 858 vasa
1268 817 1518 858 desiderant
1550 820 1597 856 et
1616 828 1672 856 ex
1697 815 1890 856 cratibus
1910 820 2034 856 scuta

1149 881 1474 934 rubiginemque
1489 880 1743 931 gladiorum.
1798 879 1898 920 Hoc
1913 881 2034 921 cultu

1149 946 1335 986 nitentes
1354 957 1430 985 vos
1447 943 1623 995 accepi?
1677 943 1817 983 Porro
1847 943 1940 982 auri
1971 950 2035 983 at-

1150 1021 1234 1062 que
1266 1008 1435 1060 argenti
1461 1007 1504 1048 in
1542 1007 1671 1048 armis
1702 1005 1915 1059 fulgorem
1947 1005 2035 1047 non

1150 1083 1321 1123 semper
1339 1070 1454 1123 apud
1483 1070 1677 1111 imbelles
1695 1070 1888 1123 conspici
1908 1070 2037 1121 docuq

1149 1140 1296 1175 mento
1315 1139 1384 1175 est
1402 1134 1544 1176 Julius
1567 1134 1729 1185 Caesar,
1752 1134 1806 1173 de
1825 1146 1909 1186 quo
1928 1133 2034 1175 Sue-

1151 1204 1243 1240 ton.
1260 1210 1358 1250 cap.
1376 1201 1445 1238 67.
1474 1199 1486 1221 ⁶
1506 1196 1687 1239 Jactare
1706 1197 1856 1238 solitus
1873 1196 2035 1238 milites

1151 1274 1250 1302 suos
1268 1261 1400 1302 etiam
1416 1264 1702 1312 unguentatos
1716 1259 1825 1301 bene
1841 1272 2037 1313 pugnare

1152 1336 1294 1377 posse.
1351 1323 1638 1376 Habebatque
1676 1329 1764 1364 tam
1796 1323 1952 1375 cultos,
1986 1328 2037 1364 ut

1151 1392 1332 1439 argento
1348 1392 1395 1428 et
1410 1398 1515 1427 auro
1530 1386 1676 1438 politis
1690 1386 1817 1426 armis
1836 1391 2035 1428 ornaret:

1149 1450 1273 1492 simul
1293 1455 1339 1490 et
1357 1450 1413 1490 ad
1445 1449 1653 1501 speciem,
1679 1454 1725 1490 et
1743 1461 1830 1502 quo
1848 1449 2037 1491 tenacio-

1151 1525 1220 1554 res
1241 1525 1402 1554 .eorum
1436 1513 1482 1552 in
1514 1511 1665 1565 praelio
1710 1516 1873 1563 essent,
1916 1516 2039 1552 metu

1152 1575 1329 1617 damni.’
1382 1577 1492 1619 Quae
1522 1575 1658 1616 verba
1688 1575 1821 1616 vertit
1839 1575 2037 1628 Polyaeu.

1151 1640 1227 1682 lib.
1245 1651 1352 1680 vm.
1381 1641 1535 1692 Καῖσαρ
1560 1640 1646 1680 τοῖς
1663 1637 1922 1692 στρατιώταις
1940 1653 2036 1692 παρ·

1152 1702 1340 1754 ήγγειλεν
1368 1702 1475 1743 ὅπλα
1501 1701 1608 1754 ἔχειν
1637 1701 1788 1756 ἆρνγύρφ
1819 1701 1886 1743 καὶ
1903 1704 2039 1755 χρυσῷ

1153 1765 1441 1818 πεποικιλμένα·
1468 1764 1646 1818 μάλιστα
1661 1765 1733 1818 μὲν
1747 1765 1894 1818 κόσμου
1910 1764 2040 1820 χάριν,

1154 1832 1231 1883 οὐχ
1247 1831 1393 1881 ἥκιστα
1410 1828 1453 1871 δὲ
1471 1829 1574 1872 ὅπως
1590 1829 1656 1871 καὶ
1673 1830 1710 1871 οἱ
1726 1833 1960 1884 στρατιῶται
1973 1830 2040 1871 -τὰ

1152 1893 1348 1945 πολύτιμα
1365 1892 1610 1947 περιμάχητα
1626 1893 1802 1945 ἡγοῖντο.
1838 1894 1933 1934 Nec
1952 1905 2038 1934 non

1154 1959 1382 2009 Samnites,
1398 1958 1550 2010 quibus
1570 1957 1780 2009 ignaviam
1795 1957 2039 1998 mollitiem·

1155 2033 1208 2061 ve
1227 2033 1283 2061 ne
1302 2021 1396 2073 ipse
1416 2021 1635 2061 Romanus
1657 2019 1881 2072 objecerit,
1899 2019 2040 2061 aureis

1155 2089 1287 2136 atque
1317 2082 1538 2135 argenteis
1568 2083 1696 2123 armis
1714 2095 1759 2123 se
1778 2083 1891 2124 hosti
1916 2082 2040 2124 obtu-

1154 2149 1310 2189 lerunt.
1353 2148 1468 2190 Flor.
1502 2147 1578 2188 lib.
1617 2158 1650 2187 1.
1683 2151 1750 2188 16.
1796 2148 1809 2170 ‘
1839 2147 1929 2187 Pro
1961 2147 2040 2188 hac

1154 2209 1277 2261 urbe,
1312 2209 1556 2262 regionibus
1593 2209 1788 2262 Populus
1824 2210 2041 2251 Romanus

1155 2273 1371 2314 Samnites
1403 2272 1576 2323 invasit,
1594 2277 1784 2325 gentem,
1812 2273 1848 2314 si
1861 2273 2039 2326 opulen-

1155 2336 1260 2377 tiam
1280 2348 1460 2390 quaeras,
1494 2335 1634 2376 aureis
1668 2340 1715 2376 et
1741 2336 1957 2388 argenteis
1976 2348 2042 2376 ar-

1155 2399 1254 2450 mis,
1267 2398 1469 2440 discolori
1481 2403 1600 2439 veste
1614 2410 1750 2452 usque
1764 2398 1820 2439 ad
1835 2397 2042 2440 ambitum

1156 2461 1395 2504 armatam.’
1427 2461 1778 2503 concludendum
1797 2462 1929 2514 igitur
1946 2474 2042 2503 cum

1157 2526 1308 2566 Floro:
1337 2528 1350 2548 ‘
1370 2525 1499 2564 Tales
1519 2536 1612 2564 esse
1631 2524 1809 2575 milites,
1828 2524 1965 2577 qualis
1985 2524 2043 2565 sit

1157 2586 1441 2640 Imperator;'
1484 2587 1574 2627 sive
1607 2587 1734 2639 pictis
1753 2592 1882 2640 atque
1915 2586 2042 2626 ador-

1159 2652 1287 2703 natis,
1305 2651 1395 2690 sive
1413 2650 1545 2690 torvis
1562 2648 1676 2690 ferro
1703 2654 1838 2703 atque
1857 2660 1943 2689 aere
1960 2647 2042 2690 ful-

1161 2714 1361 2768 gentibus
1394 2712 1524 2753 armis
1557 2716 1754 2764 utantur,
1781 2712 1858 2754 lib.
1888 2723 1942 2753 11.
1975 2715 2042 2753 18.

1164 2778 1366 2825 Gebhard.

1215 2839 1394 2880 Praemia
1425 2838 1648 2892 proposuit]
1694 2838 1904 2879 Peltastis
1937 2849 2040 2892 quo-

1160 2915 1244 2956 que
1289 2907 1336 2943 et
1381 2901 1632 2953 sagittariis.
1685 2901 1926 2953 Xenophon
1967 2901 2042 2941 lib.

1161 2977 1233 3007 ιιι.
1280 2965 1351 3006 De
1387 2963 1693 3016 hippodromis,
1715 2963 2045 3016 jaculatoribus,

1160 3032 1207 3068 et
1224 3026 1317 3068 aliis
1335 3026 1692 3067 exercitationum
1709 3026 1937 3079 generibus
1950 3027 2043 3068 fuse

1160 3090 1403 3143 Xenophon
1421 3089 1573 3130 eodem
1591 3088 1718 3129 libro.
2029 3128 2031 3130 .

1218 3154 1275 3193 Et
1308 3151 1680 3193 exercitatissimum
1710 3149 1868 3190 haberet
1895 3151 2044 3192 exerci-

1162 3216 1266 3269 tum]
1296 3215 1493 3256 Sidonius
1512 3213 1647 3265 Epist.
1682 3212 1755 3252 lib.
1775 3223 1846 3253 111.
1863 3215 1905 3253 3.
1941 3214 1955 3236 ‘
1973 3225 2045 3256 ex.

1162 3280 1345 3320 ercitum
1376 3275 1778 3318 exercitatissimum
1803 3281 1954 3329 stupor
1971 3276 2045 3318 ob·

1163 3340 1275 3382 ruit.'
1306 3340 1470 3381 Satara.

1216 3404 1327 3444 Huic
1345 3415 1460 3456 quum
1478 3405 1627 3453 tempus
1654 3403 1753 3442 esset
1770 3400 1913 3454 visum]
1942 3401 2044 3442 Am-

1163 3466 1370 3521 plissimus
1402 3463 1716 3507 Freinshemius
1753 3463 1854 3506 olim
1900 3465 2043 3520 legeu-
