2306 3900
346 249 455 306 652

399 381 837 434 Lecticaqueferretur]
878 382 975 422 Mos
994 381 1144 423 solitus
1163 381 1226 422 af-

345 443 474 486 fectis
490 444 700 486 Ducibus.
764 446 835 485 De
855 445 1056 497 Scipione
1077 444 1226 486 Livius

347 515 478 547 xxiv.
516 507 584 547 De
602 506 823 548 Mermece
842 507 1051 560 Agathias
1067 519 1118 549 11.
1155 510 1226 550 De

346 568 520 610 Lutatio
548 570 734 611 Consule
758 571 858 611 Val.
878 573 1094 613 Maximus
1114 584 1166 613 ιι.
1187 576 1226 614 8.

346 630 418 672 De
437 633 627 673 Eumene
643 634 870 686 Polyaenus
895 639 940 675 et
955 636 1225 676 Plutarchus.

349 696 419 735 De
440 696 702 738 Numeriano
718 699 944 751 Vopiscus.
999 699 1070 740 De
1099 699 1229 740 Alex-

349 758 484 799 andro
503 759 679 800 Curtius
700 771 786 801 vu.
841 761 969 804 Quod
1001 761 1114 802 inter
1143 761 1229 801 lau-

349 821 426 862 des
444 822 721 864 humanitatis
753 837 804 865 ac
831 824 1128 866 beneficentiae
1156 824 1229 864 Ti-

348 884 538 926 berianae
569 893 878 928 commemorat
921 887 1113 928 Velleius
1145 887 1229 928 Pa-

350 953 458 989 tere.
477 959 538 989 11.
559 949 760 991 Gebhard.

406 1013 460 1052 C'.
474 1009 718 1054 Flaminium
739 1013 962 1066 Consulem]
1003 1013 1230 1054 Hominem

350 1074 645 1117 turbulentum
666 1081 711 1117 et
730 1077 1015 1118 multitudinis
1041 1082 1231 1118 assenta-

351 1143 505 1191 torem,
538 1139 599 1179 ad
628 1152 695 1180 res
724 1140 903 1181 bellicas
931 1144 1083 1181 natura
1112 1141 1231 1191 inep-

351 1205 459 1242 tum.
514 1202 766 1255 Appianas:
810 1203 885 1244 Kal
903 1203 1020 1244 αὐτὸς
1048 1203 1101 1245 ὢν
1126 1204 1233 1244 ἄπει-

351 1263 562 1317 ρσπόλεμός
578 1281 638 1319 τε,
653 1266 718 1307 καὶ
735 1265 788 1308 εἷς
813 1267 939 1320 ἀρχὴν
955 1267 1032 1307 ἀπὸ
1049 1269 1229 1319 δοξοκομ-

351 1327 441 1368 πίας
456 1326 631 1381 ᾔρμένος.
687 1329 775 1370 Adi
795 1331 1022 1384 Polybium
1050 1337 1096 1372 et
1115 1332 1234 1373 ali03.

351 1390 474 1431 Titus
492 1392 661 1432 Livius:
691 1394 704 1417 ‘
727 1394 886 1434 Consul
905 1393 1030 1434 ferox
1049 1395 1103 1435 ab
1133 1407 1234 1435 con-

355 1454 498 1495 sulatu
535 1455 694 1506 priore,
723 1460 771 1496 et
797 1468 883 1496 non
916 1457 1044 1497 modo
1075 1458 1238 1509 legum,

353 1521 430 1557 aut
445 1522 617 1570 patrum
645 1519 901 1571 maiestatis,
929 1520 1003 1560 sed
1036 1531 1091 1559 ne
1120 1521 1237 1559 Deo-

354 1593 460 1621 rum·
494 1582 667 1634 quidem
712 1583 815 1623 satis
870 1588 1065 1623 metuens
1111 1582 1236 1622 erat!

355 1641 494 1683 Lamb.
550 1645 665 1696 Ergo
685 1645 732 1686 C.
747 1645 992 1693 Flaminius,
1011 1645 1115 1699 (non
1143 1646 1239 1685 Fla-

355 1705 558 1758 mininus)
570 1707 725 1747 iterum
740 1707 895 1747 Consul
913 1713 1021 1760 erat,
1036 1720 1120 1760 quo
1133 1713 1238 1748 tem-

356 1769 463 1821 pore
481 1769 634 1822 ipsum,
662 1770 716 1810 ad
740 1770 1051 1822 Trasimenum,
1070 1771 1238 1812 adorie-

329 1828 331 1830 ’
355 1833 484 1873 batur
503 1833 733 1875 Hannibal.
787 1830 880 1874 Iste
910 1835 1156 1875 consulatus
1178 1835 1237 1874 in-

358 1896 466 1937 cidit
482 1897 526 1936 in
543 1909 696 1937 annum
716 1897 847 1937 Urbis
877 1898 1019 1938 Cond.
1041 1909 1236 1938 nxxxv1.

359 1960 529 2013 quando
549 1961 683 2013 ipsius
722 1961 896 2012 Collega
920 1961 1004 2001 fuit
1032 1961 1112 2002 Cn.
1142 1962 1240 2002 Ser·

355 2023 481 2064 vilius
503 2024 721 2076 Geminus,
739 2025 872 2078 quiin
895 2026 1044 2078 praelio
1073 2020 1238 2066 occisus

359 2092 441 2129 est.
471 2087 625 2129 Schott.

412 2151 531 2204 Apud
549 2152 834 2204 Trasimenum]
862 2152 1007 2203 Λίμνην
1022 2154 1241 2207 appellant

360 2213 569 2266 Polybius
588 2220 634 2255 et
653 2214 894 2267 Appianus,
914 2217 984 2269 qui
1003 2221 1048 2257 et
1065 2216 1242 2257 πλειστί-

359 2288 430 2324 νην
463 2282 590 2316 vocat
619 2277 662 2316 in
681 2276 966 2319 Annibalicis.
1020 2279 1150 2331 Apud
1172 2280 1241 2320 Li-

359 2338 474 2378 vium
494 2344 562 2379 est
576 2340 847 2390 Trasumenus,
861 2353 939 2392 pro
959 2353 1041 2393 quo
1057 2342 1129 2381 alii
1143 2343 1242 2382 'sta-

358 2400 540 2441 simenus.
595 2402 746 2442 Florus
779 2413 832 2443 11.
866 2407 908 2444 6.
939 2404 1242 2445 ‘Trasimenus

358 2464 477 2504 lacus
496 2463 673 2504 tertium
693 2462 853 2505 fulmen
880 2466 1153 2519 Hannibalis,
1169 2468 1244 2507 im-

359 2530 562 2579 peratore
582 2525 823 2566 Flaminio.'
876 2527 965 2568 Sed
998 2534 1046 2569 et
1077 2529 1243 2582 antiqui

365 2587 637 2629 Trasumenius
667 2588 914 2630 scribebant
943 2595 1017 2631 aut
1045 2591 1245 2645 Trasyme-

359 2653 463 2693 nitu.
529 2651 756 2694 Quomodo
787 2653 897 2704 apud
931 2654 1244 2696 Quintilianum

361 2714 591 2767 legendum
624 2726 736 2766 esse,
763 2715 837 2756 lib.
856 2728 889 2756 1.
924 2729 1020 2770 cap.
1039 2723 1081 2759 5.
1115 2719 1246 2761 docet

363 2777 569 2818 Claudius
615 2776 872 2828 Salmasius3
913 2780 987 2820 ubi
1019 2793 1245 2833 perperam

367 2842 664 2883 Thrasomenum
680 2853 759 2893 pro
776 2842 1052 2885 Thrasumeno.
1080 2845 1245 2886 Kench.

420 2905 522 2944 Cum
539 2904 732 2955 exercitu]
752 2905 806 2944 In
823 2906 902 2946 hac
922 2919 1067 2959 pugna
1087 2908 1248 2961 Livius,

363 2967 593 3020 Polybium
624 2974 813 3018 secutus,
839 2970 1083 3020 quindecim
1113 2971 1246 3012 millia

364 3030 651 3070 Romanorum
668 3029 713 3068 in
731 3030 824 3070 acie
842 3043 953 3071 caesa
972 3044 1064 3074 esse
1083 3034 1244 3075 tradit:

366 3093 518 3134 decem
538 3092 671 3132 millia
688 3105 838 3144 sparsa
857 3092 961 3146 fuga
979 3107 1059 3147 per
1077 3108 1246 3137 omnem

366 3156 583 3197 Etruriam
615 3156 797 3196 diversis
823 3157 1048 3199 itineribus
1069 3159 1246 3200 Romam

368 3220 571 3271 petiisse:
629 3231 705 3259 sex
738 3219 873 3260 millia
906 3220 1032 3272 primi
1068 3222 1247 3274 agminis

368 3294 448 3333 per
466 3282 665 3322 adversos
695 3283 836 3324 hostes
865 3285 1090 3336 eruptione
1117 3283 1251 3337 facta,

368 3344 540 3397 ignaros
557 3347 758 3400 omnium,
773 3360 868 3401 quae
888 3355 988 3400 post
1005 3354 1249 3402 agerentur,

370 3419 426 3449 ex
445 3408 558 3448 saltu
574 3410 785 3451 evasisse:
829 3417 874 3451 et
894 3415 990 3453 cum
1019 3412 1062 3452 in
1087 3413 1250 3453 tumulo

371 3470 553 3526 quodam
581 3473 887 3525 constitissent,
907 3476 1135 3515 clamorem
1164 3487 1250 3516 mo-

1145 3575 1169 3587 ι’

731 263 910 303 NOTAE
949 263 1285 304 VARIORUM
1328 265 1393 304 IN
1436 266 1491 305 G.
1531 264 1796 304 NEPOTIS

1290 381 1347 424 do
1391 395 1442 424 ac
1478 395 1625 425 sonum
1670 396 1882 424 armorum
1929 383 2168 435 audientes,

1290 443 1396 498 qu'ae'
1425 445 1598 491 fortuna
1647 443 1802 499 pugnae
1856 446 1998 500 esset,
2027 459 2169 500 neque

1291 508 1417 560 scire,
1445 521 1585 562 neque
1613 509 1861 562 perspicere
1900 521 1989 562 prae
2030 509 2171 561 caligi-

1290 584 1346 612 ne
1375 570 1581 624 potuisse.
1649 574 1862 615 Inclinata
1889 575 2170 628 deniquere,

1292 647 1388 676 cum
1407 637 1652 677 calescente
1685 639 1776 678 sole
1810 637 1990 690 depulsa
2016 637 2174 678 nebula

1291 699 1530 751 aperuisset
1577 700 1705 751 diem,
1746 706 1836 741 tum
1878 700 2042 754 liquida
2081 701 2172 753 jam

1291 761 1387 802 luce
1432 767 1598 803 montes
1657 776 1916 816 camposque
1975 769 2175 816 patentes

1293 823 1410 864 foede
1454 825 1688 865 Romanam
1734 827 1870 866 aciem
1919 826 2174 867 ostendisse.

1293 886 1471 939 Itaque,
1487 898 1543 927 ne
1575 888 1618 927 in
1649 893 1904 940 conspectos
1921 891 2072 942 procul
2099 890 2176 930 im-

1294 948 1542 989 mitteretur
1557 956 1705 1000 eques,
1720 949 1897 990 sublatis
1921 952 2075 1002 raptim
2094 951 2179 1005 sig·

1295 1011 1376 1064 nis,
1401 1023 1526 1065 quam
1571 1013 1824 1053 citatissimo
1869 1018 2078 1066 poterant
2104 1026 2176 1067 ag·

1294 1076 1423 1128 mine,
1451 1087 1545 1116 sese
1569 1075 1834 1128 abripuisse.
1889 1076 2074 1116 Postero
2092 1076 2180 1126 die,

1296 1150 1392 1179 cum
1435 1150 1562 1191 super
1608 1138 1767 1180 caetera
1803 1143 1998 1179 extrema
2042 1138 2179 1179 fames

1296 1202 1426 1243 etiam
1455 1202 1652 1255 instaret,
1686 1203 1815 1242 fidem
1852 1202 1983 1243 dante
2007 1198 2180 1242 Mahar-

1296 1265 1410 1318 bale,
1443 1265 1516 1319 qui
1545 1277 1642 1307 cum
1673 1266 1869 1306 omnibus
1902 1265 2178 1318 equestribus

1296 1329 1435 1382 copiis
1450 1333 1579 1370 nocte
1596 1334 1854 1370 consecutus
1874 1333 1986 1380 erat,
2005 1328 2042 1368 si
2061 1340 2179 1368 arma

1299 1393 1593 1444 tradidissent,
1621 1393 1739 1433 abire
1772 1389 2064 1444 cumsingulis
2085 1403 2177 1431 ves-

1298 1453 1492 1494 timentis
1535 1466 1773 1506 passurum,
1803 1464 1906 1495 sese'
1935 1453 2174 1494 dedidisse:

1300 1530 1426 1570 quam
1452 1517 1621 1557 Punica
1648 1518 1853 1570 religione
1894 1522 2105 1558 servatam
2133 1516 2181 1557 fi-

1301 1582 1398 1622 dem
1418 1582 1471 1622 ab
1487 1581 1730 1622 Hannibale
1749 1593 1858 1632 esse,
1876 1585 2006 1634 atque
2027 1577 2073 1620 in'
2090 1581 2180 1620 vin-

1300 1644 1398 1684 cula
1410 1645 1561 1684 'omnes
1581 1643 1812 1695 conjectos.
1847 1643 1977 1684 ‘Haec
2005 1649 2071 1683 est
2100 1643 2182 1695 (in-

1299 1707 1393 1760 quit
1409 1704 1501 1759 ille)
1519 1706 1675 1746 nobilis
1691 1706 1746 1746 ad
1764 1707 2054 1747 Trasimenum
2073 1717 2180 1759 pug-

1300 1782 1371 1820 na,
1391 1774 1522 1822 atque
1551 1769 1668 1809 inter
1694 1780 1854 1820 paucas
1873 1775 2107 1810 memorata
2125 1767 2182 1811 P.

1300 1833 1352 1873 R.
1373 1832 1531 1872 clades.
1557 1831 1739 1873 Lambin.

1354 1894 1518 1936 Insidiis
1535 1895 1855 1947 circumventum]
1893 1895 2003 1936 Haec
2022 1906 2091 1935 ars
2109 1905 2184 1936 no·

1302 1972 1352 2000 va
1368 1958 1451 1999 fuit
1467 1958 1642 2000 Punicae
1664 1958 1848 2011 fraudis,
1864 1965 1950 2012 'qua
1985 1959 2184 2011 palustri-

1301 2023 1378 2063 bus
1395 2023 1588 2075 virgultis
1609 2028 1747 2063 tectus
1776 2035 1907 2076 eques
1924 2029 2052 2076 terga
2067 2023 2182 2064 subi-

1300 2092 1346 2127 to
1367 2086 1647 2139 pugnantium
1672 2086 1842 2126 invasit.
1897 2086 2006 2128 Quae
2036 2090 2182 2125 tamen

1299 2161 1384 2190 non
1404 2148 1596 2189 adhibita
1613 2147 1696 2189 fuit
1711 2148 1764 2188 ab
1781 2148 2022 2189 Hannibale
2041 2147 2087 2188 in
2102 2148 2183 2188 hoc

1301 2213 1451 2265 praelio
1485 2213 1540 2253 ad
1573 2212 1897 2252 Thrasimenum
1930 2210 2182 2263 lacum‚sed

1300 2277 1344 2317 in
1364 2277 1499 2317 altero
1519 2277 1574 2317 ad
1591 2276 1790 2316 Trebiam
1807 2274 1965 2316 flumen
1981 2289 1994 2325 3
2017 2280 2066 2316 ut
2079 2275 2182 2316 doc·

1301 2342 1466 2383 tissime
1485 2342 1651 2381 notavit
1663 2340 1718 2380 ad
1734 2341 1908 2380 Florum
1925 2351 2047 2379 suum
2060 2339 2185 2392 Mag·

1300 2418 1379 2446 nus
1413 2405 1658 2446 Salmasius.
1727 2403 1781 2443 In
1812 2403 1892 2442 hac
1933 2402 2095 2455 quippe
2126 2400 2181 2443 ad

1300 2468 1628 2509 Thrasimenum
1645 2477 1805 2518 pugna,
1818 2465 1924 2505 nihil
1944 2464 2060 2506 aliud
2073 2462 2187 2504 frau-

1303 2532 1369 2572 dis
1387 2534 1651 2572 commentus
1671 2532 1739 2569 est
1755 2529 1932 2579 Poenus,
1966 2538 2048 2582 nec
2068 2526 2183 2569 aliud

1304 2594 1489 2645 curavit,
1519 2604 1647 2646 quam
1691 2596 1741 2632 ut
1785 2590 1977 2631 clausum
2013 2589 2111 2630 lacu
2139 2594 2185 2629 et

1305 2656 1762 2709 montibus,copiisque
1779 2653 1866 2694 suis
1883 2650 2186 2693 circumfusum

1303 2722 1486 2762 haberet
1503 2720 1698 2760 hostem.
1767 2718 1963 2768 Eumque
2010 2714 2072 2756 sic
2103 2714 2188 2755 cir-

1307 2785 1568 2826 cumclusum
1588 2781 1712 2822 militi
1743 2793 1819 2821 suo
1853 2779 1908 2819 ad
1942 2778 2187 2820 satietatem

1306 2846 1492 2898 praebuit
1524 2843 1791 2886 caedendum.
1848 2842 1959 2883 Haec
1990 2840 2064 2884 ille
2096 2841 2186 2882 Sul·

1305 2909 1464 2948 mosius.

1363 2970 1538 3022 Occidit]
1590 2969 1736 3009 Verba
1779 2966 1952 3020 Polybii
1997 2966 2188 3007 disertim

1308 3039 1538 3084 testantur,
1564 3031 1817 3072 Flaminium
1849 3043 1935 3070 non
1953 3030 2006 3071 ab
2026 3029 2189 3071 Hanni·

1307 3097 1422 3147 bale,
1451 3096 1527 3136 sed
1558 3108 1583 3135 a
1615 3094 1754 3134 Gallis
1786 3093 1830 3133 in
1863 3093 2015 3133 eadem
2044 3105 2190 3145 pugna

1307 3161 1630 3210 interemptum.
1661 3157 1729 3196 Ἐν
1746 3154 1776 3207 ᾧ
1793 3158 1907 3208 καιρῷ
1923 3156 1987 3196 καὶ
2001 3155 2075 3196 τὸν
2085 3161 2189 3196 Φλα-

1307 3220 1431 3271 μίνιον
1457 3220 1589 3272 αὐτὸν,
1606 3218 1971 3272 δυσχρηστούμενον
1996 3218 2060 3258 καὶ
2085 3232 2188 3270 περι-

1309 3286 1502 3326 κακοῦντα
1530 3285 1615 3325 τοῖς
1643 3282 1761 3335 ὅλοις,
1786 3281 2069 3336 προσπεσόντες
2080 3281 2189 3323 ’τινὲς

1308 3350 1388 3390 τῶν
1406 3349 1567 3389 Κελτῶν
1584 3345 1823 3388 ἀπέκτειναν.
1888 3340 2190 3387 Praedixerant

1312 3411 1401 3453 fato
1429 3412 1561 3452 Ducis
1580 3422 1630 3451 ac
1657 3410 1766 3450 cladi
1797 3408 2088 3448 imminentem
2117 3421 2189 3449 ca·

1315 3487 1405 3516 sum
1426 3473 1671 3528 prodigiosa
1689 3471 1839 3524 signa3
1880 3471 1922 3511 in
1956 3471 2107 3514 castris
2127 3470 2188 3513 di-
