<?xml version="1.0" encoding="UTF-8"?>
<!DOCTYPE html PUBLIC "-//W3C//DTD XHTML 1.0 Transitional//EN"
    "http://www.w3.org/TR/xhtml1/DTD/xhtml1-transitional.dtd">
<html xmlns="http://www.w3.org/1999/xhtml" xml:lang="en" lang="en">
 <head>
  <title>
</title>
<meta http-equiv="Content-Type" content="text/html;charset=utf-8" />
  <meta name='ocr-system' content='tesseract 3.04.00' />
  <meta name='ocr-capabilities' content='ocr_page ocr_carea ocr_par ocr_line ocrx_word'/>
</head>
<body>
  <div class='ocr_page' id='page_1' title='image "./vitaeexcellentiu02nepouoft_0225.png"; bbox 0 0 2306 3900; ppageno 0'>
   <div class='ocr_carea' id='block_1_1' title="bbox 648 253 1609 316">
    <p class='ocr_par' dir='ltr' id='par_1_1' title="bbox 648 253 1609 316">
     <span class='ocr_line' id='line_1_1' title="bbox 648 253 1609 316; baseline -0.001 -10"><span class='ocrx_word' id='word_1_1' title='bbox 648 266 841 307; x_wconf 80' lang='lat' dir='ltr'><strong>xxm.</strong></span> <span class='ocrx_word' id='word_1_2' title='bbox 906 265 1346 316; x_wconf 76' lang='lat' dir='ltr'>HANNwALEM‚</span> <span class='ocrx_word' id='word_1_3' title='bbox 1385 268 1522 307; x_wconf 75' lang='lat' dir='ltr'><strong>cAP.</strong></span> <span class='ocrx_word' id='word_1_4' title='bbox 1558 253 1609 307; x_wconf 84' lang='lat'><strong>3.</strong></span> 
     </span>
    </p>
   </div>
   <div class='ocr_carea' id='block_1_2' title="bbox 196 385 1097 3539">
    <p class='ocr_par' dir='ltr' id='par_1_2' title="bbox 218 385 1094 429">
     <span class='ocr_line' id='line_1_2' title="bbox 218 385 1094 429; baseline -0.001 -1"><span class='ocrx_word' id='word_1_5' title='bbox 218 397 324 428; x_wconf 85' lang='lat' dir='ltr'><strong>nero</strong></span> <span class='ocrx_word' id='word_1_6' title='bbox 342 386 612 429; x_wconf 72' lang='lat' dir='ltr'>Hamilcaris.</span> <span class='ocrx_word' id='word_1_7' title='bbox 658 385 770 427; x_wconf 88' lang='lat' dir='ltr'><strong>Vide</strong></span> <span class='ocrx_word' id='word_1_8' title='bbox 790 386 834 426; x_wconf 88' lang='lat' dir='ltr'><strong>in</strong></span> <span class='ocrx_word' id='word_1_9' title='bbox 852 385 1094 427; x_wconf 81' lang='lat' dir='ltr'><strong>Hamilcar.</strong></span> 
     </span>
    </p>

    <p class='ocr_par' dir='ltr' id='par_1_3' title="bbox 206 448 1097 1314">
     <span class='ocr_line' id='line_1_3' title="bbox 272 448 1097 502; baseline -0.006 -10"><span class='ocrx_word' id='word_1_10' title='bbox 272 450 474 492; x_wconf 74' lang='lat' dir='ltr'><strong>Sumam</strong></span> <span class='ocrx_word' id='word_1_11' title='bbox 488 449 644 502; x_wconf 75' lang='lat' dir='ltr'><strong>imperii</strong></span> <span class='ocrx_word' id='word_1_12' title='bbox 661 450 713 489; x_wconf 77' lang='lat' dir='ltr'><strong>ad</strong></span> <span class='ocrx_word' id='word_1_13' title='bbox 729 460 815 489; x_wconf 76' lang='lat' dir='ltr'><strong>eum</strong></span> <span class='ocrx_word' id='word_1_14' title='bbox 828 448 993 500; x_wconf 76' lang='lat' dir='ltr'><strong>detulit]</strong></span> <span class='ocrx_word' id='word_1_15' title='bbox 1014 448 1097 488; x_wconf 91' lang='lat' dir='ltr'><strong>Po-</strong></span> 
     </span>
     <span class='ocr_line' id='line_1_4' title="bbox 219 512 1096 564; baseline -0.002 -11"><span class='ocrx_word' id='word_1_16' title='bbox 219 513 306 564; x_wconf 81' lang='lat' dir='ltr'><strong>lyb.</strong></span> <span class='ocrx_word' id='word_1_17' title='bbox 342 525 416 555; x_wconf 76' lang='grc' dir='ltr'><strong><em>ιιι.</em></strong></span> <span class='ocrx_word' id='word_1_18' title='bbox 453 514 467 537; x_wconf 90' lang='lat'>‘</span> <span class='ocrx_word' id='word_1_19' title='bbox 488 513 594 554; x_wconf 89' lang='lat' dir='ltr'><strong>Cum</strong></span> <span class='ocrx_word' id='word_1_20' title='bbox 633 512 812 552; x_wconf 88' lang='lat' dir='ltr'><strong>nuncius</strong></span> <span class='ocrx_word' id='word_1_21' title='bbox 856 523 911 552; x_wconf 85' lang='lat' dir='ltr'><strong>ex</strong></span> <span class='ocrx_word' id='word_1_22' title='bbox 945 512 1096 552; x_wconf 87' lang='lat' dir='ltr'><strong>castris</strong></span> 
     </span>
     <span class='ocr_line' id='line_1_5' title="bbox 218 574 1096 629; baseline -0.003 -12"><span class='ocrx_word' id='word_1_23' title='bbox 218 576 520 629; x_wconf 78' lang='lat' dir='ltr'>Carthaginem</span> <span class='ocrx_word' id='word_1_24' title='bbox 553 576 742 627; x_wconf 87' lang='lat' dir='ltr'><strong>perlatus</strong></span> <span class='ocrx_word' id='word_1_25' title='bbox 769 579 900 623; x_wconf 88' lang='lat' dir='ltr'><strong>esset,</strong></span> <span class='ocrx_word' id='word_1_26' title='bbox 933 574 1096 614; x_wconf 87' lang='lat' dir='ltr'><strong>Hanni-</strong></span> 
     </span>
     <span class='ocr_line' id='line_1_6' title="bbox 218 639 1097 690; baseline -0.001 -10"><span class='ocrx_word' id='word_1_27' title='bbox 218 641 355 681; x_wconf 87' lang='lat' dir='ltr'><strong>balem</strong></span> <span class='ocrx_word' id='word_1_28' title='bbox 387 652 471 682; x_wconf 90' lang='lat' dir='ltr'><strong>uno</strong></span> <span class='ocrx_word' id='word_1_29' title='bbox 509 640 640 681; x_wconf 82' lang='lat' dir='ltr'><strong>totius</strong></span> <span class='ocrx_word' id='word_1_30' title='bbox 674 639 894 680; x_wconf 88' lang='lat' dir='ltr'><strong>exercitus</strong></span> <span class='ocrx_word' id='word_1_31' title='bbox 930 650 1022 690; x_wconf 88' lang='lat' dir='ltr'><strong>ore,</strong></span> <span class='ocrx_word' id='word_1_32' title='bbox 1050 645 1097 679; x_wconf 90' lang='lat' dir='ltr'><strong>et</strong></span> 
     </span>
     <span class='ocr_line' id='line_1_7' title="bbox 215 702 1096 752; baseline -0.002 -8"><span class='ocrx_word' id='word_1_33' title='bbox 215 704 429 744; x_wconf 86' lang='lat' dir='ltr'><strong>communi</strong></span> <span class='ocrx_word' id='word_1_34' title='bbox 445 704 641 752; x_wconf 69' lang='lat' dir='ltr'><strong>‚omnium</strong></span> <span class='ocrx_word' id='word_1_35' title='bbox 674 702 855 745; x_wconf 84' lang='lat' dir='ltr'><strong>miiitum</strong></span> <span class='ocrx_word' id='word_1_36' title='bbox 882 713 1096 742; x_wconf 91' lang='lat' dir='ltr'><strong>consensu</strong></span> 
     </span>
     <span class='ocr_line' id='line_1_8' title="bbox 213 766 1096 818; baseline -0.001 -11"><span class='ocrx_word' id='word_1_37' title='bbox 213 766 516 818; x_wconf 74' lang='lat' dir='ltr'>imperatorem</span> <span class='ocrx_word' id='word_1_38' title='bbox 546 778 638 807; x_wconf 87' lang='lat' dir='ltr'><strong>esse</strong></span> <span class='ocrx_word' id='word_1_39' title='bbox 670 766 966 815; x_wconf 85' lang='lat' dir='ltr'><strong>declaratum;</strong></span> <span class='ocrx_word' id='word_1_40' title='bbox 995 778 1096 806; x_wconf 91' lang='lat' dir='ltr'><strong>con·</strong></span> 
     </span>
     <span class='ocr_line' id='line_1_9' title="bbox 215 829 1095 882; baseline 0 -12"><span class='ocrx_word' id='word_1_41' title='bbox 215 829 333 870; x_wconf 86' lang='lat' dir='ltr'><strong>tinuo</strong></span> <span class='ocrx_word' id='word_1_42' title='bbox 364 830 547 882; x_wconf 82' lang='lat' dir='ltr'><strong>populus</strong></span> <span class='ocrx_word' id='word_1_43' title='bbox 576 836 852 881; x_wconf 87' lang='lat' dir='ltr'><strong>convocatus,</strong></span> <span class='ocrx_word' id='word_1_44' title='bbox 885 831 976 870; x_wconf 87' lang='lat' dir='ltr'><strong>sine</strong></span> <span class='ocrx_word' id='word_1_45' title='bbox 1008 830 1095 870; x_wconf 85' lang='lat' dir='ltr'><strong>ulla</strong></span> 
     </span>
     <span class='ocr_line' id='line_1_10' title="bbox 212 892 1095 945; baseline -0.002 -9"><span class='ocrx_word' id='word_1_46' title='bbox 212 892 521 936; x_wconf 75' lang='lat' dir='ltr'><strong>sententiarum</strong></span> <span class='ocrx_word' id='word_1_47' title='bbox 541 892 766 943; x_wconf 82' lang='lat' dir='ltr'><strong>varietate,</strong></span> <span class='ocrx_word' id='word_1_48' title='bbox 784 892 1000 934; x_wconf 85' lang='lat' dir='ltr'><strong>exercitus</strong></span> <span class='ocrx_word' id='word_1_49' title='bbox 1020 893 1095 945; x_wconf 87' lang='lat' dir='ltr'><strong>ju·</strong></span> 
     </span>
     <span class='ocr_line' id='line_1_11' title="bbox 211 955 1095 1008; baseline 0.001 -11"><span class='ocrx_word' id='word_1_50' title='bbox 211 956 370 999; x_wconf 79' lang='lat' dir='ltr'>dicium</span> <span class='ocrx_word' id='word_1_51' title='bbox 400 968 451 998; x_wconf 91' lang='lat' dir='ltr'><strong>ac</strong></span> <span class='ocrx_word' id='word_1_52' title='bbox 481 957 746 998; x_wconf 87' lang='lat' dir='ltr'><strong>voluntatem</strong></span> <span class='ocrx_word' id='word_1_53' title='bbox 783 955 1095 1008; x_wconf 76' lang='lat' dir='ltr'>comprobavit,</span> 
     </span>
     <span class='ocr_line' id='line_1_12' title="bbox 210 1020 1094 1063; baseline 0 -1"><span class='ocrx_word' id='word_1_54' title='bbox 210 1033 263 1063; x_wconf 91' lang='lat' dir='ltr'><strong>ac</strong></span> <span class='ocrx_word' id='word_1_55' title='bbox 281 1027 420 1063; x_wconf 82' lang='lat' dir='ltr'><strong>ratam</strong></span> <span class='ocrx_word' id='word_1_56' title='bbox 438 1020 574 1061; x_wconf 62' lang='lat' dir='ltr'><strong>fecit!</strong></span> <span class='ocrx_word' id='word_1_57' title='bbox 614 1021 791 1062; x_wconf 77' lang='lat' dir='ltr'><strong>Electus</strong></span> <span class='ocrx_word' id='word_1_58' title='bbox 811 1026 879 1061; x_wconf 88' lang='lat' dir='ltr'><strong>est</strong></span> <span class='ocrx_word' id='word_1_59' title='bbox 898 1020 1000 1061; x_wconf 87' lang='lat' dir='ltr'><strong>belli</strong></span> <span class='ocrx_word' id='word_1_60' title='bbox 1018 1020 1094 1062; x_wconf 89' lang='lat' dir='ltr'><strong>im·</strong></span> 
     </span>
     <span class='ocr_line' id='line_1_13' title="bbox 213 1082 1092 1136; baseline -0.001 -11"><span class='ocrx_word' id='word_1_61' title='bbox 213 1089 391 1136; x_wconf 86' lang='lat' dir='ltr'><strong>perator</strong></span> <span class='ocrx_word' id='word_1_62' title='bbox 405 1095 516 1124; x_wconf 88' lang='lat' dir='ltr'><strong>anuo</strong></span> <span class='ocrx_word' id='word_1_63' title='bbox 533 1083 676 1123; x_wconf 79' lang='lat' dir='ltr'><strong>aetatis</strong></span> <span class='ocrx_word' id='word_1_64' title='bbox 692 1093 823 1124; x_wconf 83' lang='lat' dir='ltr'><strong>xxvr.</strong></span> <span class='ocrx_word' id='word_1_65' title='bbox 854 1083 966 1124; x_wconf 87' lang='lat' dir='ltr'><strong>Nam</strong></span> <span class='ocrx_word' id='word_1_66' title='bbox 980 1082 1092 1124; x_wconf 88' lang='lat' dir='ltr'><strong>duce</strong></span> 
     </span>
     <span class='ocr_line' id='line_1_14' title="bbox 211 1146 1091 1200; baseline -0.002 -11"><span class='ocrx_word' id='word_1_67' title='bbox 211 1152 336 1200; x_wconf 83' lang='lat' dir='ltr'><strong>patre</strong></span> <span class='ocrx_word' id='word_1_68' title='bbox 366 1146 583 1188; x_wconf 79' lang='lat' dir='ltr'><strong>Amilcare</strong></span> <span class='ocrx_word' id='word_1_69' title='bbox 603 1159 755 1188; x_wconf 85' lang='lat' dir='ltr'><strong>novem</strong></span> <span class='ocrx_word' id='word_1_70' title='bbox 774 1157 906 1187; x_wconf 89' lang='lat' dir='ltr'><strong>annos</strong></span> <span class='ocrx_word' id='word_1_71' title='bbox 926 1147 969 1187; x_wconf 92' lang='lat' dir='ltr'><strong>in</strong></span> <span class='ocrx_word' id='word_1_72' title='bbox 991 1146 1091 1187; x_wconf 91' lang='lat' dir='ltr'><strong>His-</strong></span> 
     </span>
     <span class='ocr_line' id='line_1_15' title="bbox 210 1209 1091 1262; baseline 0 -12"><span class='ocrx_word' id='word_1_73' title='bbox 210 1209 339 1262; x_wconf 86' lang='lat' dir='ltr'><strong>pania</strong></span> <span class='ocrx_word' id='word_1_74' title='bbox 356 1210 571 1261; x_wconf 77' lang='lat' dir='ltr'><strong>militavit,</strong></span> <span class='ocrx_word' id='word_1_75' title='bbox 588 1215 689 1250; x_wconf 82' lang='lat' dir='ltr'><strong>octo</strong></span> <span class='ocrx_word' id='word_1_76' title='bbox 716 1210 796 1251; x_wconf 89' lang='lat' dir='ltr'><strong>sub</strong></span> <span class='ocrx_word' id='word_1_77' title='bbox 818 1210 912 1262; x_wconf 75' lang='lat' dir='ltr'><strong>eJus</strong></span> <span class='ocrx_word' id='word_1_78' title='bbox 930 1221 1091 1262; x_wconf 87' lang='lat' dir='ltr'><strong>genero</strong></span> 
     </span>
     <span class='ocr_line' id='line_1_16' title="bbox 206 1270 661 1314; baseline 0 -2"><span class='ocrx_word' id='word_1_79' title='bbox 206 1270 468 1314; x_wconf 72' lang='lat' dir='ltr'><strong>Asdrubale.</strong></span> <span class='ocrx_word' id='word_1_80' title='bbox 508 1271 661 1312; x_wconf 72' lang='lat' dir='ltr'><strong>Schott.</strong></span> 
     </span>
    </p>

    <p class='ocr_par' dir='ltr' id='par_1_4' title="bbox 203 1334 1090 1694">
     <span class='ocr_line' id='line_1_17' title="bbox 263 1334 1090 1387; baseline -0.002 -11"><span class='ocrx_word' id='word_1_81' title='bbox 263 1335 350 1376; x_wconf 68' lang='lat' dir='ltr'><strong>Hie</strong></span> <span class='ocrx_word' id='word_1_82' title='bbox 382 1335 588 1375; x_wconf 76' lang='lat' dir='ltr'><strong>Hannibal</strong></span> <span class='ocrx_word' id='word_1_83' title='bbox 622 1335 748 1375; x_wconf 80' lang='lat' dir='ltr'><strong>minor</strong></span> <span class='ocrx_word' id='word_1_84' title='bbox 773 1336 941 1387; x_wconf 74' lang='lat' dir='ltr'><strong>quinque</strong></span> <span class='ocrx_word' id='word_1_85' title='bbox 967 1338 1007 1375; x_wconf 76' lang='lat' dir='ltr'><strong>et</strong></span> <span class='ocrx_word' id='word_1_86' title='bbox 1033 1334 1090 1375; x_wconf 78' lang='grc' dir='ltr'><strong>οἱ·</strong></span> 
     </span>
     <span class='ocr_line' id='line_1_18' title="bbox 203 1397 1089 1452; baseline -0.003 -12"><span class='ocrx_word' id='word_1_87' title='bbox 203 1400 314 1449; x_wconf 66' lang='lat' dir='ltr'><strong>ginta·</strong></span> <span class='ocrx_word' id='word_1_88' title='bbox 348 1400 480 1452; x_wconf 74' lang='lat' dir='ltr'><strong>annis]</strong></span> <span class='ocrx_word' id='word_1_89' title='bbox 527 1399 623 1440; x_wconf 88' lang='lat' dir='ltr'><strong>Hoc</strong></span> <span class='ocrx_word' id='word_1_90' title='bbox 655 1398 781 1439; x_wconf 87' lang='lat' dir='ltr'><strong>modo</strong></span> <span class='ocrx_word' id='word_1_91' title='bbox 814 1398 868 1438; x_wconf 89' lang='lat' dir='ltr'><strong>de</strong></span> <span class='ocrx_word' id='word_1_92' title='bbox 901 1397 1089 1450; x_wconf 76' lang='lat' dir='ltr'><strong>Regibus</strong></span> 
     </span>
     <span class='ocr_line' id='line_1_19' title="bbox 205 1463 1089 1518; baseline 0 -15"><span class='ocrx_word' id='word_1_93' title='bbox 205 1463 423 1516; x_wconf 75' lang='lat' dir='ltr'><strong>loquitur:</strong></span> <span class='ocrx_word' id='word_1_94' title='bbox 484 1465 716 1518; x_wconf 84' lang='lat' dir='ltr'><strong>Dionysius</strong></span> <span class='ocrx_word' id='word_1_95' title='bbox 762 1466 776 1488; x_wconf 80' lang='lat'><strong>⁴</strong></span> <span class='ocrx_word' id='word_1_96' title='bbox 795 1465 932 1518; x_wconf 88' lang='lat' dir='ltr'><strong>major</strong></span> <span class='ocrx_word' id='word_1_97' title='bbox 968 1464 1089 1504; x_wconf 86' lang='lat' dir='ltr'><strong>aunis</strong></span> 
     </span>
     <span class='ocr_line' id='line_1_20' title="bbox 205 1526 1087 1577; baseline 0 -10"><span class='ocrx_word' id='word_1_98' title='bbox 205 1526 433 1577; x_wconf 77' lang='lat' dir='ltr'><strong>sexaginta</strong></span> <span class='ocrx_word' id='word_1_99' title='bbox 445 1532 572 1567; x_wconf 91' lang='lat' dir='ltr'><strong>natus</strong></span> <span class='ocrx_word' id='word_1_100' title='bbox 585 1526 797 1568; x_wconf 82' lang='lat' dir='ltr'><strong>decessit.&#39;</strong></span> <span class='ocrx_word' id='word_1_101' title='bbox 826 1527 898 1567; x_wconf 89' lang='lat' dir='ltr'><strong>Ita</strong></span> <span class='ocrx_word' id='word_1_102' title='bbox 913 1527 1087 1567; x_wconf 86' lang='lat' dir='ltr'><strong>Cicero:</strong></span> 
     </span>
     <span class='ocr_line' id='line_1_21' title="bbox 204 1589 1088 1643; baseline 0.002 -14"><span class='ocrx_word' id='word_1_103' title='bbox 204 1589 218 1611; x_wconf 81' lang='lat'><strong><em>⁴</em></strong></span> <span class='ocrx_word' id='word_1_104' title='bbox 240 1589 404 1643; x_wconf 77' lang='lat' dir='ltr'><strong>aliquot</strong></span> <span class='ocrx_word' id='word_1_105' title='bbox 419 1590 542 1631; x_wconf 85' lang='lat' dir='ltr'><strong>annis</strong></span> <span class='ocrx_word' id='word_1_106' title='bbox 561 1590 700 1632; x_wconf 86' lang='lat' dir='ltr'><strong>minor</strong></span> <span class='ocrx_word' id='word_1_107' title='bbox 713 1593 847 1641; x_wconf 86' lang='lat' dir='ltr'><strong>natu‚’</strong></span> <span class='ocrx_word' id='word_1_108' title='bbox 864 1590 906 1630; x_wconf 92' lang='lat' dir='ltr'><strong>in</strong></span> <span class='ocrx_word' id='word_1_109' title='bbox 920 1590 1088 1632; x_wconf 81' lang='lat' dir='ltr'><strong>Quaest.</strong></span> 
     </span>
     <span class='ocr_line' id='line_1_22' title="bbox 206 1651 414 1694; baseline 0 0"><span class='ocrx_word' id='word_1_110' title='bbox 206 1651 414 1694; x_wconf 85' lang='lat' dir='ltr'><strong>Academ.</strong></span> 
     </span>
    </p>

    <p class='ocr_par' dir='ltr' id='par_1_5' title="bbox 198 1715 1087 2706">
     <span class='ocr_line' id='line_1_23' title="bbox 263 1715 1086 1769; baseline 0.001 -13"><span class='ocrx_word' id='word_1_111' title='bbox 263 1717 408 1757; x_wconf 74' lang='lat' dir='ltr'><strong>Omnes</strong></span> <span class='ocrx_word' id='word_1_112' title='bbox 422 1720 559 1768; x_wconf 78' lang='lat' dir='ltr'><strong>gentes</strong></span> <span class='ocrx_word' id='word_1_113' title='bbox 577 1715 805 1769; x_wconf 66' lang='lat' dir='ltr'><strong>Hispania]</strong></span> <span class='ocrx_word' id='word_1_114' title='bbox 838 1716 942 1756; x_wconf 84' lang='lat' dir='ltr'><strong>Pius</strong></span> <span class='ocrx_word' id='word_1_115' title='bbox 962 1727 1086 1769; x_wconf 87' lang='lat' dir='ltr'><strong>quam</strong></span> 
     </span>
     <span class='ocr_line' id='line_1_24' title="bbox 204 1778 1087 1832; baseline 0.002 -13"><span class='ocrx_word' id='word_1_116' title='bbox 204 1778 492 1832; x_wconf 80' lang='lat' dir='ltr'><strong>quadraginta</strong></span> <span class='ocrx_word' id='word_1_117' title='bbox 509 1779 724 1820; x_wconf 84' lang='lat' dir='ltr'><strong>hominum</strong></span> <span class='ocrx_word' id='word_1_118' title='bbox 739 1779 872 1820; x_wconf 88' lang='lat' dir='ltr'><strong>millia</strong></span> <span class='ocrx_word' id='word_1_119' title='bbox 883 1779 927 1820; x_wconf 87' lang='lat' dir='ltr'><strong>in</strong></span> <span class='ocrx_word' id='word_1_120' title='bbox 941 1778 1087 1832; x_wconf 81' lang='lat' dir='ltr'><strong>fugam</strong></span> 
     </span>
     <span class='ocr_line' id='line_1_25' title="bbox 205 1842 1086 1896; baseline 0.003 -14"><span class='ocrx_word' id='word_1_121' title='bbox 205 1842 368 1891; x_wconf 67' lang='lat' dir='ltr'><strong>vertit3</strong></span> <span class='ocrx_word' id='word_1_122' title='bbox 395 1842 549 1895; x_wconf 86' lang='lat' dir='ltr'><strong>quibus</strong></span> <span class='ocrx_word' id='word_1_123' title='bbox 579 1842 810 1894; x_wconf 81' lang='lat' dir='ltr'><strong>superatis,</strong></span> <span class='ocrx_word' id='word_1_124' title='bbox 834 1843 974 1884; x_wconf 88' lang='lat' dir='ltr'><strong>nullus</strong></span> <span class='ocrx_word' id='word_1_125' title='bbox 995 1844 1086 1896; x_wconf 64' lang='lat' dir='ltr'><strong>,iam</strong></span> 
     </span>
     <span class='ocr_line' id='line_1_26' title="bbox 205 1906 1086 1949; baseline 0.003 -4"><span class='ocrx_word' id='word_1_126' title='bbox 205 1916 305 1946; x_wconf 86' lang='lat' dir='ltr'><strong>eum</strong></span> <span class='ocrx_word' id='word_1_127' title='bbox 322 1906 458 1947; x_wconf 83' lang='lat' dir='ltr'><strong>hostis</strong></span> <span class='ocrx_word' id='word_1_128' title='bbox 477 1906 592 1946; x_wconf 89' lang='lat' dir='ltr'><strong>intra</strong></span> <span class='ocrx_word' id='word_1_129' title='bbox 618 1906 792 1947; x_wconf 85' lang='lat' dir='ltr'><strong>Iberum</strong></span> <span class='ocrx_word' id='word_1_130' title='bbox 811 1906 998 1949; x_wconf 86' lang='lat' dir='ltr'><strong>audebat</strong></span> <span class='ocrx_word' id='word_1_131' title='bbox 1023 1907 1086 1948; x_wconf 89' lang='lat' dir='ltr'><strong>in·</strong></span> 
     </span>
     <span class='ocr_line' id='line_1_27' title="bbox 205 1969 1086 2022; baseline 0.003 -14"><span class='ocrx_word' id='word_1_132' title='bbox 205 1969 336 2019; x_wconf 90' lang='lat' dir='ltr'><strong>tueri,</strong></span> <span class='ocrx_word' id='word_1_133' title='bbox 354 1974 516 2021; x_wconf 76' lang='lat' dir='ltr'><strong>proeter</strong></span> <span class='ocrx_word' id='word_1_134' title='bbox 531 1969 802 2021; x_wconf 80' lang='lat' dir='ltr'><strong>Saguntinos.</strong></span> <span class='ocrx_word' id='word_1_135' title='bbox 825 1969 983 2022; x_wconf 85' lang='lat' dir='ltr'><strong>Polyb.</strong></span> <span class='ocrx_word' id='word_1_136' title='bbox 1014 1972 1086 2011; x_wconf 89' lang='lat' dir='ltr'><strong>De</strong></span> 
     </span>
     <span class='ocr_line' id='line_1_28' title="bbox 204 2031 1085 2086; baseline 0.005 -14"><span class='ocrx_word' id='word_1_137' title='bbox 204 2031 359 2085; x_wconf 87' lang='lat' dir='ltr'><strong>quibus</strong></span> <span class='ocrx_word' id='word_1_138' title='bbox 386 2033 450 2074; x_wconf 89' lang='lat' dir='ltr'><strong>ita</strong></span> <span class='ocrx_word' id='word_1_139' title='bbox 471 2033 660 2086; x_wconf 86' lang='lat' dir='ltr'><strong>loquitur</strong></span> <span class='ocrx_word' id='word_1_140' title='bbox 687 2033 836 2074; x_wconf 82' lang='lat' dir='ltr'><strong>Livius</strong></span> <span class='ocrx_word' id='word_1_141' title='bbox 856 2032 968 2076; x_wconf 88' lang='lat' dir='ltr'><strong>Anu.</strong></span> <span class='ocrx_word' id='word_1_142' title='bbox 987 2044 1085 2076; x_wconf 82' lang='lat' dir='ltr'><strong>xxr.</strong></span> 
     </span>
     <span class='ocr_line' id='line_1_29' title="bbox 201 2095 1083 2150; baseline 0.002 -14"><span class='ocrx_word' id='word_1_143' title='bbox 201 2095 215 2119; x_wconf 86' lang='lat'>‘</span> <span class='ocrx_word' id='word_1_144' title='bbox 236 2095 454 2137; x_wconf 85' lang='lat' dir='ltr'><strong>Hannibal</strong></span> <span class='ocrx_word' id='word_1_145' title='bbox 483 2097 652 2149; x_wconf 83' lang='lat' dir='ltr'><strong>agmine</strong></span> <span class='ocrx_word' id='word_1_146' title='bbox 685 2096 895 2150; x_wconf 86' lang='lat' dir='ltr'><strong>quadrato</strong></span> <span class='ocrx_word' id='word_1_147' title='bbox 918 2108 1083 2138; x_wconf 86' lang='lat' dir='ltr'><strong>amnem</strong></span> 
     </span>
     <span class='ocr_line' id='line_1_30' title="bbox 202 2157 1084 2212; baseline 0.003 -14"><span class='ocrx_word' id='word_1_148' title='bbox 202 2157 436 2211; x_wconf 80' lang='lat' dir='ltr'><strong>ingressus,</strong></span> <span class='ocrx_word' id='word_1_149' title='bbox 452 2158 598 2212; x_wconf 83' lang='lat' dir='ltr'><strong>fugam</strong></span> <span class='ocrx_word' id='word_1_150' title='bbox 621 2171 677 2200; x_wconf 79' lang='lat' dir='ltr'><strong>ex</strong></span> <span class='ocrx_word' id='word_1_151' title='bbox 697 2159 793 2212; x_wconf 86' lang='lat' dir='ltr'><strong>ripa</strong></span> <span class='ocrx_word' id='word_1_152' title='bbox 810 2158 932 2211; x_wconf 80' lang='lat' dir='ltr'><strong>fecit,</strong></span> <span class='ocrx_word' id='word_1_153' title='bbox 948 2167 1084 2202; x_wconf 80' lang='lat' dir='ltr'><strong>vasta-</strong></span> 
     </span>
     <span class='ocr_line' id='line_1_31' title="bbox 202 2220 1083 2275; baseline 0.003 -15"><span class='ocrx_word' id='word_1_154' title='bbox 202 2220 345 2274; x_wconf 86' lang='lat' dir='ltr'><strong>tisque</strong></span> <span class='ocrx_word' id='word_1_155' title='bbox 362 2222 475 2273; x_wconf 87' lang='lat' dir='ltr'><strong>agris</strong></span> <span class='ocrx_word' id='word_1_156' title='bbox 491 2222 607 2262; x_wconf 82' lang='lat' dir='ltr'><strong>intra</strong></span> <span class='ocrx_word' id='word_1_157' title='bbox 636 2233 797 2274; x_wconf 86' lang='lat' dir='ltr'><strong>paucos</strong></span> <span class='ocrx_word' id='word_1_158' title='bbox 814 2221 906 2262; x_wconf 84' lang='lat' dir='ltr'><strong>dies</strong></span> <span class='ocrx_word' id='word_1_159' title='bbox 922 2223 1083 2275; x_wconf 86' lang='lat' dir='ltr'><strong>Carpe·</strong></span> 
     </span>
     <span class='ocr_line' id='line_1_32' title="bbox 202 2285 1085 2340; baseline 0.003 -15"><span class='ocrx_word' id='word_1_160' title='bbox 202 2289 328 2325; x_wconf 89' lang='lat' dir='ltr'><strong>tanos</strong></span> <span class='ocrx_word' id='word_1_161' title='bbox 346 2298 518 2339; x_wconf 90' lang='lat' dir='ltr'><strong>quoque</strong></span> <span class='ocrx_word' id='word_1_162' title='bbox 541 2285 587 2326; x_wconf 91' lang='lat' dir='ltr'><strong>in</strong></span> <span class='ocrx_word' id='word_1_163' title='bbox 607 2286 869 2327; x_wconf 85' lang='lat' dir='ltr'><strong>deditionem</strong></span> <span class='ocrx_word' id='word_1_164' title='bbox 897 2287 1085 2340; x_wconf 70' lang='lat' dir='ltr'><strong>accepit.</strong></span> 
     </span>
     <span class='ocr_line' id='line_1_33' title="bbox 201 2347 1085 2402; baseline 0.003 -14"><span class='ocrx_word' id='word_1_165' title='bbox 201 2347 262 2388; x_wconf 74' lang='lat' dir='ltr'><strong>Bt</strong></span> <span class='ocrx_word' id='word_1_166' title='bbox 281 2347 376 2400; x_wconf 86' lang='lat' dir='ltr'><strong>jam</strong></span> <span class='ocrx_word' id='word_1_167' title='bbox 395 2349 537 2389; x_wconf 87' lang='lat' dir='ltr'><strong>omnia</strong></span> <span class='ocrx_word' id='word_1_168' title='bbox 563 2351 684 2390; x_wconf 81' lang='lat' dir='ltr'><strong>trans</strong></span> <span class='ocrx_word' id='word_1_169' title='bbox 710 2348 903 2402; x_wconf 88' lang='lat' dir='ltr'><strong>Iberum,</strong></span> <span class='ocrx_word' id='word_1_170' title='bbox 921 2355 1085 2402; x_wconf 77' lang='lat' dir='ltr'><strong>praeter</strong></span> 
     </span>
     <span class='ocr_line' id='line_1_34' title="bbox 198 2410 1084 2465; baseline 0.003 -14"><span class='ocrx_word' id='word_1_171' title='bbox 198 2410 478 2463; x_wconf 78' lang='lat' dir='ltr'><strong>Saguntinos,</strong></span> <span class='ocrx_word' id='word_1_172' title='bbox 506 2411 922 2465; x_wconf 75' lang='lat' dir='ltr'><strong>Carthaginiensium</strong></span> <span class='ocrx_word' id='word_1_173' title='bbox 947 2416 1084 2455; x_wconf 88' lang='lat' dir='ltr'><strong>erant.</strong></span> 
     </span>
     <span class='ocr_line' id='line_1_35' title="bbox 200 2472 1082 2526; baseline 0.006 -13"><span class='ocrx_word' id='word_1_174' title='bbox 200 2472 310 2514; x_wconf 84' lang='lat' dir='ltr'><strong>Cum</strong></span> <span class='ocrx_word' id='word_1_175' title='bbox 324 2473 568 2526; x_wconf 78' lang='lat' dir='ltr'><strong>Saguntinis</strong></span> <span class='ocrx_word' id='word_1_176' title='bbox 582 2474 741 2516; x_wconf 88' lang='lat' dir='ltr'><strong>bellum</strong></span> <span class='ocrx_word' id='word_1_177' title='bbox 757 2475 945 2517; x_wconf 90' lang='lat' dir='ltr'><strong>nondum</strong></span> <span class='ocrx_word' id='word_1_178' title='bbox 962 2481 1082 2518; x_wconf 83' lang='lat' dir='ltr'><strong>erat:</strong></span> 
     </span>
     <span class='ocr_line' id='line_1_36' title="bbox 201 2537 1084 2591; baseline 0.003 -14"><span class='ocrx_word' id='word_1_179' title='bbox 201 2541 406 2578; x_wconf 62' lang='lat' dir='ltr'><strong>ceterum</strong></span> <span class='ocrx_word' id='word_1_180' title='bbox 430 2538 523 2591; x_wconf 82' lang='lat' dir='ltr'><strong>jam</strong></span> <span class='ocrx_word' id='word_1_181' title='bbox 550 2537 653 2580; x_wconf 86' lang='lat' dir='ltr'><strong>belli</strong></span> <span class='ocrx_word' id='word_1_182' title='bbox 687 2551 815 2581; x_wconf 80' lang='lat' dir='ltr'><strong>causa</strong></span> <span class='ocrx_word' id='word_1_183' title='bbox 844 2540 1084 2580; x_wconf 86' lang='lat' dir='ltr'><strong>certamina</strong></span> 
     </span>
     <span class='ocr_line' id='line_1_37' title="bbox 200 2600 1083 2652; baseline 0.005 -13"><span class='ocrx_word' id='word_1_184' title='bbox 200 2607 298 2640; x_wconf 84' lang='lat' dir='ltr'><strong>cum</strong></span> <span class='ocrx_word' id='word_1_185' title='bbox 349 2600 540 2643; x_wconf 80' lang='lat' dir='ltr'><strong>finitimis</strong></span> <span class='ocrx_word' id='word_1_186' title='bbox 584 2601 854 2652; x_wconf 74' lang='lat' dir='ltr'><strong>serebantur,</strong></span> <span class='ocrx_word' id='word_1_187' title='bbox 898 2602 1083 2643; x_wconf 81' lang='lat' dir='ltr'><strong>maxime</strong></span> 
     </span>
     <span class='ocr_line' id='line_1_38' title="bbox 201 2661 716 2706; baseline 0.006 -4"><span class='ocrx_word' id='word_1_188' title='bbox 201 2661 491 2705; x_wconf 59' lang='lat' dir='ltr'><strong>Turdetanis?</strong></span> <span class='ocrx_word' id='word_1_189' title='bbox 533 2664 716 2706; x_wconf 70' lang='lat' dir='ltr'><strong>Lambini.</strong></span> 
     </span>
    </p>

    <p class='ocr_par' dir='ltr' id='par_1_6' title="bbox 196 2724 1083 3539">
     <span class='ocr_line' id='line_1_39' title="bbox 254 2724 1081 2781; baseline 0.007 -16"><span class='ocrx_word' id='word_1_190' title='bbox 254 2724 473 2776; x_wconf 77' lang='lat' dir='ltr'><strong>Saguntum</strong></span> <span class='ocrx_word' id='word_1_191' title='bbox 486 2726 726 2776; x_wconf 79' lang='lat' dir='ltr'><strong>foederatam</strong></span> <span class='ocrx_word' id='word_1_192' title='bbox 752 2727 972 2781; x_wconf 74' lang='lat' dir='ltr'><strong>civitatem]</strong></span> <span class='ocrx_word' id='word_1_193' title='bbox 1014 2728 1081 2771; x_wconf 85' lang='lat' dir='ltr'><strong>De</strong></span> 
     </span>
     <span class='ocr_line' id='line_1_40' title="bbox 203 2790 1083 2843; baseline 0.006 -13"><span class='ocrx_word' id='word_1_194' title='bbox 203 2790 323 2843; x_wconf 86' lang='lat' dir='ltr'><strong>cujus</strong></span> <span class='ocrx_word' id='word_1_195' title='bbox 354 2790 441 2831; x_wconf 90' lang='lat' dir='ltr'><strong>situ</strong></span> <span class='ocrx_word' id='word_1_196' title='bbox 469 2791 679 2843; x_wconf 83' lang='lat' dir='ltr'><strong>Polybius</strong></span> <span class='ocrx_word' id='word_1_197' title='bbox 711 2802 784 2833; x_wconf 78' lang='grc' dir='ltr'><strong><em>ιιι.</em></strong></span> <span class='ocrx_word' id='word_1_198' title='bbox 814 2792 862 2832; x_wconf 78' lang='grc' dir='ltr'><strong>Ἦ</strong></span> <span class='ocrx_word' id='word_1_199' title='bbox 896 2791 940 2833; x_wconf 66' lang='lat' dir='ltr'><strong>ai</strong></span> <span class='ocrx_word' id='word_1_200' title='bbox 966 2792 1083 2835; x_wconf 73' lang='grc' dir='ltr'><strong><em>πόλις</em></strong></span> 
     </span>
     <span class='ocr_line' id='line_1_41' title="bbox 199 2852 1081 2907; baseline 0.005 -14"><span class='ocrx_word' id='word_1_201' title='bbox 199 2853 299 2900; x_wconf 67' lang='grc' dir='ltr'><strong>αὓτη</strong></span> <span class='ocrx_word' id='word_1_202' title='bbox 322 2855 446 2894; x_wconf 70' lang='grc' dir='ltr'><strong><em>κεῖται</em></strong></span> <span class='ocrx_word' id='word_1_203' title='bbox 474 2853 551 2904; x_wconf 74' lang='grc' dir='ltr'><strong>μὲν</strong></span> <span class='ocrx_word' id='word_1_204' title='bbox 577 2852 641 2895; x_wconf 72' lang='grc' dir='ltr'><strong>ἐπὶ</strong></span> <span class='ocrx_word' id='word_1_205' title='bbox 669 2855 728 2905; x_wconf 69' lang='grc' dir='ltr'><strong>τῷ·</strong></span> <span class='ocrx_word' id='word_1_206' title='bbox 755 2853 850 2907; x_wconf 68' lang='grc' dir='ltr'><strong>πρὸς</strong></span> <span class='ocrx_word' id='word_1_207' title='bbox 880 2852 1081 2897; x_wconf 70' lang='grc' dir='ltr'><strong>θάλατταν</strong></span> 
     </span>
     <span class='ocr_line' id='line_1_42' title="bbox 199 2915 1079 2972; baseline 0.006 -15"><span class='ocrx_word' id='word_1_208' title='bbox 199 2915 403 2965; x_wconf 65' lang='grc' dir='ltr'><strong><em>καθήκοντι</em></strong></span> <span class='ocrx_word' id='word_1_209' title='bbox 418 2916 581 2970; x_wconf 73' lang='grc' dir='ltr'><strong><em>πρόποδι</em></strong></span> <span class='ocrx_word' id='word_1_210' title='bbox 602 2919 675 2967; x_wconf 70' lang='grc' dir='ltr'><strong>τῆς</strong></span> <span class='ocrx_word' id='word_1_211' title='bbox 692 2917 837 2972; x_wconf 67' lang='grc' dir='ltr'><strong><em>ὀρεινῆς</em></strong></span> <span class='ocrx_word' id='word_1_212' title='bbox 861 2921 935 2968; x_wconf 70' lang='grc' dir='ltr'><strong>τῆς</strong></span> <span class='ocrx_word' id='word_1_213' title='bbox 963 2933 1079 2961; x_wconf 69' lang='grc' dir='ltr'><strong><em>συνα-</em></strong></span> 
     </span>
     <span class='ocr_line' id='line_1_43' title="bbox 198 2978 1077 3035; baseline 0.007 -16"><span class='ocrx_word' id='word_1_214' title='bbox 198 2978 375 3028; x_wconf 74' lang='grc' dir='ltr'><strong><em>πτούσης</em></strong></span> <span class='ocrx_word' id='word_1_215' title='bbox 392 2981 444 3021; x_wconf 74' lang='grc' dir='ltr'><strong>τὰ</strong></span> <span class='ocrx_word' id='word_1_216' title='bbox 458 2979 606 3034; x_wconf 65' lang='grc' dir='ltr'><strong>τέρατα</strong></span> <span class='ocrx_word' id='word_1_217' title='bbox 622 2983 694 3030; x_wconf 71' lang='grc' dir='ltr'><strong>τῆς</strong></span> <span class='ocrx_word' id='word_1_218' title='bbox 710 2981 878 3035; x_wconf 64' lang='grc' dir='ltr'><strong>Ἰβηρίας</strong></span> <span class='ocrx_word' id='word_1_219' title='bbox 891 2982 956 3024; x_wconf 71' lang='grc' dir='ltr'><strong>καὶ</strong></span> <span class='ocrx_word' id='word_1_220' title='bbox 975 2988 1077 3025; x_wconf 54' lang='lat' dir='ltr'><strong>Kek-</strong></span> 
     </span>
     <span class='ocr_line' id='line_1_44' title="bbox 196 3041 1080 3095; baseline 0.01 -15"><span class='ocrx_word' id='word_1_221' title='bbox 196 3042 384 3094; x_wconf 69' lang='grc' dir='ltr'><strong>τιβηρίω.</strong></span> <span class='ocrx_word' id='word_1_222' title='bbox 398 3041 537 3095; x_wconf 64' lang='grc' dir='ltr'><strong>ἀπέχει</strong></span> <span class='ocrx_word' id='word_1_223' title='bbox 553 3043 597 3085; x_wconf 63' lang='grc' dir='ltr'><strong>δὲ</strong></span> <span class='ocrx_word' id='word_1_224' title='bbox 607 3046 681 3094; x_wconf 68' lang='grc' dir='ltr'><strong>τῆς</strong></span> <span class='ocrx_word' id='word_1_225' title='bbox 699 3044 897 3095; x_wconf 68' lang='grc' dir='ltr'><strong>θαλάττης</strong></span> <span class='ocrx_word' id='word_1_226' title='bbox 911 3046 964 3088; x_wconf 68' lang='grc' dir='ltr'><strong>ὥς</strong></span> <span class='ocrx_word' id='word_1_227' title='bbox 979 3046 1080 3088; x_wconf 59' lang='lat' dir='ltr'><strong>{vra</strong></span> 
     </span>
     <span class='ocr_line' id='line_1_45' title="bbox 197 3102 1079 3161; baseline 0.01 -19"><span class='ocrx_word' id='word_1_228' title='bbox 197 3102 350 3144; x_wconf 67' lang='grc' dir='ltr'><strong><em>στάδια·</em></strong></span> <span class='ocrx_word' id='word_1_229' title='bbox 364 3104 542 3156; x_wconf 70' lang='grc' dir='ltr'><strong>νέμονται</strong></span> <span class='ocrx_word' id='word_1_230' title='bbox 554 3106 597 3148; x_wconf 66' lang='grc' dir='ltr'><strong>δὶ</strong></span> <span class='ocrx_word' id='word_1_231' title='bbox 610 3106 744 3161; x_wconf 68' lang='grc' dir='ltr'><strong><em>χώραν</em></strong></span> <span class='ocrx_word' id='word_1_232' title='bbox 755 3107 795 3149; x_wconf 71' lang='grc' dir='ltr'><strong>οἱ</strong></span> <span class='ocrx_word' id='word_1_233' title='bbox 808 3110 1079 3151; x_wconf 56' lang='lat' dir='ltr'><strong>navam-‘hm</strong></span> 
     </span>
     <span class='ocr_line' id='line_1_46' title="bbox 199 3166 1079 3228; baseline 0.015 -13"><span class='ocrx_word' id='word_1_234' title='bbox 199 3166 338 3218; x_wconf 53' lang='grc' dir='ltr'><strong>αὐτὴν,</strong></span> <span class='ocrx_word' id='word_1_235' title='bbox 365 3166 582 3221; x_wconf 66' lang='grc' dir='ltr'><strong>πάμφορον,</strong></span> <span class='ocrx_word' id='word_1_236' title='bbox 597 3170 662 3211; x_wconf 58' lang='grc' dir='ltr'><strong>καὶ</strong></span> <span class='ocrx_word' id='word_1_237' title='bbox 686 3169 940 3224; x_wconf 66' lang='grc' dir='ltr'><strong>διαφέρουσαν</strong></span> <span class='ocrx_word' id='word_1_238' title='bbox 961 3172 1079 3228; x_wconf 65' lang='grc' dir='ltr'><strong><em>ἀρειῇ</em></strong></span> 
     </span>
     <span class='ocr_line' id='line_1_47' title="bbox 196 3228 1077 3283; baseline 0.009 -14"><span class='ocrx_word' id='word_1_239' title='bbox 196 3228 328 3279; x_wconf 65' lang='grc' dir='ltr'><strong><em>πόσης</em></strong></span> <span class='ocrx_word' id='word_1_240' title='bbox 348 3231 421 3279; x_wconf 72' lang='grc' dir='ltr'><strong>τῆς</strong></span> <span class='ocrx_word' id='word_1_241' title='bbox 435 3231 615 3283; x_wconf 66' lang='grc' dir='ltr'><strong>Ἰβηρίας.</strong></span> <span class='ocrx_word' id='word_1_242' title='bbox 673 3233 848 3275; x_wconf 81' lang='lat' dir='ltr'><strong>Livius:</strong></span> <span class='ocrx_word' id='word_1_243' title='bbox 878 3236 891 3258; x_wconf 90' lang='lat'>‘</span> <span class='ocrx_word' id='word_1_244' title='bbox 911 3236 1077 3277; x_wconf 80' lang='lat' dir='ltr'><strong>Civitas</strong></span> 
     </span>
     <span class='ocr_line' id='line_1_48' title="bbox 196 3296 1077 3348; baseline 0.006 -12"><span class='ocrx_word' id='word_1_245' title='bbox 196 3307 252 3336; x_wconf 85' lang='lat' dir='ltr'><strong>ea</strong></span> <span class='ocrx_word' id='word_1_246' title='bbox 278 3296 404 3348; x_wconf 87' lang='lat' dir='ltr'><strong>longe</strong></span> <span class='ocrx_word' id='word_1_247' title='bbox 423 3296 743 3348; x_wconf 81' lang='lat' dir='ltr'><strong>opulentissima</strong></span> <span class='ocrx_word' id='word_1_248' title='bbox 767 3299 883 3340; x_wconf 89' lang='lat' dir='ltr'><strong>ultra</strong></span> <span class='ocrx_word' id='word_1_249' title='bbox 905 3299 1077 3340; x_wconf 81' lang='lat' dir='ltr'><strong>Iberum</strong></span> 
     </span>
     <span class='ocr_line' id='line_1_49' title="bbox 198 3356 1078 3411; baseline 0.005 -13"><span class='ocrx_word' id='word_1_250' title='bbox 198 3356 299 3408; x_wconf 80' lang='lat' dir='ltr'><strong>fnit,</strong></span> <span class='ocrx_word' id='word_1_251' title='bbox 317 3358 400 3398; x_wconf 87' lang='lat' dir='ltr'><strong>sita</strong></span> <span class='ocrx_word' id='word_1_252' title='bbox 426 3370 573 3411; x_wconf 86' lang='lat' dir='ltr'><strong>passus</strong></span> <span class='ocrx_word' id='word_1_253' title='bbox 597 3359 714 3399; x_wconf 89' lang='lat' dir='ltr'><strong>mille</strong></span> <span class='ocrx_word' id='word_1_254' title='bbox 731 3357 870 3400; x_wconf 79' lang='lat' dir='ltr'><strong>ferme</strong></span> <span class='ocrx_word' id='word_1_255' title='bbox 894 3371 921 3400; x_wconf 88' lang='lat' dir='ltr'><strong>a</strong></span> <span class='ocrx_word' id='word_1_256' title='bbox 943 3361 1078 3402; x_wconf 65' lang='lat' dir='ltr'><strong>mari?</strong></span> 
     </span>
     <span class='ocr_line' id='line_1_50' title="bbox 198 3421 1075 3474; baseline 0.002 -13"><span class='ocrx_word' id='word_1_257' title='bbox 198 3421 375 3462; x_wconf 76' lang='lat' dir='ltr'><strong>Florus:</strong></span> <span class='ocrx_word' id='word_1_258' title='bbox 406 3422 419 3443; x_wconf 93' lang='lat'>‘</span> <span class='ocrx_word' id='word_1_259' title='bbox 436 3422 669 3473; x_wconf 81' lang='lat' dir='ltr'><strong>saguntus,</strong></span> <span class='ocrx_word' id='word_1_260' title='bbox 698 3427 822 3462; x_wconf 79' lang='lat' dir='ltr'><strong>vetus</strong></span> <span class='ocrx_word' id='word_1_261' title='bbox 854 3421 1075 3474; x_wconf 65' lang='lat' dir='ltr'><strong>Hispania</strong></span> 
     </span>
     <span class='ocr_line' id='line_1_51' title="bbox 200 3483 1075 3539; baseline -0.001 -13"><span class='ocrx_word' id='word_1_262' title='bbox 200 3486 352 3527; x_wconf 80' lang='lat' dir='ltr'><strong>civitas</strong></span> <span class='ocrx_word' id='word_1_263' title='bbox 392 3493 439 3526; x_wconf 79' lang='lat' dir='ltr'><strong>et</strong></span> <span class='ocrx_word' id='word_1_264' title='bbox 472 3486 689 3539; x_wconf 87' lang='lat' dir='ltr'><strong>opulenta,</strong></span> <span class='ocrx_word' id='word_1_265' title='bbox 735 3483 921 3539; x_wconf 82' lang='lat' dir='ltr'><strong>fideique</strong></span> <span class='ocrx_word' id='word_1_266' title='bbox 971 3497 1075 3536; x_wconf 84' lang='lat' dir='ltr'><strong>erga</strong></span> 
     </span>
    </p>
   </div>
   <div class='ocr_carea' id='block_1_3' title="bbox 1932 255 2039 309">
    <p class='ocr_par' dir='ltr' id='par_1_7' title="bbox 1932 255 2039 309">
     <span class='ocr_line' id='line_1_52' title="bbox 1932 255 2039 309; baseline 0.009 -1"><span class='ocrx_word' id='word_1_267' title='bbox 1932 255 2039 309; x_wconf 80' lang='lat'><strong>647</strong></span> 
     </span>
    </p>
   </div>
   <div class='ocr_carea' id='block_1_4' title="bbox 1137 385 2040 3539">
    <p class='ocr_par' dir='ltr' id='par_1_8' title="bbox 1145 385 2040 2201">
     <span class='ocr_line' id='line_1_53' title="bbox 1160 385 2040 440; baseline 0.001 -13"><span class='ocrx_word' id='word_1_268' title='bbox 1160 387 1371 429; x_wconf 85' lang='lat' dir='ltr'><strong>Romanos</strong></span> <span class='ocrx_word' id='word_1_269' title='bbox 1390 398 1586 440; x_wconf 83' lang='lat' dir='ltr'><strong>magnum</strong></span> <span class='ocrx_word' id='word_1_270' title='bbox 1606 386 1796 440; x_wconf 87' lang='lat' dir='ltr'><strong>quidem,</strong></span> <span class='ocrx_word' id='word_1_271' title='bbox 1818 385 1892 427; x_wconf 86' lang='lat' dir='ltr'><strong>sed</strong></span> <span class='ocrx_word' id='word_1_272' title='bbox 1914 386 2040 428; x_wconf 86' lang='lat' dir='ltr'><strong>triste</strong></span> 
     </span>
     <span class='ocr_line' id='line_1_54' title="bbox 1158 450 2039 504; baseline 0.002 -14"><span class='ocrx_word' id='word_1_273' title='bbox 1158 450 1509 491; x_wconf 65' lang='lat' dir='ltr'><strong>monumentum!</strong></span> <span class='ocrx_word' id='word_1_274' title='bbox 1546 451 1719 503; x_wconf 83' lang='lat' dir='ltr'><strong>Quippe</strong></span> <span class='ocrx_word' id='word_1_275' title='bbox 1737 463 1832 504; x_wconf 77' lang='lat' dir='ltr'><strong>quse</strong></span> <span class='ocrx_word' id='word_1_276' title='bbox 1850 461 1918 492; x_wconf 88' lang='lat' dir='ltr'><strong>cc.</strong></span> <span class='ocrx_word' id='word_1_277' title='bbox 1938 457 2039 492; x_wconf 88' lang='lat' dir='ltr'><strong>ante</strong></span> 
     </span>
     <span class='ocr_line' id='line_1_55' title="bbox 1157 513 2039 565; baseline 0.002 -13"><span class='ocrx_word' id='word_1_278' title='bbox 1157 513 1372 553; x_wconf 83' lang='lat' dir='ltr'><strong>excidium</strong></span> <span class='ocrx_word' id='word_1_279' title='bbox 1405 513 1548 565; x_wconf 76' lang='lat' dir='ltr'><strong>&#39;l‘roJae</strong></span> <span class='ocrx_word' id='word_1_280' title='bbox 1573 513 1693 554; x_wconf 88' lang='lat' dir='ltr'><strong>annis</strong></span> <span class='ocrx_word' id='word_1_281' title='bbox 1716 513 1905 555; x_wconf 87' lang='lat' dir='ltr'><strong>condita.</strong></span> <span class='ocrx_word' id='word_1_282' title='bbox 1948 513 2039 554; x_wconf 86' lang='lat' dir='ltr'><strong>Pli-</strong></span> 
     </span>
     <span class='ocr_line' id='line_1_56' title="bbox 1158 574 2039 618; baseline 0.005 -5"><span class='ocrx_word' id='word_1_283' title='bbox 1158 574 1252 614; x_wconf 85' lang='lat' dir='ltr'><strong>nius</strong></span> <span class='ocrx_word' id='word_1_284' title='bbox 1273 586 1369 617; x_wconf 81' lang='lat' dir='ltr'><strong>xvr.</strong></span> <span class='ocrx_word' id='word_1_285' title='bbox 1387 579 1454 616; x_wconf 82' lang='grc'><strong>40.</strong></span> <span class='ocrx_word' id='word_1_286' title='bbox 1499 576 1718 616; x_wconf 76' lang='lat' dir='ltr'><strong>Caeterum</strong></span> <span class='ocrx_word' id='word_1_287' title='bbox 1737 577 1886 618; x_wconf 89' lang='lat' dir='ltr'><strong>ultimo</strong></span> <span class='ocrx_word' id='word_1_288' title='bbox 1905 576 2039 618; x_wconf 81' lang='lat' dir='ltr'><strong>foede-</strong></span> 
     </span>
     <span class='ocr_line' id='line_1_57' title="bbox 1157 636 2038 686; baseline 0.007 -10"><span class='ocrx_word' id='word_1_289' title='bbox 1157 649 1204 676; x_wconf 90' lang='lat' dir='ltr'><strong>re</strong></span> <span class='ocrx_word' id='word_1_290' title='bbox 1223 642 1400 678; x_wconf 86' lang='lat' dir='ltr'><strong>cautum</strong></span> <span class='ocrx_word' id='word_1_291' title='bbox 1415 636 1574 686; x_wconf 85' lang='lat' dir='ltr'><strong>fuerat,</strong></span> <span class='ocrx_word' id='word_1_292' title='bbox 1593 644 1642 678; x_wconf 93' lang='lat' dir='ltr'><strong>ut</strong></span> <span class='ocrx_word' id='word_1_293' title='bbox 1659 638 1812 680; x_wconf 81' lang='lat' dir='ltr'><strong>Iberus</strong></span> <span class='ocrx_word' id='word_1_294' title='bbox 1824 639 2038 682; x_wconf 87' lang='lat' dir='ltr'><strong>distermi-</strong></span> 
     </span>
     <span class='ocr_line' id='line_1_58' title="bbox 1155 699 2038 745; baseline 0.007 -5"><span class='ocrx_word' id='word_1_295' title='bbox 1155 705 1280 741; x_wconf 83' lang='lat' dir='ltr'><strong>naret</strong></span> <span class='ocrx_word' id='word_1_296' title='bbox 1307 699 1516 742; x_wconf 85' lang='lat' dir='ltr'><strong>ditionem</strong></span> <span class='ocrx_word' id='word_1_297' title='bbox 1543 700 1831 743; x_wconf 86' lang='lat' dir='ltr'><strong>Romanorum</strong></span> <span class='ocrx_word' id='word_1_298' title='bbox 1856 708 1903 745; x_wconf 91' lang='lat' dir='ltr'><strong>et</strong></span> <span class='ocrx_word' id='word_1_299' title='bbox 1934 704 2038 745; x_wconf 88' lang='lat' dir='ltr'><strong>Car-</strong></span> 
     </span>
     <span class='ocr_line' id='line_1_59' title="bbox 1156 762 2040 815; baseline 0.006 -11"><span class='ocrx_word' id='word_1_300' title='bbox 1156 762 1500 815; x_wconf 80' lang='lat' dir='ltr'><strong>thaginiensium.</strong></span> <span class='ocrx_word' id='word_1_301' title='bbox 1553 764 1770 815; x_wconf 71' lang='lat' dir='ltr'><strong>saguntus</strong></span> <span class='ocrx_word' id='word_1_302' title='bbox 1799 766 1912 807; x_wconf 86' lang='lat' dir='ltr'><strong>ultra</strong></span> <span class='ocrx_word' id='word_1_303' title='bbox 1939 767 2040 808; x_wconf 90' lang='lat' dir='ltr'><strong>Ibe·</strong></span> 
     </span>
     <span class='ocr_line' id='line_1_60' title="bbox 1157 824 2038 880; baseline 0.005 -14"><span class='ocrx_word' id='word_1_304' title='bbox 1157 839 1251 868; x_wconf 91' lang='lat' dir='ltr'><strong>rum</strong></span> <span class='ocrx_word' id='word_1_305' title='bbox 1296 825 1487 880; x_wconf 86' lang='lat' dir='ltr'><strong>quidem,</strong></span> <span class='ocrx_word' id='word_1_306' title='bbox 1529 824 1695 867; x_wconf 87' lang='lat' dir='ltr'><strong>foedere</strong></span> <span class='ocrx_word' id='word_1_307' title='bbox 1747 832 1894 868; x_wconf 90' lang='lat' dir='ltr'><strong>tamen</strong></span> <span class='ocrx_word' id='word_1_308' title='bbox 1940 841 2038 870; x_wconf 90' lang='lat' dir='ltr'><strong>cum</strong></span> 
     </span>
     <span class='ocr_line' id='line_1_61' title="bbox 1156 889 2036 944; baseline 0.002 -12"><span class='ocrx_word' id='word_1_309' title='bbox 1156 890 1357 932; x_wconf 78' lang='lat' dir='ltr'><strong>Romanis</strong></span> <span class='ocrx_word' id='word_1_310' title='bbox 1371 889 1543 943; x_wconf 78' lang='lat' dir='ltr'><strong>Juncta,</strong></span> <span class='ocrx_word' id='word_1_311' title='bbox 1574 895 1621 932; x_wconf 88' lang='lat' dir='ltr'><strong>et</strong></span> <span class='ocrx_word' id='word_1_312' title='bbox 1650 890 1751 933; x_wconf 87' lang='lat' dir='ltr'><strong>ideo</strong></span> <span class='ocrx_word' id='word_1_313' title='bbox 1780 897 1965 944; x_wconf 86' lang='lat' dir='ltr'><strong>excepta</strong></span> <span class='ocrx_word' id='word_1_314' title='bbox 1981 905 2036 934; x_wconf 89' lang='lat' dir='ltr'><strong>ne</strong></span> 
     </span>
     <span class='ocr_line' id='line_1_62' title="bbox 1157 954 2036 1008; baseline 0 -12"><span class='ocrx_word' id='word_1_315' title='bbox 1157 954 1261 1008; x_wconf 87' lang='lat' dir='ltr'><strong>quid</strong></span> <span class='ocrx_word' id='word_1_316' title='bbox 1280 954 1324 995; x_wconf 90' lang='lat' dir='ltr'><strong>in</strong></span> <span class='ocrx_word' id='word_1_317' title='bbox 1343 965 1436 995; x_wconf 87' lang='lat' dir='ltr'><strong>eam</strong></span> <span class='ocrx_word' id='word_1_318' title='bbox 1455 954 1605 997; x_wconf 85' lang='lat' dir='ltr'><strong>liceret</strong></span> <span class='ocrx_word' id='word_1_319' title='bbox 1622 955 2036 1007; x_wconf 81' lang='lat' dir='ltr'><strong>Carthaginiensium</strong></span> 
     </span>
     <span class='ocr_line' id='line_1_63' title="bbox 1155 1018 2038 1074; baseline 0.002 -16"><span class='ocrx_word' id='word_1_320' title='bbox 1155 1018 1300 1072; x_wconf 80' lang='lat' dir='ltr'><strong>armis,</strong></span> <span class='ocrx_word' id='word_1_321' title='bbox 1334 1024 1468 1074; x_wconf 88' lang='lat' dir='ltr'><strong>utque</strong></span> <span class='ocrx_word' id='word_1_322' title='bbox 1514 1019 1651 1061; x_wconf 87' lang='lat' dir='ltr'><strong>libera</strong></span> <span class='ocrx_word' id='word_1_323' title='bbox 1695 1025 1890 1060; x_wconf 87' lang='lat' dir='ltr'><strong>maneret</strong></span> <span class='ocrx_word' id='word_1_324' title='bbox 1921 1019 2038 1060; x_wconf 86' lang='lat' dir='ltr'><strong>inter</strong></span> 
     </span>
     <span class='ocr_line' id='line_1_64' title="bbox 1153 1081 2037 1135; baseline 0 -12"><span class='ocrx_word' id='word_1_325' title='bbox 1153 1082 1378 1135; x_wconf 87' lang='lat' dir='ltr'><strong>utriusque</strong></span> <span class='ocrx_word' id='word_1_326' title='bbox 1397 1082 1543 1135; x_wconf 91' lang='lat' dir='ltr'><strong>populi</strong></span> <span class='ocrx_word' id='word_1_327' title='bbox 1569 1081 1762 1134; x_wconf 81' lang='lat' dir='ltr'><strong>imperia.</strong></span> <span class='ocrx_word' id='word_1_328' title='bbox 1819 1081 2037 1125; x_wconf 83' lang='lat' dir='ltr'><strong>Hannibal</strong></span> 
     </span>
     <span class='ocr_line' id='line_1_65' title="bbox 1153 1145 2034 1199; baseline 0.003 -15"><span class='ocrx_word' id='word_1_329' title='bbox 1153 1145 1221 1185; x_wconf 89' lang='lat' dir='ltr'><strong>cui</strong></span> <span class='ocrx_word' id='word_1_330' title='bbox 1253 1146 1518 1199; x_wconf 84' lang='lat' dir='ltr'><strong>propositum</strong></span> <span class='ocrx_word' id='word_1_331' title='bbox 1549 1151 1644 1186; x_wconf 86' lang='lat' dir='ltr'><strong>erat</strong></span> <span class='ocrx_word' id='word_1_332' title='bbox 1677 1145 1835 1187; x_wconf 87' lang='lat' dir='ltr'><strong>bellum</strong></span> <span class='ocrx_word' id='word_1_333' title='bbox 1863 1157 2034 1188; x_wconf 86' lang='lat' dir='ltr'><strong>movere</strong></span> 
     </span>
     <span class='ocr_line' id='line_1_66' title="bbox 1154 1208 2033 1262; baseline 0.002 -13"><span class='ocrx_word' id='word_1_334' title='bbox 1154 1209 1371 1260; x_wconf 83' lang='lat' dir='ltr'><strong>Romanis,</strong></span> <span class='ocrx_word' id='word_1_335' title='bbox 1396 1221 1451 1251; x_wconf 90' lang='lat' dir='ltr'><strong>ne</strong></span> <span class='ocrx_word' id='word_1_336' title='bbox 1482 1208 1730 1262; x_wconf 79' lang='lat' dir='ltr'><strong>foedifragus</strong></span> <span class='ocrx_word' id='word_1_337' title='bbox 1757 1210 1899 1262; x_wconf 86' lang='lat' dir='ltr'><strong>palam</strong></span> <span class='ocrx_word' id='word_1_338' title='bbox 1917 1210 2033 1251; x_wconf 82' lang='lat' dir='ltr'><strong>vide-</strong></span> 
     </span>
     <span class='ocr_line' id='line_1_67' title="bbox 1153 1273 2032 1326; baseline 0.003 -15"><span class='ocrx_word' id='word_1_339' title='bbox 1153 1277 1285 1324; x_wconf 88' lang='lat' dir='ltr'><strong>retur,</strong></span> <span class='ocrx_word' id='word_1_340' title='bbox 1322 1284 1407 1312; x_wconf 90' lang='lat' dir='ltr'><strong>non</strong></span> <span class='ocrx_word' id='word_1_341' title='bbox 1441 1273 1844 1326; x_wconf 71' lang='lat' dir='ltr'><strong>Saguntinisarma</strong></span> <span class='ocrx_word' id='word_1_342' title='bbox 1879 1278 2032 1326; x_wconf 87' lang='lat' dir='ltr'><strong>aperte</strong></span> 
     </span>
     <span class='ocr_line' id='line_1_68' title="bbox 1152 1335 2032 1387; baseline 0.002 -13"><span class='ocrx_word' id='word_1_343' title='bbox 1152 1345 1233 1374; x_wconf 87' lang='lat' dir='ltr'><strong>uec</strong></span> <span class='ocrx_word' id='word_1_344' title='bbox 1265 1335 1410 1376; x_wconf 88' lang='lat' dir='ltr'><strong>statim</strong></span> <span class='ocrx_word' id='word_1_345' title='bbox 1438 1336 1598 1387; x_wconf 91' lang='lat' dir='ltr'><strong>intulit,</strong></span> <span class='ocrx_word' id='word_1_346' title='bbox 1629 1335 1705 1376; x_wconf 86' lang='lat' dir='ltr'><strong>sed</strong></span> <span class='ocrx_word' id='word_1_347' title='bbox 1743 1336 1787 1377; x_wconf 88' lang='lat' dir='ltr'><strong>in</strong></span> <span class='ocrx_word' id='word_1_348' title='bbox 1817 1335 2032 1378; x_wconf 86' lang='lat' dir='ltr'><strong>Olcadum</strong></span> 
     </span>
     <span class='ocr_line' id='line_1_69' title="bbox 1150 1395 2031 1451; baseline 0.003 -15"><span class='ocrx_word' id='word_1_349' title='bbox 1150 1395 1271 1448; x_wconf 77' lang='lat' dir='ltr'><strong>fines,</strong></span> <span class='ocrx_word' id='word_1_350' title='bbox 1288 1410 1383 1450; x_wconf 84' lang='lat' dir='ltr'><strong>quae</strong></span> <span class='ocrx_word' id='word_1_351' title='bbox 1402 1409 1505 1450; x_wconf 84' lang='lat' dir='ltr'><strong>gens</strong></span> <span class='ocrx_word' id='word_1_352' title='bbox 1525 1399 1640 1439; x_wconf 89' lang='lat' dir='ltr'><strong>ultra</strong></span> <span class='ocrx_word' id='word_1_353' title='bbox 1651 1398 1828 1439; x_wconf 86' lang='lat' dir='ltr'><strong>Iberum</strong></span> <span class='ocrx_word' id='word_1_354' title='bbox 1848 1411 2031 1451; x_wconf 88' lang='lat' dir='ltr'><strong>amnem,</strong></span> 
     </span>
     <span class='ocr_line' id='line_1_70' title="bbox 1151 1459 2032 1514; baseline 0.003 -14"><span class='ocrx_word' id='word_1_355' title='bbox 1151 1459 1195 1500; x_wconf 88' lang='lat' dir='ltr'><strong>in</strong></span> <span class='ocrx_word' id='word_1_356' title='bbox 1222 1472 1274 1500; x_wconf 83' lang='lat' dir='ltr'><strong>ea</strong></span> <span class='ocrx_word' id='word_1_357' title='bbox 1301 1467 1427 1513; x_wconf 83' lang='lat' dir='ltr'><strong>parte</strong></span> <span class='ocrx_word' id='word_1_358' title='bbox 1445 1474 1571 1514; x_wconf 87' lang='lat' dir='ltr'><strong>quam</strong></span> <span class='ocrx_word' id='word_1_359' title='bbox 1595 1462 1778 1502; x_wconf 87' lang='lat' dir='ltr'><strong>Romani</strong></span> <span class='ocrx_word' id='word_1_360' title='bbox 1796 1474 1881 1502; x_wconf 89' lang='lat' dir='ltr'><strong>non</strong></span> <span class='ocrx_word' id='word_1_361' title='bbox 1907 1474 2032 1503; x_wconf 83' lang='lat' dir='ltr'><strong>exce-</strong></span> 
     </span>
     <span class='ocr_line' id='line_1_71' title="bbox 1149 1523 2030 1576; baseline 0.001 -12"><span class='ocrx_word' id='word_1_362' title='bbox 1149 1530 1322 1576; x_wconf 85' lang='lat' dir='ltr'><strong>perant,</strong></span> <span class='ocrx_word' id='word_1_363' title='bbox 1358 1523 1595 1566; x_wconf 75' lang='lat' dir='ltr'><strong>exercitum</strong></span> <span class='ocrx_word' id='word_1_364' title='bbox 1626 1525 1822 1576; x_wconf 88' lang='lat' dir='ltr'><strong>induxit;</strong></span> <span class='ocrx_word' id='word_1_365' title='bbox 1861 1531 1909 1566; x_wconf 90' lang='lat' dir='ltr'><strong>ut</strong></span> <span class='ocrx_word' id='word_1_366' title='bbox 1946 1538 2030 1566; x_wconf 92' lang='lat' dir='ltr'><strong>non</strong></span> 
     </span>
     <span class='ocr_line' id='line_1_72' title="bbox 1148 1588 2029 1641; baseline -0.001 -13"><span class='ocrx_word' id='word_1_367' title='bbox 1148 1592 1272 1629; x_wconf 84' lang='lat' dir='ltr'><strong>recta</strong></span> <span class='ocrx_word' id='word_1_368' title='bbox 1290 1588 1466 1640; x_wconf 82' lang='lat' dir='ltr'><strong>petiisse</strong></span> <span class='ocrx_word' id='word_1_369' title='bbox 1485 1588 1764 1641; x_wconf 87' lang='lat' dir='ltr'><strong>Saguntinos,</strong></span> <span class='ocrx_word' id='word_1_370' title='bbox 1781 1588 1857 1629; x_wconf 89' lang='lat' dir='ltr'><strong>sed</strong></span> <span class='ocrx_word' id='word_1_371' title='bbox 1887 1600 2029 1629; x_wconf 87' lang='lat' dir='ltr'><strong>rerum</strong></span> 
     </span>
     <span class='ocr_line' id='line_1_73' title="bbox 1149 1649 2031 1704; baseline 0.002 -15"><span class='ocrx_word' id='word_1_372' title='bbox 1149 1650 1262 1690; x_wconf 85' lang='lat' dir='ltr'><strong>serie</strong></span> <span class='ocrx_word' id='word_1_373' title='bbox 1299 1650 1502 1702; x_wconf 82' lang='lat' dir='ltr'><strong>ducente,</strong></span> <span class='ocrx_word' id='word_1_374' title='bbox 1532 1649 1725 1692; x_wconf 88' lang='lat' dir='ltr'><strong>finitimis</strong></span> <span class='ocrx_word' id='word_1_375' title='bbox 1762 1652 2031 1704; x_wconf 84' lang='lat' dir='ltr'><strong>perdomitis,</strong></span> 
     </span>
     <span class='ocr_line' id='line_1_74' title="bbox 1148 1713 2029 1768; baseline 0 -12"><span class='ocrx_word' id='word_1_376' title='bbox 1148 1713 1415 1756; x_wconf 82' lang='lat' dir='ltr'><strong>continentia</strong></span> <span class='ocrx_word' id='word_1_377' title='bbox 1451 1714 1695 1767; x_wconf 88' lang='lat' dir='ltr'><strong>jungendo,</strong></span> <span class='ocrx_word' id='word_1_378' title='bbox 1729 1715 1785 1756; x_wconf 85' lang='lat' dir='ltr'><strong>ad</strong></span> <span class='ocrx_word' id='word_1_379' title='bbox 1821 1715 2029 1768; x_wconf 88' lang='lat' dir='ltr'><strong>oppidum</strong></span> 
     </span>
     <span class='ocr_line' id='line_1_75' title="bbox 1147 1779 2028 1833; baseline 0.003 -14"><span class='ocrx_word' id='word_1_380' title='bbox 1147 1779 1337 1833; x_wconf 86' lang='lat' dir='ltr'><strong>ejusdem</strong></span> <span class='ocrx_word' id='word_1_381' title='bbox 1364 1780 1551 1833; x_wconf 83' lang='lat' dir='ltr'><strong>regionis</strong></span> <span class='ocrx_word' id='word_1_382' title='bbox 1582 1781 1696 1821; x_wconf 83' lang='lat' dir='ltr'><strong>ultra</strong></span> <span class='ocrx_word' id='word_1_383' title='bbox 1725 1780 1900 1822; x_wconf 87' lang='lat' dir='ltr'><strong>Iberum</strong></span> <span class='ocrx_word' id='word_1_384' title='bbox 1933 1781 2028 1822; x_wconf 84' lang='lat' dir='ltr'><strong>sitae</strong></span> 
     </span>
     <span class='ocr_line' id='line_1_76' title="bbox 1148 1843 2027 1897; baseline 0 -13"><span class='ocrx_word' id='word_1_385' title='bbox 1148 1843 1486 1896; x_wconf 87' lang='lat' dir='ltr'><strong>oppugnandum</strong></span> <span class='ocrx_word' id='word_1_386' title='bbox 1521 1844 1642 1897; x_wconf 86' lang='lat' dir='ltr'><strong>quasi</strong></span> <span class='ocrx_word' id='word_1_387' title='bbox 1679 1849 1844 1885; x_wconf 86' lang='lat' dir='ltr'><strong>tractus</strong></span> <span class='ocrx_word' id='word_1_388' title='bbox 1891 1844 2027 1885; x_wconf 87' lang='lat' dir='ltr'><strong>videri</strong></span> 
     </span>
     <span class='ocr_line' id='line_1_77' title="bbox 1147 1907 2028 1961; baseline 0.001 -14"><span class='ocrx_word' id='word_1_389' title='bbox 1147 1913 1307 1959; x_wconf 85' lang='lat' dir='ltr'><strong>posset.</strong></span> <span class='ocrx_word' id='word_1_390' title='bbox 1381 1907 1443 1949; x_wconf 91' lang='lat' dir='ltr'><strong>Ut</strong></span> <span class='ocrx_word' id='word_1_391' title='bbox 1480 1907 1704 1961; x_wconf 83' lang='lat' dir='ltr'><strong>Hispaniae</strong></span> <span class='ocrx_word' id='word_1_392' title='bbox 1736 1919 1841 1959; x_wconf 79' lang='lat' dir='ltr'><strong>ergo</strong></span> <span class='ocrx_word' id='word_1_393' title='bbox 1877 1908 2028 1948; x_wconf 90' lang='lat' dir='ltr'><strong>urbem</strong></span> 
     </span>
     <span class='ocr_line' id='line_1_78' title="bbox 1147 1971 2026 2024; baseline -0.001 -13"><span class='ocrx_word' id='word_1_394' title='bbox 1147 1971 1383 2023; x_wconf 81' lang='lat' dir='ltr'><strong>Saguntum</strong></span> <span class='ocrx_word' id='word_1_395' title='bbox 1402 1971 1445 2011; x_wconf 88' lang='lat' dir='ltr'><strong>in</strong></span> <span class='ocrx_word' id='word_1_396' title='bbox 1464 1971 1563 2011; x_wconf 88' lang='lat' dir='ltr'><strong>belli</strong></span> <span class='ocrx_word' id='word_1_397' title='bbox 1582 1983 1755 2012; x_wconf 89' lang='lat' dir='ltr'><strong>causam</strong></span> <span class='ocrx_word' id='word_1_398' title='bbox 1783 1971 1963 2024; x_wconf 87' lang='lat' dir='ltr'><strong>delegit,</strong></span> <span class='ocrx_word' id='word_1_399' title='bbox 1982 1971 2026 2012; x_wconf 88' lang='lat' dir='ltr'><strong>id</strong></span> 
     </span>
     <span class='ocr_line' id='line_1_79' title="bbox 1147 2032 2026 2085; baseline 0.001 -12"><span class='ocrx_word' id='word_1_400' title='bbox 1147 2039 1229 2084; x_wconf 92' lang='lat' dir='ltr'><strong>est,</strong></span> <span class='ocrx_word' id='word_1_401' title='bbox 1247 2033 1341 2085; x_wconf 90' lang='lat' dir='ltr'><strong>ejus</strong></span> <span class='ocrx_word' id='word_1_402' title='bbox 1371 2032 1607 2084; x_wconf 63' lang='lat' dir='ltr'><strong>Hispaniae,</strong></span> <span class='ocrx_word' id='word_1_403' title='bbox 1626 2045 1722 2085; x_wconf 80' lang='lat' dir='ltr'><strong>quae</strong></span> <span class='ocrx_word' id='word_1_404' title='bbox 1754 2033 1870 2074; x_wconf 90' lang='lat' dir='ltr'><strong>ultra</strong></span> <span class='ocrx_word' id='word_1_405' title='bbox 1896 2033 2026 2074; x_wconf 82' lang='lat' dir='ltr'><strong>finem</strong></span> 
     </span>
     <span class='ocr_line' id='line_1_80' title="bbox 1146 2096 2027 2150; baseline 0.002 -14"><span class='ocrx_word' id='word_1_406' title='bbox 1146 2101 1264 2137; x_wconf 82' lang='lat' dir='ltr'><strong>esset</strong></span> <span class='ocrx_word' id='word_1_407' title='bbox 1294 2096 1465 2148; x_wconf 83' lang='lat' dir='ltr'><strong>imperii</strong></span> <span class='ocrx_word' id='word_1_408' title='bbox 1494 2096 1689 2148; x_wconf 83' lang='lat' dir='ltr'><strong>Romani,</strong></span> <span class='ocrx_word' id='word_1_409' title='bbox 1711 2097 1794 2138; x_wconf 84' lang='lat' dir='ltr'><strong>hoc</strong></span> <span class='ocrx_word' id='word_1_410' title='bbox 1813 2103 1896 2150; x_wconf 87' lang='lat' dir='ltr'><strong>est,</strong></span> <span class='ocrx_word' id='word_1_411' title='bbox 1914 2099 2027 2139; x_wconf 87' lang='lat' dir='ltr'><strong>ultra</strong></span> 
     </span>
     <span class='ocr_line' id='line_1_81' title="bbox 1145 2159 1727 2201; baseline -0.002 0"><span class='ocrx_word' id='word_1_412' title='bbox 1145 2170 1312 2201; x_wconf 88' lang='lat' dir='ltr'><strong>amnem</strong></span> <span class='ocrx_word' id='word_1_413' title='bbox 1332 2159 1520 2201; x_wconf 89' lang='lat' dir='ltr'><strong>Iberum.</strong></span> <span class='ocrx_word' id='word_1_414' title='bbox 1559 2159 1727 2201; x_wconf 81' lang='lat' dir='ltr'><strong>Salmas.</strong></span> 
     </span>
    </p>

    <p class='ocr_par' dir='ltr' id='par_1_9' title="bbox 1137 2222 2027 3539">
     <span class='ocr_line' id='line_1_82' title="bbox 1205 2222 2026 2275; baseline 0 -11"><span class='ocrx_word' id='word_1_415' title='bbox 1205 2223 1257 2264; x_wconf 66' lang='lat' dir='ltr'><strong>Va·</strong></span> <span class='ocrx_word' id='word_1_416' title='bbox 1267 2222 1525 2275; x_wconf 73' lang='lat' dir='ltr'><strong>expugnavit]</strong></span> <span class='ocrx_word' id='word_1_417' title='bbox 1554 2222 1726 2263; x_wconf 86' lang='lat' dir='ltr'><strong>Octavo</strong></span> <span class='ocrx_word' id='word_1_418' title='bbox 1744 2233 1890 2264; x_wconf 86' lang='lat' dir='ltr'><strong>mense</strong></span> <span class='ocrx_word' id='word_1_419' title='bbox 1914 2223 2026 2264; x_wconf 90' lang='lat' dir='ltr'><strong>obsi-</strong></span> 
     </span>
     <span class='ocr_line' id='line_1_83' title="bbox 1144 2283 2027 2336; baseline 0.001 -9"><span class='ocrx_word' id='word_1_420' title='bbox 1144 2285 1299 2328; x_wconf 84' lang='lat' dir='ltr'><strong>dionis.</strong></span> <span class='ocrx_word' id='word_1_421' title='bbox 1327 2285 1484 2336; x_wconf 83' lang='lat' dir='ltr'><strong>Polyb.</strong></span> <span class='ocrx_word' id='word_1_422' title='bbox 1499 2283 1623 2327; x_wconf 55' lang='lat' dir='ltr'><strong>rinos</strong></span> <span class='ocrx_word' id='word_1_423' title='bbox 1640 2285 1683 2327; x_wconf 76' lang='grc' dir='ltr'><strong>ἐν</strong></span> <span class='ocrx_word' id='word_1_424' title='bbox 1694 2284 1796 2327; x_wconf 72' lang='grc' dir='ltr'><strong>ὀκτὼ</strong></span> <span class='ocrx_word' id='word_1_425' title='bbox 1809 2285 1907 2336; x_wconf 71' lang='grc' dir='ltr'><strong><em>μησὶ</em></strong></span> <span class='ocrx_word' id='word_1_426' title='bbox 1924 2287 2027 2328; x_wconf 71' lang='grc' dir='ltr'><strong>κατὰ</strong></span> 
     </span>
     <span class='ocr_line' id='line_1_84' title="bbox 1144 2347 2025 2402; baseline 0 -11"><span class='ocrx_word' id='word_1_427' title='bbox 1144 2348 1286 2402; x_wconf 68' lang='grc' dir='ltr'><strong><em>κράτος</em></strong></span> <span class='ocrx_word' id='word_1_428' title='bbox 1309 2347 1394 2391; x_wconf 59' lang='lat' dir='ltr'><strong>crae</strong></span> <span class='ocrx_word' id='word_1_429' title='bbox 1420 2348 1496 2398; x_wconf 69' lang='grc' dir='ltr'><strong>τὴν</strong></span> <span class='ocrx_word' id='word_1_430' title='bbox 1524 2347 1656 2390; x_wconf 69' lang='grc' dir='ltr'><strong><em>πόλιν.</em></strong></span> <span class='ocrx_word' id='word_1_431' title='bbox 1714 2349 1826 2391; x_wconf 87' lang='lat' dir='ltr'><strong>Vide</strong></span> <span class='ocrx_word' id='word_1_432' title='bbox 1857 2350 2025 2391; x_wconf 83' lang='lat' dir='ltr'><strong>Livium</strong></span> 
     </span>
     <span class='ocr_line' id='line_1_85' title="bbox 1145 2412 2026 2455; baseline 0.001 -2"><span class='ocrx_word' id='word_1_433' title='bbox 1145 2423 1244 2454; x_wconf 75' lang='lat' dir='ltr'>xxx.</span> <span class='ocrx_word' id='word_1_434' title='bbox 1283 2412 1403 2453; x_wconf 89' lang='lat' dir='ltr'><strong>Urbs</strong></span> <span class='ocrx_word' id='word_1_435' title='bbox 1431 2425 1583 2454; x_wconf 82' lang='lat' dir='ltr'><strong>eversa</strong></span> <span class='ocrx_word' id='word_1_436' title='bbox 1615 2418 1663 2454; x_wconf 86' lang='lat' dir='ltr'><strong>et</strong></span> <span class='ocrx_word' id='word_1_437' title='bbox 1692 2412 1947 2455; x_wconf 84' lang='lat' dir='ltr'><strong>Hannibalis</strong></span> <span class='ocrx_word' id='word_1_438' title='bbox 1978 2419 2026 2455; x_wconf 91' lang='lat' dir='ltr'><strong>et</strong></span> 
     </span>
     <span class='ocr_line' id='line_1_86' title="bbox 1144 2475 2025 2530; baseline 0.003 -14"><span class='ocrx_word' id='word_1_439' title='bbox 1144 2475 1476 2528; x_wconf 81' lang='lat' dir='ltr'><strong>Saguntinorum</strong></span> <span class='ocrx_word' id='word_1_440' title='bbox 1506 2475 1713 2530; x_wconf 85' lang='lat' dir='ltr'><strong>manibus,</strong></span> <span class='ocrx_word' id='word_1_441' title='bbox 1743 2476 1816 2530; x_wconf 89' lang='lat' dir='ltr'><strong>qui</strong></span> <span class='ocrx_word' id='word_1_442' title='bbox 1847 2488 1893 2518; x_wconf 86' lang='lat' dir='ltr'><strong>se</strong></span> <span class='ocrx_word' id='word_1_443' title='bbox 1929 2489 2025 2519; x_wconf 87' lang='lat' dir='ltr'><strong>sua-</strong></span> 
     </span>
     <span class='ocr_line' id='line_1_87' title="bbox 1146 2539 2022 2592; baseline 0.002 -13"><span class='ocrx_word' id='word_1_444' title='bbox 1146 2550 1230 2592; x_wconf 84' lang='lat' dir='ltr'><strong>que</strong></span> <span class='ocrx_word' id='word_1_445' title='bbox 1265 2539 1407 2580; x_wconf 87' lang='lat' dir='ltr'><strong>omnia</strong></span> <span class='ocrx_word' id='word_1_446' title='bbox 1451 2539 1499 2578; x_wconf 88' lang='lat' dir='ltr'><strong>in</strong></span> <span class='ocrx_word' id='word_1_447' title='bbox 1536 2550 1687 2591; x_wconf 83' lang='lat' dir='ltr'><strong>pyram</strong></span> <span class='ocrx_word' id='word_1_448' title='bbox 1723 2539 2022 2592; x_wconf 86' lang='lat' dir='ltr'><strong>conjecerunt,</strong></span> 
     </span>
     <span class='ocr_line' id='line_1_88' title="bbox 1144 2600 2025 2654; baseline 0.002 -13"><span class='ocrx_word' id='word_1_449' title='bbox 1144 2613 1226 2643; x_wconf 89' lang='lat' dir='ltr'><strong>nec</strong></span> <span class='ocrx_word' id='word_1_450' title='bbox 1246 2601 1472 2642; x_wconf 89' lang='lat' dir='ltr'><strong>arbitrium</strong></span> <span class='ocrx_word' id='word_1_451' title='bbox 1497 2600 1671 2642; x_wconf 86' lang='lat' dir='ltr'><strong>victoris</strong></span> <span class='ocrx_word' id='word_1_452' title='bbox 1702 2607 2025 2654; x_wconf 86' lang='lat' dir='ltr'><strong>exspectarunt.</strong></span> 
     </span>
     <span class='ocr_line' id='line_1_89' title="bbox 1145 2662 2022 2716; baseline 0 -12"><span class='ocrx_word' id='word_1_453' title='bbox 1145 2664 1271 2705; x_wconf 76' lang='lat' dir='ltr'><strong>Idem.</strong></span> <span class='ocrx_word' id='word_1_454' title='bbox 1323 2662 1434 2704; x_wconf 88' lang='lat' dir='ltr'><strong>Inde</strong></span> <span class='ocrx_word' id='word_1_455' title='bbox 1459 2674 1594 2716; x_wconf 87' lang='lat' dir='ltr'><strong>pavor</strong></span> <span class='ocrx_word' id='word_1_456' title='bbox 1626 2673 1677 2703; x_wconf 89' lang='lat' dir='ltr'><strong>ac</strong></span> <span class='ocrx_word' id='word_1_457' title='bbox 1695 2662 1930 2715; x_wconf 85' lang='lat' dir='ltr'><strong>trepidatio</strong></span> <span class='ocrx_word' id='word_1_458' title='bbox 1957 2669 2022 2704; x_wconf 86' lang='lat' dir='ltr'><strong>to·</strong></span> 
     </span>
     <span class='ocr_line' id='line_1_90' title="bbox 1142 2725 2023 2779; baseline -0.002 -11"><span class='ocrx_word' id='word_1_459' title='bbox 1142 2732 1230 2768; x_wconf 85' lang='lat' dir='ltr'><strong>tam</strong></span> <span class='ocrx_word' id='word_1_460' title='bbox 1265 2726 1429 2768; x_wconf 88' lang='lat' dir='ltr'><strong>Urbem</strong></span> <span class='ocrx_word' id='word_1_461' title='bbox 1473 2725 1681 2779; x_wconf 84' lang='lat' dir='ltr'><strong>pervasit,</strong></span> <span class='ocrx_word' id='word_1_462' title='bbox 1720 2726 1813 2766; x_wconf 84' lang='lat' dir='ltr'><strong>aliis</strong></span> <span class='ocrx_word' id='word_1_463' title='bbox 1849 2725 2023 2779; x_wconf 81' lang='lat' dir='ltr'><strong>insuper</strong></span> 
     </span>
     <span class='ocr_line' id='line_1_91' title="bbox 1142 2788 2021 2839; baseline 0 -9"><span class='ocrx_word' id='word_1_464' title='bbox 1142 2790 1351 2831; x_wconf 87' lang='lat' dir='ltr'><strong>tumultus</strong></span> <span class='ocrx_word' id='word_1_465' title='bbox 1370 2801 1426 2830; x_wconf 80' lang='lat' dir='ltr'><strong>ex</strong></span> <span class='ocrx_word' id='word_1_466' title='bbox 1446 2801 1547 2830; x_wconf 88' lang='lat' dir='ltr'><strong>arce</strong></span> <span class='ocrx_word' id='word_1_467' title='bbox 1565 2788 1739 2830; x_wconf 88' lang='lat' dir='ltr'><strong>auditur</strong></span> <span class='ocrx_word' id='word_1_468' title='bbox 1755 2801 1768 2839; x_wconf 72' lang='grc' dir='ltr'><strong><em>ς</em></strong></span> <span class='ocrx_word' id='word_1_469' title='bbox 1801 2789 1928 2830; x_wconf 82' lang='lat' dir='ltr'><strong>turris</strong></span> <span class='ocrx_word' id='word_1_470' title='bbox 1945 2789 2021 2830; x_wconf 88' lang='lat' dir='ltr'><strong>din</strong></span> 
     </span>
     <span class='ocr_line' id='line_1_92' title="bbox 1141 2851 2020 2907; baseline 0 -14"><span class='ocrx_word' id='word_1_471' title='bbox 1141 2858 1343 2907; x_wconf 83' lang='lat' dir='ltr'><strong>quassata</strong></span> <span class='ocrx_word' id='word_1_472' title='bbox 1385 2851 1605 2905; x_wconf 89' lang='lat' dir='ltr'><strong>procidit;</strong></span> <span class='ocrx_word' id='word_1_473' title='bbox 1659 2863 1821 2905; x_wconf 86' lang='lat' dir='ltr'><strong>perque</strong></span> <span class='ocrx_word' id='word_1_474' title='bbox 1853 2851 2020 2893; x_wconf 86' lang='lat' dir='ltr'><strong>ruinam</strong></span> 
     </span>
     <span class='ocr_line' id='line_1_93' title="bbox 1139 2915 2020 2969; baseline 0.001 -12"><span class='ocrx_word' id='word_1_475' title='bbox 1139 2916 1230 2969; x_wconf 89' lang='lat' dir='ltr'><strong>ejus</strong></span> <span class='ocrx_word' id='word_1_476' title='bbox 1262 2917 1416 2958; x_wconf 75' lang='lat' dir='ltr'><strong>cohors</strong></span> <span class='ocrx_word' id='word_1_477' title='bbox 1444 2916 1676 2957; x_wconf 88' lang='lat' dir='ltr'><strong>Poenorum</strong></span> <span class='ocrx_word' id='word_1_478' title='bbox 1708 2916 1873 2969; x_wconf 89' lang='lat' dir='ltr'><strong>impetu</strong></span> <span class='ocrx_word' id='word_1_479' title='bbox 1900 2915 2020 2958; x_wconf 79' lang='lat' dir='ltr'><strong>facto</strong></span> 
     </span>
     <span class='ocr_line' id='line_1_94' title="bbox 1139 2981 2020 3037; baseline 0.003 -15"><span class='ocrx_word' id='word_1_480' title='bbox 1139 2993 1238 3022; x_wconf 87' lang='lat' dir='ltr'><strong>cum</strong></span> <span class='ocrx_word' id='word_1_481' title='bbox 1254 2982 1420 3035; x_wconf 82' lang='lat' dir='ltr'><strong>signum</strong></span> <span class='ocrx_word' id='word_1_482' title='bbox 1435 2981 1687 3036; x_wconf 82' lang='lat' dir='ltr'><strong>imperatori</strong></span> <span class='ocrx_word' id='word_1_483' title='bbox 1711 2982 1918 3037; x_wconf 88' lang='lat' dir='ltr'><strong>dedisset,</strong></span> <span class='ocrx_word' id='word_1_484' title='bbox 1942 2994 2020 3025; x_wconf 88' lang='lat' dir='ltr'><strong>nu-</strong></span> 
     </span>
     <span class='ocr_line' id='line_1_95' title="bbox 1138 3045 2017 3101; baseline 0 -14"><span class='ocrx_word' id='word_1_485' title='bbox 1138 3045 1285 3087; x_wconf 84' lang='lat' dir='ltr'><strong>datam</strong></span> <span class='ocrx_word' id='word_1_486' title='bbox 1297 3046 1553 3088; x_wconf 78' lang='lat' dir='ltr'><strong>stationibus</strong></span> <span class='ocrx_word' id='word_1_487' title='bbox 1573 3046 1864 3101; x_wconf 81' lang='lat' dir='ltr'><strong>custodiisque</strong></span> <span class='ocrx_word' id='word_1_488' title='bbox 1878 3048 2017 3089; x_wconf 83' lang='lat' dir='ltr'><strong>solitis</strong></span> 
     </span>
     <span class='ocr_line' id='line_1_96' title="bbox 1138 3108 2018 3150; baseline -0.001 0"><span class='ocrx_word' id='word_1_489' title='bbox 1138 3108 1322 3150; x_wconf 85' lang='lat' dir='ltr'><strong>bostium</strong></span> <span class='ocrx_word' id='word_1_490' title='bbox 1356 3120 1448 3149; x_wconf 82' lang='lat' dir='ltr'><strong>esse</strong></span> <span class='ocrx_word' id='word_1_491' title='bbox 1480 3108 1670 3150; x_wconf 89' lang='lat' dir='ltr'><strong>Urbem:</strong></span> <span class='ocrx_word' id='word_1_492' title='bbox 1699 3120 1782 3149; x_wconf 89' lang='lat' dir='ltr'><strong>non</strong></span> <span class='ocrx_word' id='word_1_493' title='bbox 1813 3115 2018 3150; x_wconf 70' lang='lat' dir='ltr'><strong>cunctim-</strong></span> 
     </span>
     <span class='ocr_line' id='line_1_97' title="bbox 1139 3171 2017 3224; baseline 0 -11"><span class='ocrx_word' id='word_1_494' title='bbox 1139 3171 1242 3213; x_wconf 88' lang='lat' dir='ltr'><strong>dum</strong></span> <span class='ocrx_word' id='word_1_495' title='bbox 1260 3173 1304 3213; x_wconf 85' lang='lat' dir='ltr'><strong>in</strong></span> <span class='ocrx_word' id='word_1_496' title='bbox 1318 3173 1395 3213; x_wconf 89' lang='lat' dir='ltr'><strong>tali</strong></span> <span class='ocrx_word' id='word_1_497' title='bbox 1413 3172 1638 3212; x_wconf 86' lang='lat' dir='ltr'><strong>occasione</strong></span> <span class='ocrx_word' id='word_1_498' title='bbox 1653 3178 1769 3212; x_wconf 88' lang='lat' dir='ltr'><strong>ratus</strong></span> <span class='ocrx_word' id='word_1_499' title='bbox 1781 3171 2017 3224; x_wconf 83' lang='lat' dir='ltr'><strong>Hannibal,</strong></span> 
     </span>
     <span class='ocr_line' id='line_1_98' title="bbox 1139 3235 2016 3287; baseline 0.001 -10"><span class='ocrx_word' id='word_1_500' title='bbox 1139 3236 1243 3278; x_wconf 88' lang='lat' dir='ltr'><strong>totis</strong></span> <span class='ocrx_word' id='word_1_501' title='bbox 1272 3236 1432 3277; x_wconf 87' lang='lat' dir='ltr'><strong>viribus</strong></span> <span class='ocrx_word' id='word_1_502' title='bbox 1464 3247 1704 3287; x_wconf 76' lang='lat' dir='ltr'><strong>aggressus,</strong></span> <span class='ocrx_word' id='word_1_503' title='bbox 1738 3235 1900 3277; x_wconf 86' lang='lat' dir='ltr'><strong>Urbem</strong></span> <span class='ocrx_word' id='word_1_504' title='bbox 1926 3247 2016 3278; x_wconf 81' lang='lat' dir='ltr'><strong>mo-</strong></span> 
     </span>
     <span class='ocr_line' id='line_1_99' title="bbox 1139 3296 2014 3351; baseline 0.003 -13"><span class='ocrx_word' id='word_1_505' title='bbox 1139 3303 1283 3339; x_wconf 84' lang='lat' dir='ltr'><strong>mento</strong></span> <span class='ocrx_word' id='word_1_506' title='bbox 1312 3298 1457 3351; x_wconf 85' lang='lat' dir='ltr'><strong>cepit:</strong></span> <span class='ocrx_word' id='word_1_507' title='bbox 1488 3298 1610 3349; x_wconf 84' lang='lat' dir='ltr'><strong>signo</strong></span> <span class='ocrx_word' id='word_1_508' title='bbox 1643 3296 1764 3350; x_wconf 89' lang='lat' dir='ltr'><strong>dato,</strong></span> <span class='ocrx_word' id='word_1_509' title='bbox 1791 3303 1842 3340; x_wconf 90' lang='lat' dir='ltr'><strong>ut</strong></span> <span class='ocrx_word' id='word_1_510' title='bbox 1867 3310 2014 3341; x_wconf 81' lang='lat' dir='ltr'><strong>omnes</strong></span> 
     </span>
     <span class='ocr_line' id='line_1_100' title="bbox 1139 3359 2016 3412; baseline 0.003 -13"><span class='ocrx_word' id='word_1_511' title='bbox 1139 3359 1325 3412; x_wconf 85' lang='lat' dir='ltr'><strong>puberes</strong></span> <span class='ocrx_word' id='word_1_512' title='bbox 1339 3359 1700 3402; x_wconf 61' lang='lat' dir='ltr'><strong>internoscantur.</strong></span> <span class='ocrx_word' id='word_1_513' title='bbox 1730 3359 1905 3403; x_wconf 62' lang='lat' dir='ltr'><strong>am.</strong></span> <span class='ocrx_word' id='word_1_514' title='bbox 1921 3401 1928 3407; x_wconf 79' lang='grc'><em>,</em></span> <span class='ocrx_word' id='word_1_515' title='bbox 1944 3362 2016 3402; x_wconf 89' lang='lat' dir='ltr'><strong>In-</strong></span> 
     </span>
     <span class='ocr_line' id='line_1_101' title="bbox 1138 3423 2013 3477; baseline 0.002 -14"><span class='ocrx_word' id='word_1_516' title='bbox 1138 3435 1242 3476; x_wconf 86' lang='lat' dir='ltr'><strong>gens</strong></span> <span class='ocrx_word' id='word_1_517' title='bbox 1260 3425 1374 3464; x_wconf 87' lang='lat' dir='ltr'><strong>intra</strong></span> <span class='ocrx_word' id='word_1_518' title='bbox 1390 3424 1537 3464; x_wconf 79' lang='lat' dir='ltr'><strong>urbem</strong></span> <span class='ocrx_word' id='word_1_519' title='bbox 1556 3434 1636 3476; x_wconf 84' lang='lat' dir='ltr'><strong>per</strong></span> <span class='ocrx_word' id='word_1_520' title='bbox 1647 3424 1845 3477; x_wconf 80' lang='lat' dir='ltr'><strong>obsessos</strong></span> <span class='ocrx_word' id='word_1_521' title='bbox 1861 3423 2013 3475; x_wconf 80' lang='lat' dir='ltr'><strong>fames,</strong></span> 
     </span>
     <span class='ocr_line' id='line_1_102' title="bbox 1137 3486 2012 3539; baseline 0.003 -13"><span class='ocrx_word' id='word_1_522' title='bbox 1137 3486 1261 3539; x_wconf 85' lang='lat' dir='ltr'><strong>adeo,</strong></span> <span class='ocrx_word' id='word_1_523' title='bbox 1273 3495 1319 3527; x_wconf 86' lang='lat' dir='ltr'><strong>ut</strong></span> <span class='ocrx_word' id='word_1_524' title='bbox 1339 3488 1542 3529; x_wconf 84' lang='lat' dir='ltr'><strong>humanas</strong></span> <span class='ocrx_word' id='word_1_525' title='bbox 1556 3498 1707 3532; x_wconf 86' lang='lat' dir='ltr'><strong>carnes</strong></span> <span class='ocrx_word' id='word_1_526' title='bbox 1719 3488 2012 3531; x_wconf 87' lang='lat' dir='ltr'><strong>comederent.</strong></span> 
     </span>
    </p>
   </div>
  </div>
 </body>
</html>
