2306 3900
696 279 888 321 xvnl.

206 401 252 442 in
273 399 503 442 Phocione.
558 399 610 440 In
645 403 732 441 vet.
762 398 915 441 Codic.
959 400 1012 441 In
1040 412 1099 441 se-

203 468 397 505 nectutem
419 467 601 505 steterat.
628 463 852 504 schottus.

260 529 425 570 Primus
440 527 685 580 [amans]
716 525 973 579 Ennianus,
994 526 1097 567 Pel-

205 592 324 634 laens.
350 591 522 632 Arrian.
553 589 654 632 Ind.
675 602 747 631 111.
766 594 833 631 12.
877 591 958 632 Cui
984 590 1098 632 obti-

205 660 332 708 gerat
376 654 584 707 Phrygia,
619 667 715 709 quae
761 654 1098 708 Hellespontum

120 772 126 773 ἶ
206 717 396 770 attingit.
451 717 609 769 Homo,
631 723 680 758 nt
709 717 1099 772 enm-Plutarchus

204 782 410 829 nominat,
447 778 680 835 ἕμπλεκτος,
709 781 774 822 καὶ
798 783 920 835 φορᾶς
951 781 1099 832 μεστὸς

203 844 394 892 ὀβεβαίον
424 845 489 886 καὶ
527 844 665 897 ὀξείας.
739 846 903 886 Fuerat
952 851 1098 887 antem

205 920 317 950 unus
332 922 391 951 ex
421 909 666 951 Alexandri
693 904 886 963 corporis
909 909 1100 951 custodi-

203 971 299 1014 bus.
338 973 568 1015 Lambinus.

258 1036 538 1078 Mecedonium
568 1049 839 1090 proeoccupure
882 1037 1099 1079 destinave-

203 1098 290 1151 mt]
315 1100 430 1140 Vide
448 1100 506 1141 sis
525 1101 825 1143 Plutarchum.

261 1163 372 1204 CAP.
399 1166 441 1205 8.
489 1164 660 1205 Interim
690 1165 863 1218 conflatu
903 1168 998 1205 sunt
1027 1165 1101 1206 illa

203 1225 322 1278 bella]
349 1226 432 1267 His
451 1239 548 1280 quae
569 1233 725 1280 postea
756 1233 1006 1279 narrantur,
1035 1228 1099 1269 iu-

205 1301 312 1343 gens
334 1290 475 1330 lumen
493 1291 736 1332 accendunt
754 1291 828 1333 lib.
840 1302 979 1335 xvm.
996 1302 1100 1335 xxx.

202 1358 252 1394 et
287 1364 368 1395 xx.
402 1366 508 1407 quos
546 1355 764 1396 Diodorus
790 1355 962 1396 Siculus
997 1367 1099 1396 con-

204 1417 379 1470 scripsit
398 1419 453 1458 de
473 1418 598 1458 rebus
615 1422 712 1470 post
728 1417 970 1458 Alexandri
987 1429 1100 1460 mor-

203 1486 294 1522 tem
311 1481 462 1535 gestis,
477 1481 549 1522 ubi
568 1482 685 1522 inter
703 1481 786 1522 alia
804 1481 916 1522 hanc
929 1486 1100 1534 postre-

204 1555 316 1585 mam
334 1543 574 1586 Alexandri
605 1557 755 1586 vocem
787 1549 1099 1591 commemorat

204 1608 271 1649 his
291 1608 459 1650 verbis:
483 1606 579 1649 Ὀτι
600 1606 729 1660 μέγαν
746 1608 880 1659 ἀγῶνα
897 1608 1002 1660 αὐτῷ
1019 1608 1100 1649 ἐπι-

202 1669 342 1724 τάφιον
358 1671 622 1722 συστήσονται
633 1671 775 1714 πάντες
785 1673 824 1713 οἱ
839 1672 1099 1727 πρωτεύοντες

203 1736 280 1776 τᾶν
313 1735 453 1788 φίλων.
509 1736 637 1777 Adde
667 1736 915 1788 Attianum,
934 1738 1100 1792 Dexip-

205 1811 326 1851 pnm,
353 1799 575 1852 Photium,
599 1799 795 1841 Curtium
819 1811 866 1841 x.
886 1804 929 1842 9.
960 1801 1098 1844 Justi-

205 1873 324 1914 num,
344 1868 392 1903 et
413 1863 531 1904 alios.

262 1929 481 1980 Omnesque
512 1928 810 1981 concurrerunt]
852 1930 913 1971 Et
948 1929 1098 1983 impri-

204 1992 285 2033 mis
322 1991 527 2033 Craterus
551 1997 603 2033 et·
634 1991 888 2045 Antipater,
921 1994 1098 2035 Graecia

204 2057 400 2107 subacta,
419 2057 622 2110 belloque
643 2058 845 2098 Lamiaco
864 2057 1095 2100 confecto:

205 2127 252 2164 et
272 2127 425 2175 postea
443 2121 706 2174 Antigonus.
746 2121 976 2163 Lambinus.

261 2184 318 2224 Ei
352 2185 465 2237 parti
495 2184 621 2235 Λεία,
654 2196 741 2236 quoe
773 2184 881 2225 inter
920 2185 1096 2226 Taurum

204 2252 373 2290 montem
379 2248 506 2298 jacet,
520 2253 637 2300 atque
654 2247 973 2300 Hellespontum]
992 2248 1095 2289 Bel-

204 2313 246 2352 lo
282 2317 436 2353 contra
471 2312 776 2353 Ptolemaeum.
850 2310 1095 2353 Praefectus

205 2379 310 2415 tunc
344 2380 441 2414 erat
477 2375 690 2415 Eumenes
731 2375 914 2416 istarum
949 2376 1095 2428 copia-

205 2449 314 2489 rum,
329 2450 424 2492 qnae
445 2438 487 2478 in
504 2438 711 2480 Armenia
725 2445 850 2480 erant
865 2445 912 2481 et
926 2441 1096 2494 Cappa·

200 2500 346 2546 uncia.
405 2502 666 2543 Plutarchus
698 2508 874 2556 aperte:
916 2504 966 2545 ‘0
998 2511 1095 2559 Περ·

206 2564 337 2606 amnas
360 2565 475 2606 aoros
494 2565 557 2605 ἐπὶ
586 2569 832 2617 Πτολεμαῖον
863 2569 1096 2622 στρατεύων,

205 2627 378 2679 ἆπέδειξε
394 2627 464 2669 τὸν
482 2627 632 2678 Εὐμένη
660 2632 741 2671 τῶν
768 2631 810 2671 ἐν
833 2631 1012 2686 Ἀρμενίᾳ
1029 2633 1097 2674 καὶ

206 2692 461 2745 Καππαδοκίᾳ
476 2693 668 2743 δυνάμεων
685 2694 945 2750 αὐτοκράτορα
957 2712 1097 2750 erpav-

206 2754 317 2806 ηγόν.
365 2755 573 2797 Armenia
594 2763 738 2798 autem
755 2764 800 2799 et
821 2759 1098 2812 Cappadocia

205 2821 348 2861 Tauro
365 2820 501 2860 monti
525 2820 783 2873 junguntur.
829 2821 1003 2863 Curtius
1021 2824 1094 2865 lib.

206 2895 292 2925 vu.
312 2887 352 2926 8.
384 2886 397 2907 ‘
417 2884 585 2924 Taurus
612 2885 813 2926 secundae
833 2887 1097 2940 magnitudi-

206 2947 272 2987 nis
306 2958 426 2988 mons
465 2948 755 2989 committitur
792 2949 1015 3002 Caucaso3
1071 2964 1097 2992 a

207 3011 489 3064 Cappadocia
543 3023 591 3052 se
646 3013 850 3054 attollens
897 3013 1095 3055 Ciliciam

206 3076 420 3127 praeterit,
440 3075 744 3131 Armeniaeque
765 3077 980 3119 montibus
994 3078 1095 3132 jun·

206 3137 350 3190 gitur?
392 3139 546 3180 Kench.

261 3201 467 3252 Europaeis
501 3202 757 3255 adversariis]
827 3204 1011 3245 Cratero
1048 3209 1095 3246 et

205 3263 458 3317 Antipatro,
497 3270 541 3304 et
582 3265 759 3306 Pithoni
791 3273 844 3314 ¹et
879 3266 1095 3320 Arridaeo,

206 3326 442 3368 Alexandri
472 3340 526 3368 ex
565 3327 647 3368 alia
680 3335 819 3369 matre
838 3328 992 3380 fratri;
1021 3332 1095 3383 qui

206 3396 359 3443 postea
376 3391 604 3445 Philippus
623 3392 765 3433 dictus
784 3397 867 3433 est.
909 3393 1094 3435 Lumbin.

262 3455 463 3498 Summam
483 3457 659 3511 imperii]
685 3458 756 3500 Sic
776 3458 886 3500 Mas.
906 3463 953 3500 et
970 3459 1093 3501 Vett.

954 280 1292 332 EUMENEM,
1331 282 1470 321 cAP.
1509 269 1562 321 4.

1942 269 2049 322 611

1158 399 1345 443 Accius:
1389 402 1404 425 ‘
1427 403 1573 444 Natus
1623 402 1788 444 virtute
1829 405 2053 454 sceptrum

1159 464 1374 516 potiretur
1393 466 1559 518 patris!
1597 467 1760 510 Justin.
1780 479 1815 509 1.
1846 468 1859 490 ‘
1880 467 1986 508 duos
2006 474 2054 509 et

1160 527 1450 580 quadraginta
1469 541 1602 570 annos
1623 536 1723 583 post
1738 530 1900 572 Ninum
1917 543 2052 585 reguo

1159 591 1305 644 potita
1340 593 1435 633 est!
1481 594 1576 634 Lib.
1617 606 1701 636 x11.
1743 595 1757 617 ‘
1777 595 1864 638 Qui
1903 601 2054 650 postea

1160 666 1339 707 regnum
1358 654 1566 696 Indorum
1595 657 1759 708 potitus
1791 658 1889 700 est!
1937 658 2053 700 Vide

1160 718 1278 759 Non.
1298 722 1347 759 et
1367 718 1576 760 Priscian.
1595 719 1669 762 lib.
1690 732 1831 763 xvnt.
1867 723 2034 765 Savum.

1211 781 1415 823 Adversus
1430 795 1525 835 quos
1542 784 1793 836 ducerentur]
1821 786 2053 828 Duceban-

1160 847 1235 884 tur
1279 845 1449 886 scilicet
1491 845 1698 886 adversus
1747 848 1974 890 Craterum
2007 855 2055 891 et

1160 908 1515 960 Neoptolemum.
1542 909 1630 951 Sed
1649 911 1866 953 Eumenes
1884 918 1935 954 ut
1954 926 2053 955 suos

1086 994 1090 996 -
1160 971 1320 1013 milites
1348 974 1514 1014 celaret
1539 973 1595 1015 de
1630 975 1939 1029 Neoptolemo,
1967 990 2054 1019 non

1159 1034 1414 1078 laborabat:
1455 1037 1539 1079 hoc
1575 1039 1799 1092 studebat,
1833 1047 1885 1082 ut
1915 1043 2054 1083 nesci-

1161 1104 1262 1140 rent
1308 1112 1356 1141 se
1401 1101 1607 1143 adversus
1662 1103 1892 1145 Craterum
1937 1106 2054 1147 duci.

1161 1164 1364 1206 Lambini..

1217 1229 1350 1274 Quam
1377 1231 1523 1272 milites
1537 1232 1602 1272 sui
1617 1232 1784 1284 scirent]
1828 1233 1954 1274 Miris
1972 1234 2054 1276 hoc

1161 1292 1367 1334 Eumenis
1411 1294 1639 1335 consilium
1677 1295 1878 1337 laudibus
1924 1296 2056 1338 effert

1161 1355 1438 1398 Plutarchus.
1492 1358 1606 1400 .Sed
1662 1358 1778 1402 idem
1824 1367 1928 1402 ante
1972 1362 2054 1403 hoc

1161 1419 1362 1471 praelium
1394 1421 1514 1462 aliud
1544 1429 1866 1477 commemorat,
1895 1424 1939 1464 iu
1969 1438 2056 1478 quo

1161 1481 1479 1534 Neoptolemus
1495 1483 1634 1525 victus
1653 1497 1749 1526 cnm
1770 1487 1919 1538 paucis
1935 1488 2057 1540 equi-

1160 1544 1278 1586 tibus
1296 1544 1476 1599 fugerit.
1522 1548 1640 1601 Lege
1661 1549 1792 1590 etiam
1810 1549 2056 1592 Diodorum

1158 1608 1237 1650 lib.
1255 1621 1395 1652 xvm.
1415 1610 1444 1654 J
1449 1612 1576 1655 nstin.
1593 1624 1705 1654 xm.

1214 1675 1425 1728 Deterior]
1454 1677 1618 1729 Ultraj.
1646 1678 1862 1720 deteriore.-
1891 1679 1968 1719 sed
1990 1691 2056 1719 re-

1161 1737 1281 1779 tineo
1297 1740 1481 1792 deterior,
1499 1740 1546 1780 id
1565 1746 1648 1794 est,
1665 1741 1855 1784 inferior.
1901 1742 2055 1784 Schott.

1215 1802 1328 1844 CAP-
1347 1808 1390 1846 4.
1420 1803 1503 1852 Qui
1518 1807 1726 1847 secundum
1751 1807 1876 1846 locum
1899 1806 2057 1859 imperii

1159 1866 1336 1920 tenebat]
1369 1867 1482 1908 Nam
1501 1868 1676 1910 sinistro
1696 1881 1831 1910 cornu
1851 1876 2054 1922 praeerat.

1162 1930 1371 1971 Craterus
1397 1937 1544 1972 autem
1570 1933 1742 1984 dextro,
1761 1946 2054 1987 summamque

1161 1994 1383 2035 exercitus
1422 1994 1760 2036 administrabat.
1835 1997 2056 2037 Diodorus

1162 2055 1218 2096 de
1246 2062 1433 2110 utroque
1479 2058 1674 2111 loquens,
1717 2059 1781 2099 ait
1817 2059 2056 2112 Neoptole-

1159 2131 1274 2160 mum
1313 2120 1485 2161 Crateri
1522 2120 1668 2172 jussu,
1705 2121 1880 2161 sinistro
1915 2134 2055 2162 cornu

1159 2181 1411 2235 praefuisse:
1451 2181 1611 2224 Πάντων
1643 2181 1687 2224 δὲ
1716 2182 1917 2236 προθύμων
1945 2199 2055 2235 ’γενο-

1158 2243 1295 2299 μένων,
1312 2244 1423 2297 ἔταξε
1453 2246 1526 2295 τὴν
1553 2246 1725 2300 δύναμιν,
1745 2249 1819 2297 τοῦ
1842 2247 1915 2298 μὲν
1933 2250 2056 2300 δεξιοῦ

1158 2309 1317 2364 κέρατος
1335 2311 1450 2353 αὐτὸς
1466 2311 1694 2365 ἣγούμενος,
1717 2313 1788 2354 τοῦ
1804 2312 1847 2353 δὲ
1863 2313 2057 2364 εὐωνύμου

1157 2374 1231 2423 τὴν
1255 2374 1675 2431 ἡγεμονίανζπαραδοὺς
1691 2378 1747 2429 τῷ
1776 2379 2055 2430 Νεοπτολέμῳ,

1157 2438 1232 2480 lib.
1259 2451 1400 2482 xvut.
1447 2440 1667 2482 Caeterum
1701 2441 1745 2482 in
1780 2442 1943 2485 Justin.
1976 2443 2053 2484 lib.

1159 2513 1263 2543 xm.
1279 2505 1319 2543 8.
1343 2504 1532 2544 Crateros
1547 2504 1839 2557 scribendum,
1851 2506 1925 2546 ubi
1939 2518 2054 2547 com-

1159 2566 1278 2606 muni
1314 2567 1471 2607 mendo
1508 2567 1778 2620 Polyperchon
1790 2581 1807 2615 ,·
1857 2573 1906 2608 ut
1943 2568 2053 2609 bene

1159 2629 1397 2670 doctissimi
1417 2629 1572 2671 Critici
1590 2631 1889 2671 observarunt.

1216 2693 1298 2739 Qui
1333 2706 1452 2747 quum
1485 2695 1593 2735 inter
1625 2707 1667 2734 se
1697 2694 1909 2747 complexi]
1953 2695 2053 2736 Hoc

1161 2758 1379 2799 Diodorus
1398 2759 1533 2800 verbo
1553 2759 1709 2800 Graeco
1739 2771 1864 2812 aeque
1891 2758 2053 2810 signifi-

1159 2821 1277 2862 canti
1293 2822 1521 2874 expressit,
1530 2814 1832 2870 συνεπλάκησαν
1845 2821 2054 2870 ἀλλήλοις.

1158 2885 1388 2926 Lambinus.
1418 2885 1448 2926 J
1453 2886 1578 2927 nstin.
1594 2897 1702 2927 xm.
1719 2889 1761 2926 8.
1780 2886 1792 2908 ‘
1810 2885 2049 2938 Neoptole-

1158 2961 1252 2990 mus
1271 2961 1439 3003 quoque
1456 2961 1553 3000 cum
1571 2949 1763 2989 Eumene
1778 2961 2051 3001 congressus,

1158 3013 1233 3053 diu
1264 3013 1422 3054 mutuis
1459 3013 1705 3054 vulneribus
1738 3013 1932 3065 acceptis
1966 3015 2053 3053 col-

1157 3077 1348 3118 luctatus
1363 3082 1456 3128 est;
1476 3077 1519 3117 iu
1538 3089 1702 3117 summa
1721 3076 1860 3117 victus
1881 3088 2051 3116 occum-

1158 3140 1251 3181 bit:
1319 3141 1448 3182 Hauc
1481 3140 1822 3181 monomachiam
1869 3138 2049 3190 pulchre

1158 3203 1356 3256 depingit
1378 3203 1636 3244 Plutarchus
1656 3202 1699 3241 in
1721 3201 1808 3240 vita
1833 3201 2050 3243 Eumenis.

1156 3269 1322 3318 Lougoi.
1362 3268 1529 3319 Estque
1544 3266 1637 3305 haec
1659 3265 1789 3306 tertia
1808 3265 2050 3318 conversio,

1157 3338 1207 3373 ut
1227 3332 1387 3372 ibidem
1408 3332 1627 3372 observat.

1211 3396 1382 3436 Inimica
1418 3399 1545 3436 mente
1578 3395 1836 3449 contendisse]
1913 3396 2047 3437 Diod.

1158 3459 1232 3502 lib.
1269 3470 1405 3503 xvul.
1441 3458 1753 3511 Συμπλεκόμενοι
1783 3462 1865 3502 τοῖς
1896 3459 2050 3510 σώμασι
