2326 3944
323 254 431 309 468

319 385 389 428 τός
417 400 527 427 τινας
557 384 707 438 ἔκρυψε.
760 384 982 426 Diodorus
1011 385 1206 427 Siculus:

320 449 387 489 καὶ
417 448 510 490 τοὺς
535 447 607 498 μὲν
639 447 839 500 Ἐφόρῠυς,
874 446 939 488 καὶ
966 449 1046 490 τῶν
1075 447 1210 490 ἄλλων

321 514 577 566 Σπαρτιατῶν
587 526 697 553 τινας
715 509 866 564 ἔκρυψε.
892 511 1021 562 Idem.

377 576 479 627 Dei]
508 574 741 627 Neptuni„

378 639 487 684 Quid
502 639 556 678 sit
574 643 657 679 tam
673 638 868 690 repentini
890 637 1061 690 consilii]
1101 637 1207 679 Cod.

319 702 434 743 Dan.
449 706 530 742 tam
547 701 748 753 repentino
766 701 940 741 consilio.

379 765 506 805 Tanto
523 764 651 815 magis
681 762 922 814 Pausanias]
958 761 1209 814 Schioppius

320 840 418 870 cum
434 828 627 877 Schotto,
644 825 720 878 qui
733 837 839 865 unas
859 824 1118 876 easdemque
1135 835 1206 863 ex·

236 903 240 907 ·
321 891 505 932 cussisse
540 888 811 931 membranas
844 887 1067 937 videntur,
1110 898 1208 939 pros

319 955 429 996 dunt
445 955 551 1007 legi,
571 956 682 994 tanto
700 952 837 999 modo,·
865 949 1097 990 Lambinus
1126 961 1210 989 ma-

318 1020 415 1061 vult
444 1020 567 1059 multo
599 1016 744 1068 magis,
775 1014 908 1067 idque
939 1013 1146 1066 quosdam
1165 1013 1209 1053 in

318 1081 538 1123 veteribus
583 1078 704 1120 libris
751 1076 960 1129 reperisse
1006 1080 1208 1117 testatur.

320 1143 448 1196 Casp.
469 1142 673 1184 Bai-thius
688 1140 767 1181 lib.
788 1150 920 1180 xxiv.
941 1143 1007 1180 18.
1026 1137 1208 1180 Advers.

317 1204 520 1258 praefert,
557 1207 668 1246 modo
696 1203 824 1255 magis
853 1203 1077 1243 Pausanias
1119 1214 1208 1254 per-

317 1269 528 1317 turbatum
573 1269 655 1309 hoc
702 1271 787 1319 est,
834 1278 967 1318 supra
1020 1265 1208 1306 modum.

323 1331 527 1373 Gebhard.

362 1395 429 1434 Ne
458 1391 703 1443 enunciaret]
750 1391 889 1431 Recte
921 1388 1206 1441 Schioppius:

318 1468 374 1497 ne
408 1467 564 1497 arcana
590 1455 816 1507 detegeret
838 1458 884 1493 et
908 1453 1091 1504 Ephoris
1110 1464 1208 1504 pro·

318 1519 461 1560 deret.
491 1517 699 1571 Apuleius
714 1516 824 1557 Met.
844 1515 920 1556 lib.
938 1526 988 1556 x.
1014 1515 1028 1539 ‘
1049 1516 1206 1568 Neque

318 1582 374 1623 ad
396 1594 486 1633 vos,
512 1592 608 1634 quae
629 1579 839 1632 ignoravi,
868 1590 1041 1630 possum
1073 1589 1206 1618 enun-

319 1645 463 1686 ciare!
518 1644 673 1684 Cicero
693 1645 846 1682 contra
861 1641 1060 1681 Rullum:
1089 1642 1102 1663 ‘
1118 1641 1205 1682 Qui

318 1711 531 1751 sociorum
566 1707 745 1750 consilia
783 1706 1035 1747 adversariis
1072 1718 1204 1747 enun-

321 1771 487 1813 cievit!

374 1837 461 1876 Nec
476 1847 519 1876 se
536 1834 736 1886 meritum]
766 1832 867 1874 Non
884 1831 1052 1873 abludit
1069 1831 1204 1873 oratio

317 1899 477 1952 Dymni
509 1898 564 1938 ad
598 1897 908 1938 Nicomachum
937 1895 1053 1947 apud
1082 1896 1202 1936 Curt.

315 1973 381 2003 Ἦ.
402 1966 444 2002 7.
471 1962 484 1984 ‘
501 1961 546 2002 Si
565 1961 607 2000 id
629 1960 839 2000 sustinere
859 1970 945 1998 non
963 1963 1124 2010 posset,
1141 1964 1204 1998 at-

317 2030 464 2065 tamen
498 2036 553 2063 ne
587 2022 794 2075 proderet
826 2033 899 2073 se5
943 2020 1068 2072 cujus
1101 2032 1206 2073 erga

314 2086 460 2140 ipsum
488 2085 980 2136 benevolentia·praeter
1009 2084 1094 2124 alia
1121 2084 1204 2125 hoc

316 2163 490 2205 quoque
520 2150 700 2190 haberet
727 2148 1004 2189 fortissimum
1032 2149 1203 2201 pignus,

315 2214 433 2267 quod
467 2218 602 2266 capnt
638 2224 760 2252 sunm
798 2211 1064 2264 permisisset
1100 2212 1203 2253 fidei

316 2275 454 2316 adhuc
471 2273 774 2327 inexpertum?
807 2274 1008 2315 Gebhard.

371 2337 632 2391 Implicitam]
676 2337 797 2378 Libri
826 2342 996 2378 veteres
1027 2338 1203 2391 implica-

314 2404 415 2441 tum.
474 2400 641 2440 Dione:
687 2401 700 2422 ‘
723 2400 916 2452 Utraque
956 2399 1202 2453 implicatus

315 2465 544 2517 tyrannide
591 2463 922 2516 Dionysiorum-⁹
993 2464 1203 2517 Apuleius

316 2528 429 2569 Met.
460 2528 531 2568 lib.
567 2538 614 2568 x.
661 2528 674 2550 ‘
696 2526 844 2567 Morbi
889 2527 1202 2569 inextricabilis

315 2596 495 2631 veterno
523 2592 798 2631 vehementer
813 2591 1091 2642 implicatus!
1143 2594 1203 2633 Et

314 2653 378 2694 ita
393 2653 592 2702 videntur
607 2659 775 2694 veteres
793 2665 886 2694 esse
900 2655 1049 2695 locuti.
1079 2656 1202 2698 Idem

308 2716 392 2758 lib.
410 2729 482 2758 111.
513 2722 525 2742 ‘
544 2718 631 2758 Sed
650 2724 697 2758 ut
714 2730 768 2758 ex
785 2718 925 2759 animo
945 2718 1023 2760 tibi
1042 2721 1203 2771 volens,

314 2792 442 2821 omne
460 2781 684 2831 delictum,
716 2793 800 2834 quo
828 2793 897 2822 me
919 2782 1050 2823 tantis
1071 2795 1201 2836 ango-

307 2842 430 2883 vribus
450 2844 692 2895 implicasti,
711 2845 926 2885 remittam
939 2845 967 2885 ?'
1001 2845 1200 2888 Gebhard.

367 2905 520 2955 Magno
534 2907 570 2946 ei
582 2908 744 2958 proemio
752 2906 957 2960 futurum]
978 2907 1080 2959 Alii,
1090 2922 1201 2961 mag-

304 2978 365 3009 ato
381 2980 462 3008 esse
476 2969 512 3009 ei
526 2969 689 3020 praemio
697 2969 898 3018 saturum.
938 2971 1064 3011 Unde
1082 2973 1202 3012 Lam-

300 3030 454 3084 Diuus,
470 3044 613 3082 magno
629 3032 672 3071 id
691 3032 728 3071 ei
744 3032 905 3085 praemio
914 3031 1122 3080 futurum.-
1155 3035 1200 3074 id

311 3099 395 3147 est,
412 3095 575 3146 magnis
594 3108 691 3135 cum
712 3095 958 3135 muneribus
976 3101 1199 3137 oneratum

309 3157 378 3197 iri.
421 3158 544 3198 Idem.
600 3158 783 3198 Diodor.
826 3156 886 3197 ἔτι
921 3156 963 3198 δὲ
998 3157 1199 3206 δεηθέντος

312 3219 415 3260 ὅπως
460 3219 679 3275 συγκρύψῃ,
724 3219 790 3262 καὶ
837 3219 977 3273 δωρεὰς
1018 3219 1199 3272 μεγάλας

314 3285 633 3335 ὑπισχνουμένου.

368 3348 478 3388 CAP.
498 3351 534 3387 5.
579 3348 628 3388 Ιιι
661 3347 756 3388 urbe
791 3360 880 3388 eum
909 3347 1197 3400 comprehendi]

309 3409 381 3451 Ἐν
411 3412 464 3463 τῇ
505 3408 622 3451 πόλει
655 3411 731 3460 τὴν
758 3410 950 3464 ξύλληψιν
984 3411 1197 3454 ἐποιοῦντο.

312 3473 503 3525 Thucyd.
555 3476 558 3479 “

683 268 864 309 NOTAE
908 267 1242 307 VARIORUM
1284 268 1349 307 IN
1395 269 1449 309 C.
1490 268 1757 308 NEPo'rls

1325 387 1365 426 Ε
1382 387 1494 427 vultu
1510 385 1710 436 enjusdam
1726 383 1899 436 Ephori]
1939 383 2109 435 Λέγεται
2124 383 2158 425 δ’

1270 447 1389 490 αὐτὸν
1418 448 1620 499 μέλλοντα
1657 444 2003 499 ξυλληφθήσεσθαι
2034 446 2078 488 ἐν
2104 447 2160 501 τῇ

1270 513 1360 563 ὁδῷ,
1389 511 1473 553 ἑνὸς
1497 510 1571 562 μὲν
1593 514 1673 551 τῶν
1702 508 1848 565 ἐφόρων
1873 510 1922 550 τὸ
1952 508 2159 563 πρόσωπον

1268 574 1510 627 προσίοντος,
1529 576 1579 616 ὡς
1597 573 1688 624 εἶδε,
1707 577 1852 626 ’γνῶναι
1870 575 1929 626 ἐφ’
1957 571 1988 625 ᾧ
2006 573 2159 626 ἐχώρει.

1271 637 1399 678 ἄλλον
1416 636 1459 677 δὲ
1477 636 1635 689 νεύματι
1653 638 1798 690 ἀφανεῖ
1809 635 2074 691 χρησαμένου,
2092 635 2159 676 καὶ

1270 699 1520 749 δηλώσαντος
1563 701 1703 755 εὐνοίᾳ,
1741 700 1835 755 πρὸς
1865 701 1914 741 τὸ
1951 699 2052 754 ἱερὸν
2084 701 2159 749 τῆς

1270 764 1506 805 Χαλκιοίκου
1523 767 1699 817 χωρῆσαι
1717 763 1855 817 δρόμῳ.
1882 763 2021 805 Idem.

1326 829 1430 867 Eam
1447 830 1650 868 admonere
1663 827 1861 880 cupiebat]
1899 828 2066 867 Vetera
2083 837 2157 866 ex-

1271 901 1386 940 cusa,
1403 902 1488 929 eum
1503 891 1728 939 ammoneri,
1745 891 1813 929 vel
1831 889 2044 929 admoneri.
2072 888 2156 934 Sed

1270 953 1482 991 ammoneri
1511 962 1595 991 non
1616 951 1867 991 inconcinne
1887 955 2066 1002 propter
2084 962 2158 990 eu-

1271 1014 1486 1064 phoniam,
1516 1025 1595 1065 pro
1625 1013 1853 1053 admoneri.-
1881 1017 1930 1052 ut
1961 1024 2044 1052 rem
2076 1024 2157 1053 am·

1271 1075 1510 1126 ministrare,
1525 1088 1601 1128 pro
1614 1076 1928 1127 administrare,
1938 1076 2158 1128 Excerpta

1273 1138 1466 1178 Danielis
1486 1139 1529 1179 in
1547 1139 1734 1180 Conone.
1765 1139 1962 1179 Kenchen.

1325 1200 1374 1239 ln
1400 1202 1522 1241 aedem
1554 1201 1764 1252 Miner-vce,
1793 1213 1881 1253 quoe
1918 1201 2158 1242 Chalcioem

1269 1265 1449 1316 vocatur]
1477 1265 1625 1305 Codex
1642 1265 1861 1313 Danielis,
1897 1263 2156 1306 Chalcidicos.

1270 1326 1322 1366 In
1342 1327 1521 1366 nummis
1540 1327 1739 1380 antiquis,
1756 1338 1861 1380 quos
1887 1326 2061 1367 Goltzio
2081 1326 2155 1366 de-

1270 1389 1436 1442 bemus,
1456 1390 1702 1442 appellatur
1713 1390 1786 1429 illa
1799 1389 2016 1440 Minerva,
2034 1393 2157 1429 XAA-

1270 1456 1384 1494 ΚΑΣ.
1432 1454 1597 1508 Estque
1611 1453 1753 1500 Ἀθηνῆ
1770 1451 2020 1504 Χαλκίοικος,
2038 1452 2155 1506 quod

1267 1515 1352 1554 alia
1381 1515 1639 1555 numismata
1661 1520 1776 1555 ΑΘΗ.
1808 1518 1960 1555 ΧΑΛΚ.
1992 1525 2154 1566 reprae-

1268 1582 1453 1618 sentent.
1506 1578 1673 1629 Suidas,
1692 1576 1943 1629 Χαλκίοικος,
1968 1575 1996 1625 ἦ
2011 1575 2157 1627 Ἀθηνᾶ

1269 1639 1311 1678 ἐν
1327 1637 1502 1693 Σπάρτῃ,
1528 1639 1555 1687 ἢ
1573 1638 1635 1680 ὅτι
1652 1641 1830 1692 χαλκοῦν
1847 1638 1952 1679 οἶκον
1971 1637 2094 1691 εἶχεν,
2127 1638 2156 1688 ἣ

1267 1703 1329 1743 διὰ
1345 1703 1437 1744 τοὺς
1455 1705 1663 1745 Χαλκιδεῖς
1687 1702 1780 1745 τοὺς
1799 1704 1841 1743 ἐν
1858 1701 2005 1755 Εὐβοίᾳ
2026 1700 2155 1754 φυγά-

1266 1772 1334 1811 δας
1363 1769 1482 1811 αὐτὸν
1504 1770 1650 1812 κτίσαι.
1722 1771 1884 1811 Eadem
1915 1769 2152 1810 Chalciotis

1266 1837 1497 1889 appellata,
1511 1840 1559 1875 ut
1572 1840 1698 1876 notat
1710 1832 1949 1875 Beroaldus
1968 1832 2023 1872 ad
2036 1830 2156 1885 Apu-

1265 1899 1338 1938 leii
1357 1898 1627 1938 Milesiorum
1641 1897 1717 1938 lib.
1737 1908 1783 1937 x.
1810 1895 2008 1936 Kenchen.

1324 1960 1543 2012 Confugit}
1580 1960 1759 2001 Suidas:
1819 1955 2069 2010 Καταφεύγει
2115 1958 2155 2003 ἐς

1264 2022 1426 2074 τέμενος
1440 2024 1618 2071 Ἀθηνᾶς.
1648 2022 1891 2064 Diodorus:
1923 2021 1977 2063 εἷς
1993 2021 2042 2062 τὸ
2052 2019 2154 2074 ἱερὸν

1264 2085 1313 2125 τὸ
1325 2089 1398 2134 τῆς
1413 2087 1579 2134 Ἀθηνᾶς
1592 2087 1664 2132 τῆς
1677 2083 1927 2125 Χαλκιοίκου.
1981 2084 2152 2135 Polyae⁴

1265 2161 1346 2188 nus
1364 2148 1441 2188 lib.
1464 2160 1566 2189 v111.
1593 2146 1706 2196 ἡνίκα
1735 2146 1958 2188 Παυσανίας
1980 2146 2154 2198 μηδίζων

1265 2209 1385 2251 ἁλοὺς
1410 2208 1633 2261 κατέφυγεν
1651 2211 1690 2251 ἐς
1707 2209 1756 2250 τὸ
1783 2209 1883 2263 ἱερὸν
1899 2212 1972 2259 τῆς
1988 2210 2154 2258 Ἀθηνᾶς

1263 2276 1335 2322 τῆς
1349 2273 1597 2314 Χαλκιοίκου.
1656 2275 1903 2326 Lycurgus:
1933 2272 2064 2321 ἐπειδὴ
2083 2271 2152 2324 ἔφ-

1265 2339 1362 2376 θασε
1389 2338 1627 2389 καταφυγὼν
1659 2335 1713 2378 εἷς
1742 2335 1790 2375 τὸ
1817 2337 1890 2384 τῆς
1914 2335 2154 2376 Χαλκιοίκου

1265 2397 1378 2451 ἱερόν.
1434 2400 1652 2440 AElianus:
1697 2398 1779 2438 ἐπεὶ
1810 2398 1854 2438 δὲ
1890 2397 1939 2446 ἦν
1969 2398 2064 2452 πρὸς
2098 2400 2156 2453 τῇ

1264 2461 1498 2512 Χαλκιοίκῳ.
1553 2461 1667 2501 Vide
1701 2461 1940 2514 sequentia,
1970 2467 2015 2501 et
2045 2461 2151 2501 Plu·

1266 2526 1463 2587 tarchqm
1493 2522 1580 2576 περὶ
1607 2530 1782 2575 παραλλ.
1817 2524 1998 2565 Lambin.
2053 2524 2151 2564 Me-

1264 2590 1388 2630 minit
1406 2601 1575 2642 quoque
1596 2588 1786 2640 ejusdem
1817 2587 2022 2629 Minervii
2043 2593 2151 2628 tem·

1265 2652 1325 2703 pli
1360 2651 1432 2692 lib.
1470 2663 1521 2693 11.
1567 2651 1611 2691 in
1649 2649 1920 2707 Aristomene
1957 2651 2078 2692 Com.
2105 2654 2148 2697 2.

1263 2714 1403 2768 Κρύφα
1429 2713 1472 2754 δὲ
1507 2713 1561 2755 εἰς
1590 2713 1666 2762 τὴν
1692 2711 1876 2765 Σπάρτην
1907 2713 2148 2766 προσελθὸν,

1263 2778 1327 2819 καὶ
1356 2778 1430 2819 τὰς
1453 2777 1619 2818 ἀσπίδας
1651 2777 1777 2817 αὐτῶν
1805 2776 2064 2830 προσηλώσας
2091 2779 2150 2828 τᾷ

1262 2840 1414 2893 τεμένει
1431 2843 1503 2890 τῆς
1517 2840 1767 2882 Χαλκιοίκου.
1791 2841 1989 2882 Gebhard.
2017 2841 2146 2882 Unde

1263 2912 1388 2958 patet
1404 2907 1612 2958 templum
1632 2905 1736 2945 illud
1765 2903 1964 2944 facinoris
1982 2904 2145 2955 asylum

1261 2968 1409 3019 fuisse,
1445 2981 1529 3021 quo
1562 2966 1860 3018 confugientes
1889 2964 2146 3017 impunitate

1263 3030 1548 3071 donabantur.
1592 3029 1740 3068 Simile
1761 3027 1914 3068 Dianae
1935 3027 2148 3079 Ephesiis,

1263 3093 1414 3133 Cadmi
1443 3092 1613 3143 Thebis,
1645 3091 1848 3130 Herculis
1882 3090 2080 3140 Athenis,
2099 3097 2147 3132 et

1261 3156 1373 3204 alia;
1402 3155 1457 3194 de
1478 3154 1630 3207 quibus
1654 3153 1807 3206 passim
1827 3153 1872 3192 in
1892 3153 2010 3194 Hist.
2026 3153 2146 3194 Grae-

1261 3230 1338 3258 cis.

1321 3281 1464 3322 Valvas
1494 3281 1575 3330 ejus
1609 3280 1707 3320 aedis
1736 3279 2033 3331 obstruxerunt]
2073 3280 2143 3322 Sic

1258 3345 1532 3396 Thucydides
1546 3358 1557 3384 ι
1590 3342 1703 3383 Μετὰ
1714 3341 1755 3382 δὲ
1768 3343 1886 3382 τοῦτο
1895 3343 1968 3382 τοῦ
1978 3358 2026 3382 τε
2040 3341 2142 3392 offae-1¹1·

1257 3423 1380 3459 ματος
1397 3407 1468 3449 τὸν
1486 3407 1627 3460 ὄροφον
1645 3407 1823 3458 ἀφεῖλον,
1839 3405 1903 3446 καὶ
1919 3406 1992 3447 τὰς
2008 3405 2141 3459 θύρας,

1260 3472 1368 3514 ἔνδον
1387 3472 1483 3514 ὄντα
1498 3470 1738 3525 τηρήσαντες
1756 3470 1888 3519 αὐτὸν,
1908 3470 1973 3512 καὶ
1991 3470 2140 3519 &roha-
