2306 3900
661 310 795 348 v111.
859 310 1361 362 THRASYBULUM,
1400 310 1532 351 cAP.
1569 299 1623 352 3.
1679 342 1681 344 .

239 429 335 471 Lib.
355 440 450 470 xvr.
487 428 584 468 Μετ’
601 427 739 479 ὀλίγον
764 426 807 468 δὲ
833 426 977 480 χρόνον
1001 428 1114 469 The-

233 495 336 535 bani
373 493 516 535 ἅλλαις
548 493 634 534 δυσὶ
659 492 807 544 μάχαις
839 491 1114 547 ἑπροτέρησαν,

231 557 298 598 καὶ
313 559 392 598 τῶν
409 555 589 598 ἐναντίων
611 556 682 597 οὐκ
700 555 860 607 ὀλίγους
876 555 1113 603 κατέβαλον.

231 622 348 663 Hinc
371 622 571 674 invictus,
591 622 663 674 qui
696 633 722 662 a
749 622 865 662 nullo
897 628 966 662 est
993 622 1115 675 quasi

230 687 428 739 dejectus
445 699 496 727 ac
517 686 630 726 humi
645 691 825 738 stratus,
836 684 1116 734 ἆκατάβλητος

233 750 347 803 apud
363 748 579 801 Aristoph.
596 750 715 791 Nub.
729 749 969 802 ἂήττητος,’ὖ
980 748 1115 800 μηδενὶ

231 811 592 863 καταβαλλόμενος.
615 814 888 854 Translatum
899 818 1116 865 praeterea

230 878 313 932 boc
332 878 511 918 verbum
530 883 599 918 est
615 878 671 918 ad
689 882 885 929 venatus,
899 877 943 917 in
963 876 1114 930 quibus

228 939 336 981 ferae
363 941 483 991 dejici
507 940 723 982 dicuntur.
761 942 883 982 Curt.
911 940 988 980 lib.
1008 951 1112 981 vm.

231 1007 272 1044 3.
327 1003 340 1026 ‘
369 1003 452 1044 Ille
486 1008 670 1056 quatuor
703 1004 892 1044 millibus
923 1002 1113 1044 ferarum

231 1065 431 1118 deJectis‚
466 1066 512 1106 in
549 1066 700 1107 eodem
735 1067 848 1108 saltu
883 1079 979 1107 cum
1019 1070 1114 1107 toto

233 1129 431 1170 exercitu
452 1129 678 1182 epulatus.'
723 1129 950 1182 Phaedrus,
967 1128 1115 1170 fabula

230 1198 300 1235 32.
327 1193 341 1216 ‘
356 1195 495 1246 Super
499 1194 734 1247 juvencum
747 1193 888 1235 stabat
899 1193 1113 1246 dejectum

232 1256 341 1307 leo),
362 1257 486 1298 Idem.
812 1263 816 1265 ’

287 1319 507 1360 Pausanias
524 1320 630 1360 venit
641 1319 792 1360 Atticis
806 1318 973 1370 auxilio]
988 1320 1113 1360 Lam-

231 1384 370 1425 binus'
387 1383 553 1432 maluit,
600 1383 708 1423 venit
742 1383 836 1423 aliis
871 1383 1035 1435 auxilio,
1067 1382 1112 1423 in

229 1448 345 1506 hunc
373 1452 569 1487 sensum:
602 1446 741 1487 Critia
774 1444 1011 1486 interfecto
1040 1456 1112 1486 ve-

231 1510 297 1551 nit
315 1509 408 1550 aliis
422 1509 649 1562 Tyrannis‘
666 1508 827 1550 auxilio
859 1508 1111 1550 Pausanias,

232 1573 320 1615 Sed
345 1574 398 1615 iis
425 1573 544 1627 ipsis,
572 1585 669 1627 quae
690 1585 744 1613 ex
763 1573 964 1625 Xenoph.
985 1572 1110 1624 citat,

232 1649 278 1678 se
292 1637 480 1690 jugulat.
516 1634 625 1688 Ἅμα
643 1634 686 1677 δὲ
702 1635 799 1677 ἰδίας
815 1634 1022 1684 ποιήσαιτο
1038 1634 1111 1677 τὰς

229 1699 405 1754 Ἀθήνας,
417 1699 556 1742 πείσας
571 1703 650 1741 τῶν
668 1697 816 1752 ἐφόρων
833 1699 952 1751 τρεῖς,
979 1697 1111 1750 ἐξάγει

232 1762 307 1812 τὴν
324 1761 507 1816 φρουράν.
545 1763 655 1804 Nam
674 1762 710 1802 si
727 1767 930 1814 tyrannos
944 1772 1110 1802 eorum·

232 1839 318 1880 que
355 1828 567 1868 satellites
600 1826 710 1867 urbe
747 1825 928 1878 expulit,
958 1824 1112 1878 quibus

231 1891 324 1932 aliis
343 1890 459 1932 istud
468 1889 690 1943 auxilium,
706 1901 832 1943 quam
847 1888 1026 1941 Atticis,
1039 1899 1111 1929 ex-

209 1972 213 1974 ·
230 1954 387 2007 petiit?
450 1954 682 2006 Vulgatam
718 1964 847 2004 porro
880 1952 1111 1992 lectionem

229 2018 397 2059 stabilit
434 2017 651 2058 Diodorus
687 2016 761 2057 lib.
797 2026 896 2057 xiv.
967 2013 1114 2067 Διόπερ

228 2081 425 2130 Ἀθηναῖοι
436 2078 510 2131 μὲν
527 2077 760 2129 ἐκομίσαντο
773 2076 849 2126 τὴν
859 2076 1041 2130 πατρίδα,
1049 2078 1114 2119 καὶ

227 2145 277 2186 τὸ
294 2144 434 2187 λοιπὸν
449 2146 533 2186 τοῖς
554 2141 662 2184 ἰδίοις
673 2142 804 2192 νόμοις
821 2139 1110 2185 ἐπολιτεύοντο.

233 2209 438 2251 Gebhard.
492 2209 600 2249 Erat
616 2211 762 2247 autem
782 2210 884 2246 ante
900 2205 1109 2246 Pausani-

229 2285 297 2314 am
314 2271 539 2325 Lysander
551 2270 702 2312 missus
714 2279 812 2310 cum
825 2271 894 2310 40.
909 2267 1107 2309 navibus.

227 2337 360 2378 Diod.
378 2347 478 2378 xlv.
497 2338 568 2377 34.

250 2422 253 2425 Δ
279 2401 394 2443 Fecit
406 2399 560 2453 pacem]
585 2397 699 2440 Vide
716 2396 974 2439 Diodorum.
994 2395 1107 2437 adde

225 2465 424 2518 Xenoph.
443 2465 560 2505 Hist.
579 2463 659 2505 Gr.
679 2473 730 2503 11.

278 2528 362 2569 His
378 2526 687 2578 conditionibus]
711 2525 775 2565 Ut
795 2523 850 2565 ad
871 2536 972 2564 suas
992 2522 1106 2576 quis-

227 2603 312 2645 que
332 2605 399 2633 res
415 2597 462 2633 et
481 2591 770 2644 possessiones
790 2588 968 2640 rediret,
999 2600 1108 2640 prae·

227 2660 298 2695 ter
333 2666 446 2696 xxx.
482 2655 725 2707 Tyrannos,
778 2658 826 2693 et
861 2663 928 2692 xr.
963 2651 1107 2703 Viros,

227 2719 301 2771 qui
335 2719 378 2759 in
410 2718 557 2759 Piraeo
587 2717 868 2770 imperarant.
908 2714 1106 2768 Xenoph.

227 2782 344 2824 Ἓλλ.
363 2794 415 2823 ιι.
1090 2830 1093 2831 ⁷

283 2848 365 2894 Qui
380 2846 591 2900 superioris
615 2858 721 2886 more
733 2843 980 2886 crudelitatis
994 2847 1107 2884 erant

223 2910 304 2963 usi]
334 2910 420 2953 Qui
449 2910 553 2950 nihil
583 2909 780 2961 exemplo
800 2907 955 2961 prioris
975 2907 1106 2947 domi-

221 2974 407 3016 nationis
428 2973 588 3024 territi,
623 2971 803 3013 eandem
823 2971 935 3011 viam
955 2969 1106 3011 crude-

223 3035 359 3077 litatis
390 3035 579 3089 aggressi
608 3039 724 3077 suut.
778 3033 940 3075 Justin.
975 3045 1020 3075 v.
1041 3037 1106 3074 10.

224 3099 310 3142 Qui
330 3098 384 3139 ad
399 3098 592 3139 turbatas
611 3109 681 3138 res
699 3097 834 3137 amice
849 3108 1107 3149 componen-

226 3164 302 3205 das
319 3163 711 3214 constituebantur,
742 3162 806 3202 illi
836 3162 1106 3214 superiorum

138 3249 146 3255 -
226 3239 342 3271 xxx.
359 3234 635 3282 tyrannorum
655 3226 959 3268 crudelitatem
975 3239 1105 3267 aemu-

222 3292 424 3333 labantur
438 3297 570 3344 atque
588 3289 867 3330 exercebant.
916 3289 1104 3330 Diodor.

221 3355 297 3397 lib.
319 3366 417 3396 xlv.
473 3354 688 3409 Caeterum
707 3351 941 3392 notandum
969 3351 1105 3403 probe

226 3424 311 3470 est,
326 3417 440 3471 quod
461 3417 490 3458 ii
510 3416 608 3468 ipsi,
620 3415 692 3468 qui
711 3413 869 3454 morbis
884 3419 928 3453 et
947 3413 1103 3455 civium

226 3483 347 3524 malis
384 3481 577 3523 remedia
609 3479 755 3521 facere
779 3478 893 3531 jussi
929 3477 1106 3532 fuerint,

227 3543 481 3599 quandoque
500 3555 603 3585 cura
622 3543 823 3597 neglecta
846 3548 1105 3597 exasperent

1950 301 2056 353 517

1175 430 1345 470 morbos
1379 431 1424 470 in
1461 443 1582 472 suum
1619 430 1901 472 commodum.
1986 431 2060 471 De

1176 493 1404 544 Meleagro
1456 494 1575 534 locus
1620 498 1766 534 exstat
1810 494 2056 534 luculentus

1176 555 1291 607 apud
1306 556 1490 596 Diodor.
1511 558 1591 598 lib.
1608 569 1745 599 xvm.
1802 558 1941 600 Quem
1955 569 2059 611 quo-

1176 631 1261 672 que
1281 620 1425 672 tangit
1454 621 1613 662 Justin.
1634 632 1739 662 xm.
1759 625 1799 663 3.
1854 621 1922 661 De
1954 621 2059 662 Cor-

1174 682 1332 724 bulone
1359 684 1504 724 Tacit.
1538 696 1591 726 11.
1623 689 1690 726 19.
1744 686 1803 725 Et
1822 685 1977 737 saepius
1996 697 2062 725 ar-

1175 747 1278 788 bin-i
1293 759 1385 799 eos,
1416 749 1490 801 qui
1508 749 1605 789 illos
1641 749 1687 789 in
1722 749 1967 803 praesidium
2006 761 2058 790 ac

1175 810 1316 851 litium
1332 811 1461 852 finem
1481 817 1706 864 ceperunt,
1735 818 2058 865 perverterunt,

1178 879 1308 928 atque
1327 876 1560 916 eorundem
1592 888 1739 916 omnes
1776 875 1968 918 fortunas
1999 877 2057 917 ad

1177 949 1223 978 se
1254 942 1497 979 traxerunt.
1552 938 1736 981 Aristot.
1768 940 1903 981 Polit.
1942 933 1985 981 ir.
2015 945 2058 983 6.

1175 1001 1242 1042 Ἐν
1259 999 1303 1042 δὲ
1316 1003 1370 1055 τῇ
1387 1001 1530 1056 εἰρήνῃ,
1556 1005 1642 1044 &c.
1706 1003 1870 1045 sustin.
1892 1014 1996 1044 vm.
2016 1007 2057 1045 3.

1177 1068 1245 1106 14.
1265 1071 1312 1107 et
1329 1069 1398 1107 25.
1427 1069 1441 1090 ⁶
1456 1067 1587 1106 Forte
1606 1066 1785 1118 evenit‚'
1809 1069 1892 1108 διο.
1931 1066 2058 1107 Gebh.

1176 1129 1289 1171 Vide
1317 1134 1410 1172 not.
1434 1130 1704 1183 Berneggeri
1736 1129 1791 1170 ad
1822 1130 1865 1170 d.
1893 1131 1923 1171 1.
1957 1131 2056 1172 Jus-

1175 1192 1271 1234 tini.
1475 1193 1479 1196 ’
1718 1192 1722 1197 ’
1890 1192 1894 1196 ’
2027 1207 2030 1210 ·

1239 1257 1486 1310 Reipublicae
1514 1256 1760 1310 procuratio]
1822 1258 2059 1298 Democra-

1175 1321 1254 1362 tia.

1180 1398 1203 1425 ,·
1231 1385 1368 1437 Neque
1396 1389 1667 1427 anteactarum
1696 1398 1830 1426 rerum
1858 1398 2058 1427 accusare·

1172 1448 1257 1502 tur]
1287 1448 1473 1490 Unicum
1500 1449 1577 1489 sed
1596 1454 1643 1489 et
1660 1448 1773 1489 haud
1792 1448 1923 1489 fallax
1943 1461 2055 1489 com-

1173 1512 1470 1564 ponendarum
1520 1512 1709 1553 civilium
1745 1511 2056 1553 dissensionum

1172 1574 1424 1616 remedium.
1459 1576 1512 1617 P.
1542 1573 1674 1628 Syru's
1695 1587 1736 1616 v.
1756 1580 1850 1617 122.
1877 1577 1890 1598 ‘
1906 1575 2058 1616 Civilis

1170 1637 1274 1679 belli
1295 1638 1470 1691 oblivio,
1491 1638 1686 1679 defensio
1706 1638 1802 1680 est.'
1830 1639 1959 1682 Quod
1971 1651 2057 1680 non

1171 1700 1327 1742 inscite
1366 1714 1538 1755 quoque
1574 1701 1813 1755 prudentes
1850 1703 2058 1755 Reipubl-

1171 1765 1482 1817 gubernatores
1502 1764 1629 1806 fessis
1653 1778 1705 1808 ac
1725 1766 1969 1819 desperatis
1989 1778 2056 1808 re-

1170 1829 1254 1870 bus
1289 1829 1609 1883 applicuerunt.
1665 1830 1763 1872 Hoc
1782 1831 1953 1871 consilii
1982 1830 2058 1871 dat

1173 1892 1425 1946 Olympiadi
1442 1894 1671 1945 Eumenes,
1688 1893 1828 1945 infra3
1857 1897 1869 1918 ‘
1884 1892 1961 1935 Sin
1980 1894 2060 1935 ali-

1173 1969 1258 2010 qua
1274 1956 1517 2008 cupiditate
1537 1962 1764 2008 raperetur
1780 1958 1825 1997 in
1853 1953 2058 1998 Macedo-

1173 2019 1302 2070 niam,
1327 2018 1515 2059 omnium
1551 2019 1802 2071 injuriarum
1833 2020 2058 2061 oblivisce-

1173 2089 1308 2135 retur,
1341 2088 1388 2124 et
1413 2083 1458 2122 in
1478 2083 1691 2123 neminem
1721 2082 1943 2124 acerbiore
1959 2089 2057 2124 ute-

1172 2151 1294 2187 retur
1327 2146 1545 2199 imperio.'
1620 2147 1769 2187 Caesar
1810 2148 2054 2188 Comment.

1169 2209 1348 2251 lib.*v11.
1367 2213 1435 2251 34.
1447 2210 1462 2234 ⁴
1479 2210 1579 2251 Hoc
1600 2209 1777 2251 decreto
1797 2209 2055 2262 interposito

1170 2273 1422 2314 cohortatus
1459 2273 1638 2325 AEduoS,
1657 2315 1659 2317 ,
1681 2278 1732 2314 ut
1766 2273 2054 2314 controv-ersi-

1170 2349 1292 2378 arum
1316 2345 1380 2378 ac·
1400 2337 1710 2378 dissensionum
1747 2337 2054 2379 oblivisceren-

1169 2401 1271 2444 tur!
1338 2402 1477 2443 Tacit.
1497 2401 1615 2442 Hist.
1635 2412 1701 2442 ιν.
1719 2404 1787 2442 44.
1814 2401 1827 2424 ‘
1846 2402 2052 2446 Proximo

1168 2466 1334 2507 Senatu
1384 2464 1615 2505 inchoante
1635 2463 1919 2505 Caesare’de
1957 2464 2056 2504 abo·-

1168 2527 1299 2569 lendo
1333 2527 1483 2568 dolore
1514 2533 1562 2569 et
1588 2527 1779 2580 priorum
1813 2531 2054 2578 temporum

1168 2590 1531 2634 necessitatibus!
1587 2591 1740 2632 Aurei.
1778 2592 1931 2632 Victor
1959 2592 2054 2632 Cae-

1173 2655 1303 2697 sarib.
1325 2667 1423 2707 cap.
1444 2658 1511 2696 35.
1527 2666 1584 2695 m.
1599 2655 1654 2696 de
1667 2654 1901 2696 Aureliano
1911 2655 2055 2707 Impe-

1170 2723 1343 2760 ratore:
1372 2721 1385 2742 ‘
1405 2717 1478 2759 Ad
1497 2718 1683 2760 Graecioe
1697 2731 1858 2759 morem
1874 2718 2055 2759 decreta

1170 2781 1433 2823 abolitione:
1493 2781 1716 2822 Patercul.
1750 2781 1825 2821 lib.
1845 2792 1896 2822 11.
1927 2780 2054 2822 ss.·f.

1168 2847 1181 2868 ‘
1199 2845 1315 2885 Illud
1333 2844 1501 2885 decreti
1516 2844 1843 2885 Atheniensium
1861 2845 2052 2885 celeber-

1171 2909 1269 2949 rimi
1286 2909 1532 2962 exemplum
1551 2908 1734 2948 relatum
1766 2920 1792 2948 a
1823 2908 2050 2959 Cicerone,

1169 2971 1396 3012 oblivionis
1432 2971 1749 3024 praeteritarum
1781 2983 1945 3022 rerum,
1978 2972 2052 3011 de-

1170 3041 1292 3077 creto
1310 3036 1493 3076 Patrum
1512 3034 1837 3087 comprobatum
1857 3034 1952 3075 est.’
1981 3034 2053 3074 Sic

1169 3110 1281 3140 anno
1299 3099 1354 3141 U.
1370 3099 1418 3140 C.
1440 3109 1588 3140 cccrv.
1634 3098 1699 3138 M.
1720 3098 1892 3138 Duilius
1914 3097 2049 3138 tribu·

1168 3173 1248 3202 nus
1268 3162 1328 3215 pl.
1348 3161 1524 3215 punitus
1550 3167 1689 3201 morte
1706 3161 1774 3200 vel
1793 3160 1942 3200 exsilio
1961 3161 2052 3201 De-

1168 3239 1263 3267 cem
1279 3226 1396 3267 Viris
1424 3225 1735 3278 suppliciorum
1767 3222 1896 3264 finem
1929 3223 2054 3277 fecit,

1167 3294 1214 3329 et
1233 3288 1448 3329 oblivione
1481 3286 1747 3327 simultatum
1767 3286 1961 3339 decreta,
1987 3299 2053 3328 re·

1163 3353 1311 3406 liquis,
1332 3351 1405 3404 qui
1442 3351 1609 3391 Decem
1635 3351 1837 3391 Virorum
1855 3351 2050 3392 volunta·

1167 3416 1201 3455 ti
1238 3413 1560 3461 subservissent‚
1597 3412 1895 3466 impunitatem
1915 3413 2051 3455 dedit.

1170 3478 1370 3520 Gebhard.
1509 3498 1515 3504 ·

1223 3543 1397 3595 Eamque
1416 3539 1476 3581 ini
1508 3541 1632 3592 legem
1658 3539 1860 3581 oblivionis
1877 3539 2046 3591 appella·
