2306 3900
299 214 527 268 xxxviii

355 357 513 402 ceptum
549 350 754 402 diligenter
812 350 984 403 efficere)
1026 350 1132 398 xviii,
1161 356 1188 392 9

355 417 487 443 curare
506 403 674 456 aliquem
686 404 767 449 inte
814 404 995 444 ciendum
1011 405 1084 459 (de
1097 418 1188 445 auc-

355 463 437 496 tore
455 464 496 496 et
514 456 744 511 mandante)
771 471 836 506 xx,
857 462 892 498 1.
934 471 974 506 x,
989 462 1016 499 6
1058 471 1190 499 curare

355 523 435 549 rem
465 510 746 563 deportandam
775 513 826 551 ad
852 511 958 560 xviii,
977 516 1028 553 13
1065 513 1191 552 refici-

326 587 328 589 >
354 564 478 603 endos
512 578 641 604 muros
677 565 732 612 ix,
757 569 783 606 4
831 565 955 620 legem
990 566 1189 607 ferendam

356 617 431 669 (de
448 617 686 672 legislatore)
713 617 794 669 viii,
813 623 838 660 3

303 670 463 710 Curatio
481 673 557 725 (sc.
577 673 721 726 morbi)
749 686 837 720 xxv,
856 677 907 714 21

302 724 502 764 Currendo
515 726 683 766 exerceri
709 740 773 774 xv,
787 731 814 767 2
843 726 945 780 (vid.
957 727 1067 767 Hier.
1082 727 1190 768 Mer·

355 779 490 818 curial.
518 779 545 818 l.
566 784 603 820 1.
622 793 658 820 c.
679 780 752 833 10)
781 793 911 820 cursor
936 781 965 828 i,
983 785 1010 822 4
1038 795 1189 822 cursum

355 832 519 884 dirigere
537 833 668 886 aliquo
686 833 780 888 (τὸν
794 833 926 886 πόρον)
954 835 1006 874 de
1031 836 1190 888 naviga-

355 885 485 938 tione)
511 886 540 933 i,
559 891 579 927 1
610 888 696 940 (Sic
711 888 827 927 etiarn
839 889 941 928 Caes.
953 888 1003 928 B.
1019 889 1106 929 civ.
1133 890 1190 937 iii,

355 943 423 980 25.
451 940 593 980 Vellei.
620 942 649 988 i,
668 946 709 988 4,
730 946 767 982 1.
795 947 836 981 et
862 942 905 989 ii,
927 946 994 990 19,
1011 946 1052 983 4.
1080 943 1190 984 Curt.

356 1007 397 1039 ι,
417 997 457 1039 1,
478 996 544 1035 17.
586 994 672 1035 Cic.
692 996 742 1035 de
761 1001 844 1035 nat.
874 996 982 1035 deor.
1022 996 1065 1043 ii,
1097 1001 1189 1038 131.

356 1046 500 1086 Justin.
529 1048 622 1095 xxii,
642 1054 684 1095 5,
705 1053 742 1089 1.
772 1049 906 1089 locuti.
959 1049 1066 1089 Hinc
1101 1063 1190 1103 pas-

354 1099 426 1139 sim
450 1106 462 1123 ‘
476 1102 639 1149 cursus,'
651 1116 720 1155 pro
732 1102 922 1142 maritima
934 1104 1190 1155 profectione,
1211 1120 1219 1134 x

357 1167 426 1193 seu
445 1155 576 1207 potius
595 1157 732 1196 ordine
749 1156 848 1209 ejus.
903 1157 961 1197 Ut
978 1159 1085 1209 apud
1104 1158 1190 1199 Cic.

357 1208 410 1247 ad
441 1209 533 1248 fam.
557 1214 622 1250 13.
640 1210 716 1263 Ep.
735 1215 788 1252 68
817 1217 829 1234 ‘
849 1225 897 1251 ex
928 1211 1070 1264 quibus
1097 1225 1191 1265 cog-

355 1261 448 1300 novi
495 1276 628 1303 cursus
679 1265 972 1318 navigationum
1013 1266 1191 1311 tuarum!

355 1316 474 1356 Adde
483 1317 587 1359 Clar.
605 1318 734 1358 vorst.
754 1320 805 1359 de
821 1319 908 1359 Lat.
926 1320 1012 1359 fals.
1030 1333 1137 1372 susp.
1154 1333 1190 1361 c.

355 1374 396 1410 3.
415 1383 505 1423 pag.
516 1375 585 1412 22.
598 1371 652 1411 Et
678 1378 689 1395 ‘
709 1374 887 1420 currere,'
903 1387 972 1426 pro
987 1373 1167 1426 navigare
1181 1404 1190 1413 .

354 1423 445 1462 vide
463 1424 599 1465 Lamb.
617 1426 668 1464 ad
687 1425 824 1466 Horat.
840 1427 867 1467 1.
885 1431 923 1468 1.
936 1427 1015 1466 oda
1044 1431 1112 1468 28.
1138 1427 1191 1467 Et

354 1477 462 1529 apud
480 1485 668 1526 nostrum,
687 1486 941 1521 transcurrere
953 1480 1189 1535 Hellespon·

345 1537 454 1578 -tum,
472 1533 513 1571 in
533 1546 572 1585 q.
590 1533 699 1581 edd..
727 1534 833 1582 xviii,
853 1534 903 1588 3)

303 1585 446 1626 Custos
477 1599 584 1639 gazaz⁴
614 1588 731 1640 regiae
757 1589 836 1636 xiv,
854 1593 878 1628 5
916 1589 1117 1629 custodem
1149 1589 1190 1628 in

347 1639 476 1687 *hortis
493 1641 692 1692 imponere
711 1641 809 1694 (vel,
837 1649 883 1681 ut
910 1643 992 1689 alii,
1020 1656 1190 1694 ponere:

334 1692 424 1745 -qui
441 1693 602 1733 ‘fructus
638 1696 855 1748 custodiat)
883 1709 921 1742 v,
941 1701 968 1737 4
1013 1699 1194 1737 custodes

354 1747 487 1799 pontis
515 1748 527 1785 i
531 1777 544 1795 ‚
563 1752 587 1788 3
617 1750 787 1802 corporis
814 1748 1194 1804 (σωματοφύλακες)

353 1801 433 1847 xiv,
452 1805 479 1841 9
507 1813 572 1854 ap.
589 1801 784 1842 Alexand.
810 1804 918 1852 xviii,
935 1808 960 1845 7
989 1805 1079 1858 (qui
1097 1819 1194 1859 qua-

355 1855 413 1894 les
433 1855 590 1903 fuerint,
618 1857 789 1909 explicat
822 1857 932 1898 Curt.
978 1872 1017 1907 v,
1052 1863 1091 1906 1,
1122 1863 1191 1900 42.

354 1909 426 1951 'ubi
443 1922 480 1949 V.
498 1922 599 1949 com.
611 1910 809 1964 Freinsh.)
823 1913 1005 1952 custodes
1022 1914 1193 1966 appositi

353 1975 477 2056 pluero
501 1963 683 2017 (luxuriae
711 1965 969 2019 correctores)
994 1981 1033 2014 x,
1051 1971 1078 2008 4
1106 1967 1192 2020 (Sic

397 2022 493 2057 orat.
523 2021 562 2058 3.
590 2019 657 2058 od.
687 2022 728 2059 4.
754 2025 766 2043 ‘
788 2021 973 2073 nequitiae
991 2022 1192 2074 appositus

355 2071 519 2112 custos.’
563 2072 632 2111 ubi
662 2086 702 2113 v.
736 2079 820 2113 not.
857 2074 994 2115 Lamb.
1030 2081 1072 2114 et
1104 2088 1192 2127 sup.

353 2124 581 2178 Apponere.
600 2131 613 2149 ‘
630 2126 869 2168 Custodibus
884 2128 999 2168 datis’
1013 2129 1192 2181 praesidio

354 2178 526 2226 militari,
559 2193 582 2219 a
611 2193 690 2232 quo
721 2182 866 2234 captivi
893 2182 1191 2230 deducerentur,

353 2232 590 2274 Freinshem.
619 2235 659 2281 ii,
675 2234 737 2288 2).
765 2236 971 2275 custodum
987 2237 1193 2289 praefectus

352 2287 432 2339 (sc.
462 2288 530 2339 qui
558 2289 733 2339 captivos
763 2290 1061 2343 custodiebant)
1085 2291 1192 2337 xviii,

356 2343 406 2380 11
453 2341 644 2379 custodib.
680 2342 805 2393 sepire
840 2343 998 2381 domum
1018 2357 1077 2390 -κ,
1093 2347 1121 2383 9
1168 2356 1192 2381 a

355 2394 580 2432 custodibus
598 2407 639 2432 se
658 2395 872 2435 subducere
900 2395 1010 2443 vii‚.4

302 2447 494 2488 Custodia
511 2447 704 2500 (vincula,
732 2449 950 2501 captivitas.
977 2449 1120 2501 hinc):
1150 2450 1191 2490 in

353 2500 571 2540 custodiam
587 2501 679 2541 dare
696 2502 866 2554 aliquem
891 2503 999 2550 xviii,
1014 2507 1067 2544 11
1094 2516 1192 2544 con-

349 2555 422 2607 jici
450 2554 526 2601 xix,
547 2558 571 2594 3
600 2556 780 2595 custodia
797 2557 934 2596 eadem
953 2557 1076 2597 teneri
1100 2557 1190 2611 (eo-

353 2609 444 2648 dem
458 2608 634 2661 carcere)
662 2612 703 2656 v,
725 2613 746 2649 1
777 2623 898 2662 penes
912 2623 1029 2663 quem
1043 2624 1191 2650 summa

351 2668 411 2702 est
428 2662 578 2714 imperii
594 2663 782 2702 custodiae
809 2665 919 2711 xviii,
935 2669 985 2705 ll
1014 2666 1192 2704 custodia

351 2715 421 2755 illa
438 2717 606 2757 creditur
631 2716 722 2757 huic
750 2717 904 2771 (pontis
922 2719 1059 2758 tuendi
1077 2718 1192 2772 cura)

353 2770 382 2817 i,
402 2774 426 2811 3
1130 2798 1133 2804 ·

300 2823 510 2864 Custodire
530 2824 718 2876 templum
737 2827 785 2865 ab
805 2826 938 2878 aliquo
965 2827 1072 2874 xxiii,
1091 2831 1118 2868 9

300 2877 500 2930 Cyclades
518 2878 654 2917 insulae
684 2878 820 2933 (maris
852 2880 987 2933 AEgei‚
1015 2880 1192 2921 circulari

352 2930 475 2985 figura
494 2932 591 2979 sitae,
618 2933 737 2986 vulgo
756 2934 902 2974 Insulae
919 2935 1192 2988 Arobipelagi)

354 2996 378 3024 a
395 2985 580 3025 Miltiade
597 2986 768 3026 sub‘actae
794 2988 822 3034 i,
843 2991 869 3028 2

300 3039 428 3092 Cyme
464 3038 578 3094 (urbs
615 3041 804 3079 maritima
841 3041 1011 3081 AEolidis
1046 3041 1088 3080 in
1127 3055 1193 3080 ora

352 3092 459 3132 sinus
473 3094 677 3147 Smyrnaei,
688 3095 805 3134 hodie
818 3094 940 3147 Foeja
951 3095 1082 3143 Nova,
1091 3096 1194 3136 clara

353 3147 466 3187 clade
495 3147 706 3188 Turcarum
734 3161 825 3189 ann.
854 3153 974 3190 1650.
992 3149 1082 3189 vide
1102 3149 1194 3189 Fer-

355 3212 426 3239 rar.
441 3202 536 3241 Lex.
551 3202 696 3255 Geogr.
714 3216 803 3242 curn
822 3203 946 3243 addit.
964 3203 1194 3243 Bautrandi.

355 3252 580 3294 Memorant
597 3257 710 3296 Mela
735 3256 764 3304 i,
784 3260 850 3298 18.
879 3257 983 3296 Plin.
998 3257 1057 3296 N.
1070 3257 1124 3297 H.
1148 3271 1192 3304 γ,

355 3309 422 3346 30.
441 3315 481 3347 et
498 3309 680 3361 Epitome
696 3310 907 3363 Stephani)
933 3310 1002 3359 vii,
1016 3316 1041 3352 ‘¹1
1091 3339 1097 3346 ι

301 3358 756 3457 Ογῆἶιὲἱῐῖῃιῗιιίιέῗὶῐῇῃοῖ
762 3378 952 3459 ηζηεῐῐέεζῖ
978 3365 1191 3460 ἓξὲξᾶοιῗὶζὲ

357 3467 411 3515 iv,
431 3472 457 3509 2
485 3468 610 3522 Cypri
627 3470 773 3509 bellum
793 3473 890 3522 gerit
910 3473 1095 3513 Chabrias
1125 3474 1191 3520 xii,

1124 227 1326 285 rnnssx

1304 357 1330 393 2
1358 351 1465 407 (sub.
1495 353 1535 391 in
1568 352 1707 400 insula,
1737 354 1798 394 vel
1829 366 1960 407 regno.
2014 355 2077 395 Sic
2096 360 2135 395 et

1303 406 1369 446 alii
1403 407 1539 454 locuti,
1575 414 1620 447 ut
1654 408 1772 448 docet
1807 407 1919 448 Voss.
1953 408 2005 447 de
2039 419 2133 448 con-

1302 467 1435 501 struet.
1471 472 1559 513 cap.
1591 460 1667 514 25)
1709 462 1943 516 Cypriorum
1976 461 2138 503 classem

1303 514 1411 568 capit
1427 514 1568 555 Cimon
1597 528 1634 562 v,
1652 518 1680 556 2

1251 567 1285 609 C
1285 581 1417 622 yrenae
1429 567 1541 622 (urbs
1551 567 1705 631 Libyae,
1720 569 1918 621 praecipua
1928 567 2137 620 provinciae

1304 620 1548 675 cyrenaicae,
1576 622 1645 661 ubi
1670 623 1790 662 hodie
1808 635 1967 675 regnum
1987 622 2136 668 Barcae,

1303 689 1434 715 versus
1445 675 1589 729 Syrtim
1601 689 1780 730 magnam
1793 691 1802 715 :
1833 677 1950 728 vulgo
1959 675 2139 716 Cairoan.

1304 728 1492 769 Meminit
1525 729 1678 777 Strabo,
1707 729 1875 778 Plinius,
1909 729 1999 784 alii)
2045 729 2139 777 xvii,

1302 787 1329 824 8
1357 783 1541 835 Cyrenaei
1565 783 1674 830 xxiii,
1690 787 1717 823 8

1252 836 1380 890 Cyrus
1395 835 1562 888 (major)
1590 849 1656 876 rex
1687 836 1903 884 Persarum,
1931 836 1973 875 in
2003 835 2139 888 praelio

1286 888 1412 930 ‘cadit
1437 890 1517 936 xxi,
1536 893 1558 930 1
1603 889 1731 943 Cyrus
1749 889 1916 942 (minor)
1932 890 2049 929 frater
2065 889 2140 928 Ar-

1305 943 1471 983 taxerxis
1488 943 1642 982 Mnem.
1660 943 1804 983 bellum
1818 943 1922 982 fratri
1937 949 2047 996 parat
2071 943 2141 990 vii,

1305 1001 1332 1037 9
1359 1004 1562 1050 superatus
1580 1010 1604 1036 a
1615 997 1731 1037 fratre
1745 1009 1866 1048 opera
1875 996 2142 1049 Tissaphernis

1304 1051 1358 1098 ix,
1380 1054 1404 1091 3
1453 1050 1542 1104 (De
1571 1051 1735 1099 *nomine
1773 1051 1885 1103 Cyri,
1920 1055 2011 1103 post
2044 1050 2141 1089 alios

1305 1104 1485 1157 Rupert.
1498 1106 1547 1143 ad
1575 1104 1733 1144 Besold.
1790 1104 1923 1144 Usser.
1940 1104 2070 1150 annal.
2087 1103 2139 1143 V.

1304 1158 1355 1197 T.
1372 1166 1467 1197 tom.
1488 1162 1526 1198 1.
1545 1171 1638 1211 pag.
1657 1157 1759 1210 146)
2075 1190 2078 1193 Α

1252 1212 1443 1266 Cyzicum
1453 1212 1657 1253 obsidione
1668 1210 2042 1252 liberatTimotheus
2058 1209 2140 1257 xiii,

1665 1426 1721 1467 D.

1251 1534 1449 1575 Damnare
1467 1535 1638 1588 aliquem‘
1658 1534 1796 1587 capitis
1825 1533 1878 1582 iv,
1897 1538 1939 1580 3,
1966 1538 2008 1573 et
2035 1531 2142 1572 alibi.

1306 1590 1482 1628 damnari
1494 1589 1633 1641 capitis
1647 1589 1787 1635 xviii‚5
1818 1586 2048 1641 proditionis
2066 1588 2108 1633 ii,
2119 1591 2144 1626 8

1307 1642 1499 1694 sacrilegii
1525 1643 1593 1688 vii,
1611 1646 1639 1683 ὃ
1665 1642 1847 1695 (Ubique
1874 1647 1887 1665 ‘
1906 1642 1957 1681 de
1970 1640 2143 1681 crimine'

1307 1695 1508 1736 subaudiri
1534 1696 1674 1736 volunt
1699 1695 1898 1743 Sanctius,
1925 1694 2146 1747 Schoppius

1307 1751 1350 1789 in
1381 1749 1555 1790 Gramm.
1571 1750 1723 1790 Philos.
1742 1756 1783 1789 et
1799 1749 1914 1791 Voss.
1932 1750 1984 1790 de
2000 1754 2144 1788 constr.

1309 1816 1346 1843 c.
1361 1807 1428 1844 26.
1445 1809 1687 1856 repugnante
1703 1803 1766 1846 Cl.
1780 1803 1937 1844 Vorstio
1950 1803 2002 1844 de
2014 1802 2145 1842 Latin.

1306 1857 1444 1897 merito
1461 1870 1568 1911 susp.
1587 1871 1623 1898 c.
1641 1861 1708 1899 19.
1739 1857 1811 1910 qui
1821 1857 1956 1897 mallet
1977 1856 2146 1898 Graecis-

1306 1924 1413 1951 mum
1430 1925 1529 1959 esse,
1557 1924 1604 1952 ac
1620 1912 1786 1952 subaud.
1804 1909 1918 1952 ἕνεκα
1930 1926 1943 1962 ;
1969 1911 2034 1951 vel
2052 1923 2144 1963 sup-

1307 1966 1406 2017 pleri
1423 1979 1560 2006 vocem
1588 1971 1600 1990 ·
1619 1965 1803 2006 nomine.'
1831 1966 1938 2019 quod
1956 1965 2146 2018 posterius

1308 2019 1426 2060 etiam
1460 2021 1659 2073 Schoppio
1694 2019 1737 2059 in
1772 2019 2058 2066 accessionibus
2092 2019 2146 2057 ad

1308 2074 1530 2114 Minervam
1564 2073 1814 2115 Sanctianam
1845 2086 1936 2167 pag.
1971 2075 2068 2115 293.
2101 2072 2144 2111 in

1308 2133 1478 2168 mentem
1508 2127 1658 2168 venisse
1686 2128 1816 2167 video.
1913 2140 1965 2166 on
1983 2139 2085 2179 nego
2102 2127 2146 2166 id

1308 2182 1506 2221 subaudiri
1519 2195 1654 2234 posse:
1675 2182 1742 2222 sed
1756 2187 1886 2221 tamen
1897 2194 1971 2221 nec
1982 2181 2145 2220 alterum

1307 2235 1426 2288 plane
1460 2235 1677 2287 improbare
1706 2235 1855 2284 ausim3
1883 2249 1974 2276 cum
2002 2235 2146 2274 diserte

1305 2295 1455 2328 veteres
1498 2289 1668 2328 dixerint
1720 2295 1732 2313 ⁸
1761 2290 1946 2328 damnare
1986 2287 2147 2328 crimine

1305 2341 1380 2381 diri
1409 2342 1496 2388 fati,
1523 2342 1794 2394 impudicitiae,
1821 2340 2016 2388 adulterii,
2045 2354 2146 2380 mor-

1307 2395 1372 2442 tis,
1407 2394 1561 2435 sceleris
1576 2395 1601 2445 ;’
1643 2395 1759 2442 sicut,
1810 2399 1822 2417 ‘
1854 2406 2036 2435 accusare
2072 2395 2146 2435 cri-

1306 2448 1410 2488 mine
1428 2449 1583 2496 incesti,
1609 2461 1769 2500 arguere
1787 2448 1946 2488 crimine
1963 2447 2144 2501 pigritiae,

1305 2501 1526 2541 furibundae
1562 2503 1718 2549 mentis,
1758 2502 1959 2542 absolvere
1986 2502 2146 2542 crimine

1306 2562 1522 2596 commotae-
1544 2555 1711 2595 mentis.’
1753 2555 1859 2596 Vide
1886 2555 2084 2596 Sanctium
2103 2569 2145 2608 p.

1306 2613 1403 2651 293.
1436 2610 1543 2649 unde
1572 2609 1686 2649 simul
1712 2615 1836 2663 patet,
1863 2609 1982 2650 etiam
2011 2610 2064 2649 ad
2095 2609 2147 2650 τὸ

1307 2663 1462 2703 sceleris
1481 2677 1617 2703 vocem
1636 2663 1830 2704 ‘crimine'
1843 2664 2042 2703 subaudiri
2055 2677 2146 2716 pos-

1309 2723 1415 2765 se,et
1430 2723 1442 2741 ⁶
1455 2717 1599 2757 mortis’
1614 2730 1773 2771 quoque
1787 2731 1922 2757 vocem
1936 2717 2026 2757 heic
2039 2731 2146 2757 usur-

1307 2773 1406 2824 pari:
1418 2773 1524 2824 quod
1538 2778 1744 2824 utrumque
1751 2773 1921 2824 negabat
1929 2771 1985 2810 vir
1992 2771 2144 2811 doctus.

1308 2826 1358 2865 In
1376 2826 1461 2866 aliis
1479 2839 1514 2865 a.
1534 2826 1735 2878 exemplis,
1750 2826 1815 2865 ubi
1831 2825 1930 2864 illud
1945 2830 1958 2848 ‘
1971 2825 2144 2865 crimine’

1308 2879 1439 2920 locum
1484 2893 1565 2919 non
1610 2880 1742 2927 habet,
1788 2877 1995 2919 Ablativus
2045 2879 2144 2918 alius

1307 2933 1506 2974 subaudiri
1552 2938 1711 2986 potest;
1756 2932 1900 2972 alicubi
1941 2938 1983 2972 et
2013 2931 2143 2986 ipsum

1307 3000 1451 3028 nomen
1464 2994 1476 3011 ‘
1487 2987 1659 3034 damno‚’
1670 2994 1714 3026 ut
1725 2986 1813 3026 heic
1823 2987 1865 3024 in
1877 2986 2031 3026 duobus
2042 2986 2146 3039 prio·

1309 3042 1414 3081 ribus
1444 3041 1652 3095 exemplis)
1682 3040 1856 3080 damnari
1880 3040 2017 3080 timore
2048 3040 2143 3104 (po-

1309 3095 1394 3149 puli
1422 3094 1504 3135 scil.
1535 3096 1588 3134 de
1619 3108 1736 3135 causa
1771 3093 2018 3147 impellente)
2055 3094 2098 3141 ii,
2117 3098 2144 3135 8

1310 3150 1515 3188 damnatus
1547 3149 1631 3188 voti
1659 3163 1723 3196 xx,
1741 3153 1766 3189 5
1808 3148 2019 3203 (Damnari
2047 3147 2143 3195 voti,

1309 3209 1383 3250 est,
1414 3201 1646 3243 necessitate
1675 3201 1921 3256 persolvendi
1946 3200 2027 3240 voti
2043 3201 2143 3240 obli-

1308 3257 1402 3310 gari.
1455 3257 1519 3297 Sic
1533 3257 1674 3310 Virgil.
1701 3263 1713 3280 ⁴
1729 3269 1815 3296 reus
1832 3253 1941 3295 voti-⁹
1965 3253 2142 3303 Lambin-

1309 3312 1536 3352 Macrobius
1576 3314 1615 3351 3.
1646 3311 1799 3350 Satum.
1833 3313 1874 3349 2.
1919 3308 2018 3347 Haec
2051 3320 2141 3355 vox,

1307 3365 1378 3413 ait,
1397 3371 1408 3390 ‘
1425 3366 1506 3404 voti
1519 3364 1795 3417 reus,’propr1a
1808 3368 1870 3401 est
1884 3369 2143 3408 sacrorum,ut

1307 3419 1417 3459 Reus
1446 3425 1618 3464 vocetur,
1654 3417 1722 3470 qui
1755 3421 1935 3467 suscepto
1972 3421 2065 3453 voto
2100 3429 2142 3455 sc

1309 3473 1531 3512 numinibus
1557 3472 1703 3523 obligat
1722 3485 1730 3508 :
1760 3469 1979 3509 Damnatus
1996 3475 2142 3515 autem,
