2306 3900
300 257 409 315 544

299 398 379 426 nus
399 386 442 427 in
460 386 642 427 'raeticis
664 397 703 427 c.
721 389 762 427 2.
817 385 977 427 Τούτοις
994 386 1072 439 ’γὰρ
1094 386 1186 427 πέλ·

299 465 371 498 της
389 449 521 502 μικρόν
538 449 625 488 ἐστι
654 448 718 489 καὶ
734 449 905 502 ἐλαφρὸν
923 449 1058 490 ὅπλον.
1093 450 1189 491 Sui·

301 515 392 563 das,
413 519 457 554 et
476 513 617 553 Index
647 526 802 554 vocum
821 514 1086 566 militarium,
1116 514 1189 567 qui

299 576 395 618 fere
414 576 585 617 Lexicis
605 576 834 628 adjunctus
854 590 866 617 ι
897 575 1047 628 Πέλτη,
1074 575 1190 629 μικρά

298 655 359 682 τις
379 639 490 680 ἐστὶν
518 641 742 692 ἇσπιδίσκη,
773 639 837 681 καὶ
864 640 1002 692 κουφή.
1050 640 1189 680 Isido-

300 717 404 745 rus:
450 705 628 756 ‘Pelta,
668 710 836 745 scutum
866 704 1190 745 brevissimum!

299 768 496 809 Formam
518 769 608 820 ejus
635 768 847 810 describit
883 768 1126 821 Xenophon
1146 780 1189 808 a·

299 831 387 884 pud
423 831 588 874 Julium
625 832 850 872 Pollucem
879 832 953 874 lib.
987 844 1021 872 1.
1067 831 1187 872 Ono-

297 899 423 937 mast.
445 908 541 949 cap.
561 900 626 936 10.
648 902 694 936 et
708 897 877 937 Pierius
904 895 1187 948 Hieroglyph.

298 958 373 1000 lib.
410 969 524 1000 xLu.
581 960 593 982 ‘
621 961 684 1000 Ut
719 960 902 1000 circulus
941 958 1186 1012 descriptus

297 1023 412 1064 linea
432 1025 676 1065 diametrali
709 1024 979 1066 dissecetur:
1011 1035 1108 1077 pars
1126 1024 1186 1064 al·

298 1091 408 1140 tera,
437 1094 645 1140 quantum
680 1088 814 1128 cubiti
850 1099 1081 1140 manusque
1112 1086 1188 1127 mi-

298 1149 472 1191 nisterio
503 1150 734 1201 deserviat,
750 1151 1046 1203 relinquatur:
1077 1150 1186 1190 alte·

299 1226 347 1253 ra
365 1213 530 1254 duobus
550 1226 574 1254 e
593 1214 802 1254 lateribus
832 1219 1094 1254 excavetur:
1123 1213 1187 1254 ita

298 1282 349 1317 ut
381 1276 425 1316 in
464 1277 605 1318 medio
634 1278 821 1330 spatium
853 1278 911 1319 sit
940 1277 1186 1318 insertando

298 1339 491 1392 brachio,
525 1340 648 1393 cujus
675 1340 757 1381 hoc
791 1341 848 1382 sit
887 1353 1187 1394 propugnacu-

300 1404 415 1443 lum:
463 1409 664 1445 extrema
696 1404 750 1444 ad
789 1405 901 1445 scuti
949 1404 1185 1456 marginem

296 1467 499 1507 lunentur
531 1467 573 1506 in
602 1478 777 1508 cornua.
836 1467 977 1509 Orbes
1007 1467 1068 1507 ilii
1101 1466 1186 1507 duo

297 1529 513 1580 hincinde
528 1531 734 1583 exempti,
748 1530 1009 1571 insertandae
1027 1530 1062 1569 si
1079 1542 1186 1582 opus

297 1594 353 1634 sit
371 1594 538 1644 hastae3
567 1595 678 1635 aiter
702 1594 961 1645 commodus,
989 1594 1101 1633 aiter
1130 1593 1183 1632 ad

296 1657 629 1709 inspectandum
660 1657 897 1698 inserviat!
954 1658 1095 1699 Quam
1129 1656 1184 1696 ab

280 1719 470 1760 ..interna
502 1726 627 1772 parte
654 1719 1044 1770 delineatam‚heic
1074 1718 1187 1758 inse·

297 1796 394 1824 rere
414 1785 562 1825 visum.
610 1784 727 1825 Talis
745 1784 878 1836 igitur
909 1784 996 1824 illa.
1026 1782 1182 1823 Keuck.

865 3038 909 3061 Nx

852 2954 946 3055 hv&

910 3099 928 3109 χ
914 3057 925 3066 x,
892 2996 928 3023 QX

931 3120 946 3130 x
952 3081 954 3083 ⁴
922 3016 969 3070 Q
896 2951 962 3002 Q

836 3024 911 3108 *RQ
837 3006 862 3013 *¹

911 3114 938 3138 xxx
896 3066 941 3103 „XXX

839 3092 903 3186 *iiiiii

911 3146 914 3147 ¹
914 3096 949 3116 x

349 3321 434 3361 Sed
490 3320 629 3361 forma
676 3321 891 3372 peltarum
929 3332 1014 3360 non
1063 3319 1179 3373 apud

295 3396 442 3425 omnes
480 3384 646 3423 eadem.
719 3384 790 3423 Sic
825 3383 1019 3424 Thraciae
1056 3388 1182 3424 erant

294 3446 616 3500 quadranguiae,
645 3445 700 3484 de
736 3446 889 3498 quibus
926 3446 1182 3499 accipienda

296 3509 431 3551 ver-ba
459 3509 632 3550 Suidae:
664 3507 821 3560 πέλται,
854 3508 1012 3549 ἀσπίδια
1044 3508 1180 3562 τετρά-

687 270 867 309 No'rAE
908 269 1243 311 VARIORUM
1287 271 1352 311 IN
1394 271 1452 319 G.
1488 271 1751 311 NEPOTIS

1248 401 1366 438 γωνα.
1423 389 1537 431 Vide
1570 395 1617 431 et
1650 390 1903 444 Dionysium
1939 389 2136 432 Halicar-

1249 464 1358 493 nass.
1384 453 1459 493 lib.
1494 465 1561 494 x1.
1617 453 1678 494 At
1710 455 1839 507 peltae
1863 453 2134 496 Amazonicae
2185 447 2187 449 ¹

1249 515 1421 556 hederae
1453 515 1557 557 folio
1594 517 1752 557 similes
1785 522 1922 558 erant.
1967 516 2136 558 Salmas.

1250 578 1423 619 Praeter
1453 579 1649 620 Servium
1670 580 1768 620 AEn.
1799 592 1831 621 1.
1858 586 1905 623 et
1938 581 2136 622 Lactant.

1248 641 1380 682 Theb.
1399 654 1443 683 v.
1464 648 1510 683 et
1531 654 1615 684 vu.
1652 650 1784 697 atque
1819 643 1974 685 Isidor.
1994 655 2135 686 xvm.

1251 708 1317 745 12.
1337 705 1437 746 vide
1453 706 1708 760 Hieronym.
1730 714 1775 748 et
1792 709 1974 748 Eucher.
1994 707 2038 747 in
2056 706 2133 748 iib.

1250 768 1427 819 Regum.
1457 768 1619 811 Savaro.

1302 831 1341 871 A
1370 844 1447 883 qua
1459 836 1597 883 postea
1624 834 1802 885 peltastas
1827 834 1979 887 pedites
2005 835 2137 888 appel-

1248 894 1402 946 lantur]
1443 894 1624 936 Suidas:
1671 898 1913 951 Πελτασταὶ,
1928 898 2083 951 τοξόται
2099 899 2137 940 οἱ

1247 958 1341 1001 τοὺς
1359 958 1522 1011 ξυστοὺς
1539 960 1788 1013 κατέχοντες.
1815 964 1978 1016 Longol.
1997 965 2136 1019 Pelta-

1248 1027 1303 1063 toe
1319 1024 1566 1075 Lactantio.
1609 1025 1774 1067 Suram.
1820 1027 1910 1068 Jul.
1943 1026 2135 1069 Pollux:

1249 1087 1489 1140 Πελτασταὶ,
1506 1089 1754 1143 πελτοφόροι.
1808 1091 1946 1131 vetus
1964 1090 2137 1132 Glossa-

1249 1151 1382 1192 rium:
1428 1153 1655 1203 Πελταστὴ,
1688 1155 1920 1206 manipulus.
1974 1153 2135 1196 Aliud:

1248 1214 1478 1269 Πελτάριον,
1495 1219 1689 1270 parmula,
1720 1223 1766 1258 et
1779 1216 2022 1269 πελταστὴς,
2045 1230 2139 1270 pur·

1247 1282 1450 1323 malm-ius.
1505 1281 1577 1322 Ad
1623 1295 1714 1323 rem
1757 1282 1972 1324 Diodorus
2020 1282 2135 1323 libro

1248 1356 1353 1387 xlu.
1407 1346 1505 1387 Τότε
1547 1348 1590 1388 δὲ
1629 1347 1707 1387 ἀπὸ
1750 1349 1823 1396 τῆς
1861 1347 2011 1396 πέλτης
2037 1354 2136 1388 πελ-

1245 1409 1392 1450 τάσται
1439 1410 1802 1462 μετωνομάσθησαν.
1871 1410 2016 1452 Antea
2060 1423 2136 1452 ve·

1202 1510 1210 1518 „
1247 1486 1295 1513 ro
1340 1475 1599 1516 dicebantur
1643 1477 1817 1527 ὁπλῖται,
1848 1476 1892 1516 id
1925 1482 2008 1527 est,
2039 1489 2135 1530 gra·

1247 1538 1377 1579 vioris
1412 1547 1640 1581 armaturae
1679 1541 1864 1593 pedites.
1921 1539 2009 1584 Qui
2045 1540 2135 1592 pel-

1247 1607 1312 1642 tas
1332 1603 1578 1655 gestabant,
1599 1617 1682 1645 non
1711 1609 1878 1645 tantum
1899 1604 2135 1655 Peltastas,

1245 1666 1322 1706 sed
1342 1672 1388 1707 et
1421 1667 1621 1709 Ceti-atos
1650 1669 1797 1709 Livius
1833 1667 2030 1720 appellat
2060 1667 2134 1708 lib.

1245 1731 1566 1772 xxx1.Pelta
1597 1732 1744 1772 Cetrae
1770 1731 1885 1771 haud
1919 1730 2134 1778 dissimilis

1246 1798 1327 1833 est.
1385 1793 1577 1835 Materia
1603 1795 1828 1835 Peltarum
1858 1805 1913 1833 ex
1933 1803 2019 1833 aere
2036 1791 2136 1841 fuit,

1245 1861 1294 1897 ut
1313 1856 1446 1898 docet
1476 1857 1720 1910 Xenophon
1743 1855 1931 1898 AnabaS.
1946 1867 1990 1897 v.
2019 1855 2070 1896 At
2091 1854 2134 1897 δὲ

1244 1918 1388 1961 πέλται
1409 1922 1535 1963 αὐτῶν
1552 1921 1660 1977 ἄλλῃ
1678 1922 1742 1963 καὶ
1761 1922 1864 1978 ἄλλῃ
1894 1923 2134 1975 διεφαίνοντο

1244 1984 1393 2037 χαλκαὶ
1417 1983 1542 2027 οὖσαι.
1599 1987 1650 2026 In
1684 1987 1856 2038 Eclogis
1875 1986 2050 2040 Polybii
2077 1987 2134 2027 de

1245 2051 1580 2102 Legationibns:
1630 2048 1726 2091 ‘'O-rt
1759 2049 1956 2102 κομίζοιεν
1993 2050 2134 2103 δωρεὰν

1241 2115 1338 2167 κονῇ
1367 2115 1452 2154 τοῖς
1483 2113 1658 2165 Ἀχαιοῖς
1676 2114 1925 2165 ἑξακισχίλια
1939 2112 2013 2165 μὲν
2028 2112 2134 2153 ὅπλα

1242 2177 1379 2228 χαλκὰ
1420 2176 1678 2220 remam-md.
1735 2178 1870 2218 Plura
1913 2177 2134 2230 congessit

1239 2241 1394 2282 Justus
1427 2241 1622 2293 Lipsius
1611 2254 1655 2281 in
1691 2240 1908 2282 Analectis
1941 2240 1994 2280 ad
2014 2239 2133 2281 Mili-

1242 2303 1365 2343 tiam.
1395 2303 1597 2343 Kenchen.

1246 2400 1249 2402 a
1295 2366 1442 2406 Hastoe
1477 2369 1631 2407 modum
1672 2365 1910 2418 duplicavit]
1952 2332 2132 2406 Diodor.

1242 2428 1397 2479 Ηῦξησε
1429 2429 1482 2469 τὰ
1514 2428 1656 2481 δόρατα
1691 2428 1851 2480 ἡμιολίῳ
1880 2426 2045 2479 μεγέθει·
2086 2429 2130 2469 id

1241 2498 1323 2542 est,
1369 2481 1503 2532 hastas
1554 2493 1830 2543 magnitudine
1860 2491 2133 2544 sesqui-altera

1240 2555 1356 2594 auxit
1371 2568 1384 2594 .·
1411 2555 1493 2595 hoc
1509 2560 1592 2606 est,
1611 2561 1753 2596 tantas
1773 2554 1896 2606 fecit,
1923 2563 1972 2595 ut
1994 2561 2130 2596 totam

1240 2617 1581 2670 magnitudinem
1619 2619 1890 2671 antiquarum
1936 2618 2130 2658 contine-

1239 2686 1354 2730 rent,
1373 2687 1419 2721 et
1438 2686 1654 2733 praeterea
1673 2680 1905 2722 dimidiam.
1945 2679 2130 2722 Lantbin.

1296 2745 1462 2785 Gladios
1493 2745 1687 2796 longiores
1710 2744 1834 2796 fecit]
1882 2744 2031 2786 Idem:
2072 2744 2130 2785 Τὰ

1239 2806 1282 2849 δὲ
1318 2807 1410 2860 ξίφη
1446 2808 1591 2859 σχεδὸν
1626 2806 1813 2849 διπλάσια
1852 2806 2130 2849 κατεσκεύασε.

1240 2873 1308 2912 Ex
1345 2872 1509 2924 spathis
1536 2872 1732 2911 nimirum
1769 2876 1815 2911 et
1850 2870 2130 2922 semispathiu-

1240 2935 1368 2978 Quod
1403 2935 1534 2976 etiam
1554 2947 1578 2974 a
1606 2934 1808 2974 Romanis
1837 2933 2015 2983 factum,
2053 2932 2128 2973 de-

1241 2999 1433 3040 clinante
1479 2998 1674 3051 imperio.
1746 2998 1861 3049 Lege
1916 2997 2128 3039 Tacitum.

1243 3063 1446 3103 Kenchen.
2010 3105 2013 3107 ,
2111 3087 2114 3091 ›

1297 3126 1435 3166 Genus
1453 3125 1659 3164 loricarum
1674 3114 1860 3176 mutavit]
1883 3123 1992 3165 Quae
2006 3120 2128 3164 suere

1241 3189 1342 3229 olim
1368 3199 1572 3241 equorum
1599 3188 1877 3240 equitumque
1896 3186 2127 3227 munimen-

1242 3257 1287 3293 ta
1317 3257 1362 3293 et
1393 3256 1657 3302 tegumenta,
1696 3263 1750 3290 an
1783 3249 1926 3290 verius
1946 3249 2128 3300 impedi-

1241 3320 1403 3356 menta.
1460 3315 1572 3355 Nam
1610 3319 1729 3355 certe
1755 3313 1919 3366 pondus
1944 3311 2128 3352 subinde

1243 3386 1288 3420 et
1308 3379 1426 3432 rigor
1454 3378 1645 3433 (etiamsi
1667 3381 1934 3429 squammata
1961 3373 2127 3428 essent)

1243 3443 1540 3495 impediebant
1574 3440 1732 3481 inferre
1771 3440 1964 3489 vulnera,
2001 3451 2125 3492 aeque

1244 3514 1373 3561 atque
1412 3506 1622 3558 accipere.
1694 3504 1798 3544 Tac.
1827 3502 1942 3548 Hist.
1977 3502 2067 3543 lib..
2090 3513 2125 3550 ,1-
