2326 3944
297 277 409 333 464

298 417 388 456 tam
409 415 606 453 testatur.
661 411 859 454 Justinus
878 410 952 452 lib.
964 420 1059 451 xm.
1079 421 1182 462 qua*

298 477 349 521 lis
369 482 486 517 esset
507 475 684 517 Medica
704 475 851 526 vestiS,
869 476 935 517 his
950 475 1094 516 verbis
1110 475 1183 516 do*

299 545 398 581 cett
420 541 434 564 ‘
452 539 717 582 Vestisolim
737 538 802 578 sui
822 539 968 591 moris,
987 539 1063 591 [de
1080 539 1186 580 Pare

297 604 382 646 this
401 601 612 655 loquitur]
646 606 926 654 posteaquam
958 612 1186 643 accessere

298 678 420 720 opes,
437 672 492 706 ut
506 665 664 715 Medis,
680 664 904 718 perlucida
937 677 989 706 ac
1018 663 1186 706 fluida}

298 728 519 772 Medicam
550 733 714 768 vestem
745 727 1006 780 purpuream
1034 725 1185 779 fuisse,

298 792 565 842 demonstrat
609 792 852 844 Xenophon
899 790 972 831 lib.
1004 801 1036 831 ι.
1081 789 1185 843 Cyri

297 856 398 895 vitae
414 855 570 895 εΤαΐη-οι
585 853 664 906 γὰρ
681 852 812 894 πάντα
830 852 985 902 Μηδικά
999 854 1101 906 ἐστι,
1118 852 1185 894 καὶ

296 918 334 959 οἱ
349 920 542 971 πορφυροῖ
562 921 741 969 χιτῶνες,
772 916 838 958 καὶ
859 917 896 958 οἱ
914 916 1091 973 κάνδυες,
1119 917 1190 959 καὶ

297 983 484 1038 στρεποὶ
513 982 599 1035 περὶ
615 984 670 1036 τῇ
685 983 791 1036 δερῇ,
824 980 890 1022 καὶ
917 980 1066 1034 ψέλλια
1095 981 1201 1034 areph

296 1049 385 1087 ταῖς
403 1045 553 1098 χερσίν.
583 1047 761 1097 Magius.
815 1043 932 1086 Vide
969 1045 1186 1096 incompa-

298 1111 479 1151 rabilem
500 1109 766 1151 Brissonium
789 1108 863 1151 lib.
882 1119 915 1150 1.
946 1108 1001 1149 de
1030 1107 1185 1161 Regno

299 1174 473 1219 Persar.
510 1178 543 1198 ·'
620 1181 622 1185 ’
1187 1184 1191 1187 ’

351 1237 555 1280 Satellites
575 1236 708 1289 Medi]
754 1235 815 1277 Hi
833 1240 934 1276 sunt
951 1235 1186 1276 Persarum

298 1300 565 1355 Doryphori,
599 1301 673 1354 qui
700 1301 744 1341 in
777 1299 1088 1340 Immortalium
1108 1311 1187 1340 nu-

299 1375 437 1404 meros
468 1363 597 1406 relati
623 1367 765 1414 erant,
796 1359 1027 1414 Μηλοφόροι
1058 1360 1186 1414 dicti,

298 1427 413 1481 quod
444 1432 575 1471 aurea
605 1426 719 1467 mala
749 1426 884 1466 hastis
904 1423 1087 1477 praefixa
1104 1422 1189 1464 fer-

299 1498 412 1546 rent.
440 1491 629 1546 Bn'ssong
679 1489 924 1542 Melophori
952 1489 1186 1529 Persarum

300 1555 622 1607 interpretibus
647 1553 901 1595 clavatores
926 1551 1193 1606 .inepte„di·'

302 1624 474 1663 cuntur.
530 1617 656 1659 Mille
672 1627 852 1656 numero
876 1619 1004 1655 erant:
1029 1614 1188 1654 satelli-

299 1690 368 1722 tes
398 1681 549 1733 Regis,
571 1680 632 1722 sic
653 1679 863 1732 appellati
881 1690 907 1718 a
931 1678 1076 1719 colore
1095 1690 1188 1718 ves-

299 1747 356 1788 tis
374 1746 532 1785 melino
547 1758 560 1785 ι
582 1743 848 1784 incedebant
861 1742 977 1783 enim
993 1742 1192 1794 πορφυρᾶς

300 1807 370 1848 καῖ
382 1806 550 1858 μηλίνας
566 1804 778 1857 ἠσθημένοι
811 1804 978 1858 στολὰς,
1008 1811 1058 1846 ut
1084 1806 1188 1858 legi·

301 1884 394 1912 mus
433 1870 549 1923 apud
583 1869 878 1911 AElianumet
917 1869 1191 1911 Athenaeum.

305 1933 524 1977 casaubon.
580 1933 679 1974 Non
716 1939 879 1975 temere
916 1939 1077 1984 autem,
1114 1937 1191 1974 aut

300 1996 415 2040 forte
449 1996 719 2049 conscriptos
749 1995 902 2046 fuisse,
934 2008 1085 2037 verum
1109 1995 1194 2048 ἀρι-

301 2059 478 2112 στίνδην,
497 2059 736 2101 Athenaeus
754 2059 828 2103 ait.
877 2059 973 2100 Hoc
993 2058 1096 2112 quid
1117 2071 1191 2099 va«

299 2124 387 2163 leat
401 2122 592 2174 explicat
608 2122 913 2174 Moschopulus
925 2119 1012 2173 περὶ
1022 2123 1193 2172 σχεδῶν·

302 2185 548 2238 Ἀριστίνδην
563 2183 739 2236 ἐκλέγει,
769 2184 865 2225 ὅταν
883 2185 985 2225 κατὰ
999 2184 1190 2238 masupi-

302 2262 421 2294 στι-ους
440 2250 607 2294 ποιεῖται
623 2247 698 2296 τὴν
716 2246 904 2299 ἐκλογήν.
927 2253 930 2258 ’
948 2248 1010 2291 Ηί
1028 2249 1072 2290 in
1092 2249 1192 2291 aula

292 2312 434 2364 'Regis
453 2311 745 2356 excubabant.
799 2312 1029 2354 Persarum
1062 2323 1197 2364 porro¹¹

311 2375 454 2427 Reges
485 2375 612 2426 latus,
630 2379 718 2415 tam
757 2374 814 2415 ab
841 2375 1034 2416 externis
1064 2387 1193 2430 quam

303 2439 557 2496 domesticis
585 2438 797 2495 hostibus,
824 2452 981 2493 magno
1011 2440 1193 2492 stipato-

303 2515 398 2546 rum
442 2502 766 2556 satellitumque
813 2505 985 2557 agmine
1029 2505 1191 2546 munie-

301 2567 423 2618 bant,
441 2566 516 2620 qui
543 2565 758 2619 Δορυφόροι
777 2572 824 2608 et
847 2565 1088 2619 Αἲχμοφόροι
1119 2579 1191 2608 vo·

300 2629 528 2670 cabautur.
585 2629 914 2671 Onomasticum
938 2637 1085 2674 vetus:
1113 2635 1193 2671 Ao-

300 2690 481 2744 ρυφόρος,
498 2692 684 2745 stipator,
701 2694 870 2734 satelles.
912 2693 1093 2735 Suidas:
1114 2699 1191 2735 Δο-

300 2756 474 2809 ρυφόροι,
519 2757 713 2809 φύλακες,
763 2755 949 2809 ὑπηρέται
978 2756 1191 2811 βασιλέως,

303 2819 531 2872 ὁπλοφόροι,
551 2820 808 2862 ὑπασπισταί.
856 2821 1127 2864 Dicebantur
1144 2829 1193 2864 et

303 2883 656 2935 Σωματοφύλακες.
698 2884 822 2925 Idem
841 2885 1191 2936 Onomasticum;

307 2945 616 2997 Σωματοφύλαξ,
648 2947 819 2997 satelles,
854 2947 1037 2999 stipator.
1098 2948 1193 2990 Hu-

296 3008 490 3061 jusmodi
509 3009 709 3050 cohortes
729 3021 782 3048 ex
805 3010 1037 3052 Persarum
1057 3012 1193 3063 potis·

301 3075 454 3115 simum
475 3078 604 3126 gente
618 3072 1017 3115 conscribebantur.
1046 3075 1192 3116 Quan-

305 3149 432 3189 quam
472 3148 527 3176 ex
565 3135 733 3176 Ebraeis
772 3141 859 3175 tres
895 3135 1193 3177 adolescentes

303 3205 512 3253 spectatae
532 3199 635 3241 fidei
667 3202 862 3254 corporis
890 3201 1092 3243 custodes
1120 3201 1192 3241 ha-

304 3264 451 3306 buerit
473 3265 631 3306 Darius
652 3265 831 3316 Ochus;
860 3271 911 3307 ut
940 3278 993 3306 ex
1012 3265 1192 3319 Josephi

304 3328 379 3368 lib.
400 3338 464 3369 xl.
482 3331 522 3368 4.
553 3327 702 3382 Autiq.
719 3335 906 3371 constat.
945 3330 1028 3371 His
1050 3335 1193 3371 custo·

307 3389 432 3430 dibus
450 3389 583 3430 etiam
600 3390 843 3432 Praefectus
859 3391 1057 3434 dabatur.
1088 3393 1193 3434 Por-

307 3465 356 3492 ro
374 3453 519 3494 honori
554 3465 638 3494 non
673 3455 844 3498 modico
877 3455 1118 3496 ducebatur
1150 3456 1191 3496 in

309 3517 548 3570 hujusmodi
571 3519 875 3571 spiculatorum
898 3533 1095 3562 numeros
1128 3532 1192 3560 re-

682 291 861 333 No'rAE
907 289 1241 332 VARtoRUM
1283 290 1349 333 IN
1391 290 1442 333 Ο.
1482 290 1748 330 NEPOTIS

1245 407 1366 450 ferri.
1421 409 1590 452 Quibus
1619 411 1760 462 Reges
1781 407 1950 461 stipati,
1982 407 2131 450 abiu-⁹

1245 473 1738 526 currentibuspericulis
1766 473 1946 514 tutiores
1976 471 2131 512 redde⁴

1246 535 1415 576 bantur.
1472 537 1538 577 Ex
1558 537 1641 577 illis
1659 534 1880 589 δορυφόροις
1899 547 2022 586 unus,
2049 535 2133 575 sel-²

1245 599 1300 641 1ae
1335 611 1474 640 aureae
1502 599 1685 653 pedibus
1712 599 1823 652 regis
1849 610 1876 638 e
1901 610 2031 639 curru
2057 597 2135 639 de-

1245 662 1492 704 scendentis
1509 662 1789 715 subjiciendae
1809 671 1952 712 causa,
1966 662 2133 714 regium

1246 738 1418 767 currum
1452 727 1571 780 sequi
1605 726 1774 778 solitus,
1807 731 1855 766 ut
1889 725 2135 767 Athenaeus·

1246 789 1319 830 lib.
1340 800 1426 830 xu.
1455 789 1602 830 docet.
1658 789 1788 842 Regii
1820 794 1966 829 autem
1994 788 2131 840 stipas

1247 857 1365 894 tores
1383 863 1441 892 aes
1459 863 1545 892 non
1565 852 1808 903 merebant,
1839 851 1916 893 sed
1950 863 1976 893 a
2009 851 2131 902 Rege

1246 925 1434 955 annonas
1454 914 1702 966 capiebant,
1714 914 1860 967 eisque
1879 925 1933 955 ex
1954 913 2136 965 Regalis·

1246 990 1406 1026 mensae
1440 977 1632 1030 reliquiis
1665 976 1830 1018 cibaria
1860 978 2135 1029 praestubam‘

1247 1046 1332 1085 tur.
1386 1041 1496 1082 Haec
1527 1040 1619 1082 fere
1648 1039 1995 1093 incomparabilis
2014 1039 2134 1083 Bris-

1245 1117 1390 1148 somus.
2026 1116 2029 1119 ·
2123 1113 2132 1118 ·

1260 1207 1263 1210 .
1301 1167 1551 1221 Epulabatur
1568 1180 1674 1209 more
1692 1165 1925 1220 Persarum]
1943 1167 2013 1208 De
2026 1166 2136 1207 Per«

1247 1243 1389 1273 sarum
1418 1232 1536 1273 victu
1563 1232 1773 1284 legendus
1808 1236 2051 1288 Xenophon
2083 1235 2139 1276 li·

1249 1297 1329 1339 bro
1355 1310 1458 1340 vm.
1485 1297 1612 1352 Κύρου
1645 1299 1836 1341 παιδείας.
1891 1300 2139 1352 Exponitur

1249 1364 1436 1405 aTullio
1454 1376 1510 1406 ex
1539 1363 1690 1406 eodem
1721 1364 2024 1417 Xenophonte,
2055 1369 2139 1416 qm·

1206 1478 1222 1488 ⁸
1248 1433 1379 1480 negat
1415 1427 1469 1469 ad
1507 1439 1646 1480 panes
1691 1428 1920 1481 quicquam
1969 1426 2140 1470 addere

1249 1497 1410 1542 praeter
1430 1491 1706 1533 nasturtium.
1761 1490 1849 1531 Sed
1883 1490 2137 1542 intelligen-

1249 1554 1349 1597 dum
1367 1554 1465 1607 hoc,
1497 1560 1727 1609 autequam
1763 1553 1884 1594 Medi
1921 1566 1948 1594 a
1982 1553 2134 1594 Persis

1250 1619 1417 1660 subacti
1456 1624 1613 1661 essent.
1680 1618 1919 1671 Postquam
1950 1628 2056 1658 vero
2086 1617 2142 1660 in.-

1250 1694 1377 1725 uuum
1394 1682 1620 1735 imperium
1634 1681 1901 1733 coaluerunt,
1919 1680 2135 1721 luxuriam

1251 1745 1483 1787 Medon-un
1517 1745 1667 1784 Persae
1705 1743 1995 1796 arripuerunt.
2062 1741 2135 1784 Aa

1253 1813 1512 1860 praesentem
1539 1806 1679 1847 locum
1706 1805 1819 1859 quod
1841 1805 2015 1856 attinet,
2035 1804 2135 1856 tege

1251 1870 1466 1912 Herodot.
1502 1881 1567 1910 lx.
1599 1867 1818 1910 Plutarch.
1862 1867 2008 1919 ἂποφθ.
2041 1869 2146 1908 λακ.

1251 1934 1452 1975 Keuchen.
1507 1932 1658 1976 Qualis
1674 1938 1817 1973 autem
1835 1930 1970 1972 fuerit
2003 1942 2143 1984 appa-.-

1251 2003 1372 2039 ratus
1404 1997 1606 2039 Persicus
1626 1997 1799 2050 copiose
1834 1996 1889 2038 ab
1900 1995 2148 2041 sAthenaeo-

1252 2062 1326 2104 lib.
1347 2073 1413 2105 lv.
1442 2061 1716 2103 describitur.
2054 2091 2056 2093 v

1281 2142 1284 2144 ·
1316 2126 1484 2167 Aditum
1513 2124 1736 2179 petentibus
1766 2121 2017 2163 conveniendi
2053 2132 2140 2162 now

1251 2189 1392 2242 dabat]
1422 2191 1558 2231 Recte
1584 2189 1756 2230 additur
1786 2188 1970 2240 negandi
2001 2187 2144 2241 parti-³

1251 2256 1367 2306 cula,
1385 2253 1498 2308 quod
1518 2253 1648 2295 facile
1676 2253 1885 2294 videbunt
1918 2251 1992 2305 qui
2023 2252 2135 2292 Thu-

1251 2316 1418 2370 cydidis
1446 2317 1525 2357 hoc
1555 2316 1830 2368 intelligunt:
1858 2312 2146 2366 Ampdcotboe

1250 2393 1298 2422 τε
1315 2377 1436 2420 αὐτ-ὸν
1459 2381 1640 2432 παρεῖχε,
1667 2378 1731 2420 καὶ
1748 2381 1801 2433 τῇ
1817 2379 1917 2433 ὀργῇ
1931 2378 2035 2419 οὕτω
2059 2392 2136 2430 χοι-

1251 2444 1356 2497 λεπῇ
1382 2443 1529 2496 ἐχρῆτο
1564 2443 1604 2485 ἐς
1638 2441 1789 2484 πάντας
1834 2442 1998 2494 ὁμοίως,
2032 2442 2140 2484 ὥστε

1249 2507 1398 2558 μηδένα
1418 2505 1603 2549 δύνασθαι
1633 2505 1846 2559 προσιέναι.
1902 2506 2014 2547 vide
2037 2517 2134 2559 quae

1252 2571 1296 2614 in
1311 2572 1402 2612 vita
1417 2571 1622 2612 Aristidis
1640 2583 1695 2611 ex
1714 2570 1950 2610 Plutarcho
1969 2569 2010 2608 in
2024 2563 2135 2609 hanc

1252 2635 1512 2677 sententiam
1531 2634 1785 2677 notavimus.
1831 2633 1987 2673 Exstat
2005 2631 2145 2683 insig-·

1253 2699 1319 2739 nis
1338 2699 1471 2739 etiam
1493 2697 1760 2750 comparatio
1779 2695 1834 2736 de
1852 2695 1931 2736 hac
1953 2705 2000 2735 re
2019 2693 2135 2746 apud

1252 2761 1486 2803 Aristidem
1509 2761 1750 2814 sophistam
1776 2759 1820 2799 in
1850 2759 2063 2800 Oratione
2081 2758 2139 2798 de

1253 2824 1452 2865 laudibus
1469 2824 1533 2864 M.
1553 2822 1721 2864 Aurelii
1741 2821 1995 2875 philosophi.
2052 2821 2135 2861 Ad-

1252 2889 1356 2928 itum
1371 2887 1594 2941 petentibus
1611 2885 1861 2927 conveniendi
1891 2897 1967 2925 uon
1995 2879 2137 2936 dabat]

1254 2952 1374 3004 Lege
1404 2950 1661 2995 conveniundi
1690 2947 2019 3000 suffragantibus
2051 2948 2138 2988 Ex-

1255 3014 1429 3066 cerptis.
1484 3015 1543 3054 Et
1568 3013 1630 3053 sic
1660 3012 1764 3053 alibi
1799 3011 2004 3064 loquitur.
2059 3011 2137 3052 At-

1254 3076 1450 3117 cibiade:
1480 3076 1552 3116 ‘Si
1571 3075 1699 3116 modo
1727 3075 1818 3127 ejus
1846 3075 2138 3121 conveniundi

1253 3139 1475 3179 habuisset
1507 3137 1801 3191 potestatem.'
1867 3138 2138 3179 conveniundi

1255 3214 1332 3255 pro
1350 3201 1615 3253 conveniendi,
1626 3207 1675 3242 ut
1693 3202 1962 3257 interficiundi
1982 3213 2058 3255 pro
2071 3203 2134 3241 ἰη-

1253 3264 1474 3318 ter-fidendi
1506 3264 1550 3304 in
1587 3264 1782 3316 ejusdem
1818 3266 1923 3316 vita,
1956 3271 2002 3306 et
2032 3264 2137 3305 alibi

1254 3328 1425 3381 saepius.
1453 3328 1657 3370 Kenchen.
1709 3327 1848 3369 Tacit.
1879 3327 1994 3368 Anu.
2026 3337 2075 3368 n.
2094 3331 2136 3369 2.

1253 3392 1473 3445 ‘prorupti
1503 3392 1660 3443 aditus,
1690 3391 1816 3432 obvia
1842 3391 2037 3442 comitas,
2074 3391 2138 3443 ig-

1255 3461 1368 3496 notae
1407 3455 1583 3496 Parthis
1620 3454 1820 3503 virtutes,
1857 3466 1968 3495 nova
2006 3454 2139 3496 vitia?

1257 3519 1353 3559 Hoc
1393 3519 1518 3565 modo
1553 3523 1621 3559 est
1648 3518 1967 3570 intelligendus
2018 3519 2151 3559 locus
