2306 3900
296 236 444 295 lxxii

313 410 320 421 ,
353 374 493 416 Boecl.
510 372 619 414 Add.
632 371 793 417 vitruv,
817 375 871 426 vi,
886 374 951 418 10.
968 376 1179 420 νεείδὶυοῐ.

353 429 408 470 G.
426 429 653 484 Philandri)
813 455 816 459 ·

642 591 771 631 VH.

297 695 454 740 Habere
483 703 674 739 amatores
698 699 1034 753 quamplurimos,
1063 699 1179 741 Praef.

352 756 459 794 bona
490 753 614 794 multa
649 755 698 792 ab
733 760 873 794 natura
898 768 937 801 x,
966 758 989 795 1
1033 755 1179 796 exitum

310 841 312 843 .
351 809 444 848 vitae
473 808 591 847 talem
623 808 685 846 vel
722 809 839 847 talem
866 807 974 855 xviii,
995 811 1045 849 13
1088 809 1178 849 Sic:

348 862 570 902 habuerunt
595 863 702 900 hunc
726 860 874 901 exitum
891 862 1072 914 plerique
1088 862 1181 902 clari

350 915 422 955 viri
450 917 575 962 xix,4
604 915 746 954 habere
766 914 1179 956 maximamfidueiam

349 969 533 1022 potiundi
569 969 680 1021 regni
705 969 799 1016 xvii,
816 973 843 1010 4
885 971 1181 1009 summum-im-

349 1024 500 1076 perium
526 1023 621 1071 xvii,
638 1026 666 1063 2
694 1028 846 1062 tantum
867 1035 1036 1063 amorem
1054 1023 1180 1063 omni-

341 1090 430 1124 um,
458 1083 504 1117 ut
532 1075 607 1117 &m
636 1076 759 1130 (adeo
779 1078 828 1116 ab
846 1077 1028 1116 omnibus
1046 1077 1180 1126 amari,

349 1137 397 1170 ut
414 1131 514 1184 &c.)
539 1145 605 1179 xx,
625 1135 650 1172 3
679 1131 767 1184 (Sic
796 1131 878 1170 fere
909 1131 1048 1171 Cicero
1069 1132 1180 1171 2.*de

347 1184 453 1225 offic.
481 1190 493 1209 ‘
514 1186 679 1224 maxime
696 1184 1179 1224 necessariumestfamili-

347 1240 504 1279 aritates
510 1240 653 1279 habere
665 1239 764 1278 fidas
775 1239 989 1279 amantium
1001 1251 1072 1278 nos
1085 1238 1181 1278 ami·

314 1325 315 1328 *
348 1306 482 1333 corum
508 1300 551 1333 et
577 1299 711 1332 nostra
731 1291 1002 1346 mirantium').
1037 1293 1180 1333 habere

347 1348 496 1387 nullam
508 1347 697 1387 invidiam
710 1346 814 1401 (non
825 1345 1062 1387 invidiosum
1073 1345 1181 1399 esse)

347 1400 431 1449 viii,
447 1405 475 1442 4
502 1401 662 1440 laudem
685 1400 820 1440 formae
846 1400 927 1447 xxi,
945 1403 969 1441 1
1008 1401 1181 1452 collegas

311 1487 314 1492 ⁴
349 1467 416 1503 κν,
433 1459 458 1496 ’1
488 1461 667 1493 naturam
692 1454 912 1500 fautricem,
938 1454 982 1492 in
1006 1453 1179 1492 tribuen-

347 1508 410 1548 dis
432 1508 552 1548 animi
582 1502 789 1547 virtutibus
817 1505 911 1554 xvii,
930 1510 956 1547 8
985 1507 1180 1546 obtrecta-

348 1568 472 1601 torem
499 1574 565 1609 xv,
587 1565 613 1601 5
657 1566 929 1600 ornamentum
959 1561 1010 1599 ab
1046 1559 1179 1612 aliquo

347 1615 570 1668 (accepisse
601 1615 652 1653 ab
679 1615 814 1666 aliquo
840 1615 1023 1660 honores,
1051 1613 1181 1666 digni-

346 1675 463 1715 tates,
492 1667 611 1721 opes)
637 1680 728 1714 xxv,
745 1671 772 1708 7
814 1672 971 1719 tempus
1002 1667 1182 1706 morandi

346 1724 376 1771 i,
395 1727 416 1763 1
447 1722 729 1775 quinquagena
743 1719 895 1760 talenta
910 1719 1113 1773 vectigalis
1131 1734 1180 1761 ex

347 1782 476 1817 castro
501 1776 570 1823 vii,
588 1779 616 1816 9
643 1775 731 1830 (Sic
760 1787 829 1827 qu.
864 1774 988 1824 edd-3
1017 1774 1089 1814 sed
1107 1787 1181 1814 nos

344 1829 556 1876 edidimus,
570 1828 747 1882 capere).
760 1833 995 1881 potestatem
1007 1827 1181 1880 cujusvis

347 1883 586 1924 conditionis
623 1882 732 1936 (scil.
776 1882 1014 1934 quaerendae,
1054 1882 1180 1935 impe-

347 1936 520 1990 trandae)
548 1949 639 1984 xxv,
658 1940 712 1978 12
739 1941 976 1988 potestatem
1013 1934 1180 1988 alicujus

347 1991 616 2033 conveniundi
642 1989 713 2038 vii,
731 1994 759 2030 9
784 1989 1045 2042 cupiditatem
1075 1989 1182 2029 noti-

344 2045 413 2085 tiae
442 2046 635 2097 clarorum
661 2044 831 2094 virorum
859 2042 1071 2097 (cupidum
1098 2055 1183 2083 esse

345 2097 612 2152 cognoscendi
629 2111 690 2138 res
707 2096 997 2150 dator-viror.)
1018 2109 1109 2145 xxv,
1129 2099 1183 2138 18

347 2153 447 2192 nihil
475 2152 626 2205 negotii
643 2152 718 2206 (de
734 2163 775 2191 re
793 2150 900 2191 facili
917 2157 958 2191 et
974 2150 1182 2204 expedita)

346 2206 457 2254 xviii,
475 2211 528 2249 12
555 2205 644 2260 (Sic
657 2204 796 2247 Cicero
811 2203 991 2259 passim).
1004 2217 1181 2257 praecep-

266 2293 269 2295 .
347 2265 473 2299 torem
499 2273 565 2308 xv,
583 2264 611 2300 2
638 2258 879 2313 provinciam
899 2258 977 2312 (de
994 2259 1180 2312 praefecto

346 2313 548 2366 provinc.)
576 2312 656 2359 xiv,
676 2317 700 2354 1
713 2314 715 2316 ’
730 2309 958 2352 societatem
986 2324 1078 2352 cum
1109 2311 1180 2351 ali·

346 2378 428 2418 quo
454 2367 509 2413 iv,
528 2370 569 2406 3.
607 2363 722 2410 xii,2
757 2363 964 2421 maximam
994 2376 1107 2416 spem
1137 2364 1181 2404 in

349 2419 482 2472 aliquo
509 2418 578 2465 vii,
597 2420 622 2457 8
663 2429 773 2470 spem
805 2416 979 2455 victoriae
1010 2416 1179 2469 positam

347 2472 390 2512 in
408 2470 576 2524 alicujus
589 2469 773 2523 pernicie
799 2469 907 2517 xviii,
927 2472 978 2511 11
1008 2470 1181 2523 antiqui-

347 2533 470 2565 tatem
505 2526 608 2564 adeo
644 2523 852 2575 diligenter
885 2521 1099 2575 cognitam,
1133 2529 1180 2562 ut

345 2578 424 2620 &c-
459 2578 510 2632 (i.
541 2592 579 2617 e.
609 2578 855 2630 cognovisse,
884 2577 996 2624 scire,
1024 2577 1181 2632 tenere)

349 2646 442 2681 xxv,
461 2636 514 2674 18
542 2629 872 2684 Philosophorum
901 2635 1101 2684 praecepta
1124 2630 1182 2672 ita

350 2693 552 2741 percepta,
579 2691 626 2726 ut
653 2684 731 2726 &c-
775 2683 1045 2738 (percepisse)
1089 2698 1180 2733 xxv,

352 2745 406 2783 1⁷
432 2741 524 2780 Sic:
553 2750 653 2793 quos
671 2738 827 2780 relictos
858 2745 977 2791 atque
1006 2739 1181 2778 desertos·

349 2793 523 2835 habuisti
552 2795 603 2848 (i.
628 2805 665 2832 e.
695 2792 885 2846 reliquisti
913 2797 1033 2845 atque
1069 2794 1182 2833 dese-

349 2847 496 2903 ruisti),
516 2848 578 2888 Fr.
594 2851 647 2889 12
674 2847 762 2901 (Ita
778 2846 988 2887 Suetonius
1006 2845 1111 2900 Aug·
1126 2850 1182 2888 94

353 2909 366 2927 ⁸
395 2916 487 2943 cum
531 2902 754 2955 Augustum
797 2900 1042 2953 incognitum
1085 2899 1182 2940 alias

352 2957 538 2996 haberet?
583 2957 715 3003 Quam
726 2955 889 3008 figuram
899 2953 1027 2994 Graeci
1036 2968 1182 3008 μακρο-

351 3010 511 3062 λογίαν,
541 3010 674 3049 Latini
701 3009 1000 3063 productionem
1026 3014 1182 3049 vocant.

351 3064 433 3105 vid.
461 3064 657 3104 Buchner.
685 3065 736 3103 de
753 3068 938 3103 commut.
957 3068 1028 3101 rat.
1046 3062 1126 3102 dic.
1153 3062 1183 3110 i,

353 3123 423 3167 21,
443 3123 482 3160 1.
510 3118 605 3159 add.
621 3117 673 3158 cl.
687 3116 821 3157 Vorst.
839 3117 891 3157 de
908 3115 1069 3156 Latinit.
1083 3115 1183 3156 falso

354 3177 526 3225 suspect.
553 3184 643 3225 cap.
660 3170 724 3225 7).
755 3176 816 3210 tot
833 3183 957 3211 annos
973 3169 1049 3224 (de
1067 3174 1184 3211 aetate

355 3232 416 3264 tot
428 3225 542 3279 ann.)
557 3229 679 3273 xxvj
708 3225 801 3265 satis
813 3225 1064 3278 eloquentiae,
1077 3238 1182 3265 sum-

355 3293 457 3319 mam
487 3281 771 3328 liberalitatem,
799 3278 979 3332 magnam
1011 3280 1182 3332 pruden-

356 3333 449 3372 tiam
476 3348 514 3380 v,
533 3337 560 3374 2
587 3335 729 3375 festum
759 3333 926 3386 alicujus
947 3333 1054 3374 diem
1070 3338 1181 3373 nata·

359 3386 434 3426 lem
453 3386 689 3478 Scelebmre)
716 3401 781 3435 xx,
800 3393 824 3430 5
854 3393 989 3428 sancta
1005 3387 1180 3428 Deorum

355 3445 467 3493 temp
481 3452 506 3479 a
524 3441 625 3494 (non
642 3441 826 3482 violanda
851 3442 1015 3496 ducere)
1042 3441 1136 3489 xvii,
1154 3445 1181 3482 4

344 3493 444 3548 (Sic
460 3493 600 3536 Cicero
617 3507 687 3548 pro
703 3494 821 3536 Arch.
849 3500 863 3519 ‘
883 3495 1014 3547 poe'tae
1030 3495 1182 3548 semper

1083 272 1093 279 -
1114 250 1319 294 mnssx

1257 383 1261 387 '
1295 377 1552 432 memnon
1565 375 1792 419 sanctisunt
1805 369 2126 446 habitit'vont.)

1286 433 1424 481 sshabeo
1448 445 1517 473 vos
1546 438 1665 474 testes
1698 444 1791 480 xxV,
1808 435 1861 473 21
1902 431 2128 486 haberefti-

1270 498 1441 527 <morem
1477 487 1550 535 vii,
1581 491 1605 527 3
1632 487 1796 532 ,habere
1829 486 2000 540 aliquem
2016 491 2127 527 'cum

1254 554 1258 559 ’
1291 539 1458 602 imperio
1493 553 1558 594 ap.
1594 540 1759 580 exercit.-
1788 539 1951 588 xxiii‚'⁰1‘
1982 540 2127 590 habere

1275 600 1507 641 exercitum
1533 607 1597 647 ap.
1616 592 1780 649 (versari
1810 606 1902 635 cum
1923 591 2128 648 exemto)

1295 647 1364 696 vii,
1382 653 1408 689 5
1434 654 1564 688 castra
1579 649 1741 688 nautica
1763 647 1882 700 jux-ta
1898 647 2031 688 hostel
2043 649 2128 696 fvii,

1256 704 1322 749 28
1349 709 1475 742 castra
1485 701 1630 742 alicubi
1655 702 1764 750 xxiii,
1777 707 1801 743 6
1833 701 2127 743 contentionem

1293 767 1384 795 cum
1415 756 1548 810 aliquo
1578 756 1819 809 (disceptare
1851 755 1951 810 ὅτε.)
1987 755 2082 803 xvii,
2101 759 2125 796 1

1295 809 1467 860 aliquem
1496 819 1629 848 secum
1657 809 1905 862 (convictum
1940 814 2054 850 notat
2079 822 2126 850 ac

1296 861 1475 915 ὁμιλίαν)
1502 874 1593 909 xxv,
1611 865 1652 902 4.
1678 865 1992 916 &4¹1¹me
2018 862 2126 911 xxiii,

1296 919 1350 957 12
1377 929 1459 955 non
1478 916 1566 968 plus
1584 913 1724 955 habuit
1740 924 1888 964 secum',
1914 926 1917 932 '
1970 917 2129 962 atfftri-

1297 969 1406 1022 ginta
1442 971 1494 1009 de
1530 970 1609 1009 suis
1645 970 1719 1024 (de
1744 970 1941 1010 comitatu
1982 965 2128 1023 ‘V'flh2

1294 1025 1438 1063 habere
1452 1023 1636 1076 ›aliquem
1655 1024 1707 1063 ad
1723 1035 1883 1063 manum
1908 1022 1989 1077 (uti
2007 1022 2129 1065 alieu-

1289 1076 1374 1129 jus
1395 1076 1767 1132 ministerio)·xviii,
1801 1082 1823 1118 1
1870 1078 1969 1132 nihil
1990 1073 2131 1127 ‘ouius

1296 1130 1586 1171 existimatione
1620 1143 1692 1172 sua
1731 1145 1821 1179 ην,
1859 1135 1914 1173 18
1958 1129 2130 1185 aliquem

1294 1185 1534 1226 carissimum
1570 1184 1914 1239 (inter'carissim.
1959 1184 2137 1239 ponere)

1295 1250 1384 1285 xxV,
1406 1242 1471 1279 10.
1511 1238 1581 1287 vii,
1609 1242 1660 1281 11
1702 1239 1825 1292 aliqu.
1862 1238 2054 1293 collegam
2084 1239 2131 1277 'in

1295 1294 1503 1334 consulatu
1526 1304 1767 1345 censuraque
1795 1292 1903 1340 xxiv,
1925 1294 1942 1333 1
1975 1291 2132 1346 consilii

1295 1346 1513 1400 principem
1521 1345 1603 1400 (uti
1611 1347 1743 1399 aliquo
1751 1347 1909 1398 collega
1915 1346 2131 1409 etprincip,

1296 1401 1427 1454 cons.)
1466 1414 1556 1447 κεν,
1575 1405 1601 1440 8
1645 1401 1740 1452 aliq.
1776 1401 1979 1440 inimicum
2013 1399 2132 1454 (odio

1294 1453 1429 1492 haberi
1459 1455 1511 1493 ab
1541 1453 1703 1506 aliquo)
1725 1452 1803 1500 xiv,
1823 1456 1848 1494 ὅ
1884 1452 2066 1506 aliquam·
2085 1453 2129 1493 in

1294 1506 1556 1554 matrimonio,
1570 1507 1687 1547 Praef.
1701 1513 1744 1546 et
1768 1520 1808 1554 x,
1825 1509 1848 1547 1
1878 1507 2129 1547 habere-con-

1295 1560 1428 1603 cilium
1453 1561 1665 1600 amicorum
1690 1559 1929 1613 (convocare
1959 1560 2130 1612 amieos)

1294 1625 1361 1660 xv,
1379 1616 1405 1653 3
1434 1613 1500 1653 Sic
1514 1627 1528 1652 ι
1555 1624 1648 1653 cum
1671 1613 1732 1654 ibi
1753 1613 1971 1654 ,concilium
1986 1613 2128 1668 populi

1292 1667 1502 1706 haberetur
1526 1678 1592 1713 xx,
1610 1669 1638 1708 4
1672 1663 1873 1718 judicium
1891 1666 2049 1708 nullm
2061 1669 2132 1709 ha-

1293 1719 1382 1760 buit
1407 1731 1498 1767 xxv,
1516 1724 1544 1762 6
1571 1720 1645 1774 (de
1662 1719 1814 1768 Attico,
1845 1732 1965 1774 quem
1980 1720 2130 1761 Manu-

1296 1774 1374 1813 tius
1391 1772 1589 1814 existimat
1611 1773 1792 1826 judicem
1809 1772 1914 1816 inter
1929 1772 2130 1829 litigantes

1294 1829 1421 1880 nunq.
1439 1826 1575 1868 fuisse.
1590 1827 1794 1881 Boecler.)
1824 1829 1970 1870 habere
1985 1830 2130 1870 ontio-

1295 1894 1387 1921 nem
1414 1895 1503 1930 xxv,
1521 1885 1576 1922 22
1616 1881 1874 1935 quaestionem
1907 1882 1971 1924 de.
1993 1881 2129 1937 aliquo

1295 1936 1371 1990 (de
1407 1935 1636 1988 cognitione
1666 1934 1873 1989 judiciali)
1896 1935 2019 1984 viu-1·
2037 1942 2132 1977 ,σέτ-

1295 2001 1452 2033 monem
1482 1990 1535 2029 de
1567 1989 1700 2042 aliqua
1726 2002 1768 2029 re
1797 1989 1892 2044 (pro
1911 2002 1996 2043 quo
2007 1990 2128 2044 paulo

1299 2049 1418 2083 ante:
1445 2043 1646 2096 disputare
1678 2043 1730 2083 de
1761 2043 1895 2108 aliqua
1924 2042 1992 2101 re)
2005 2056 2084 2092 xv,
2102 2048 2128 2086 ³

1296 2097 1442 2137 habere
1468 2102 1632 2151 'tempus
1667 2098 1843 2139 morandi
1869 2095 1942 2146 i‚·1
1981 2097 2128 2139 habere

1263 2176 1266 2180 -
1297 2149 1418 2191 alicui
1434 2151 1555 2194 fidem
1581 2148 1624 2198 ii,
1641 2153 1683 2192 7.
1709 2165 1749 2200 x,
1768 2155 1808 2192 5.
1836 2150 1916 2200 xiv,
1929 2153 1980 2193 11
2002 2150 2131 2192 *aneni

1296 2205 1487 2247 honorem
1503 2203 1745 2257 praecipuum
1770 2205 1826 2254 ix,
1846 2208 1871 2248 1
1908 2203 2028 2246 alieni
2055 2205 2128 2245 ho-

1295 2270 1432 2298 norem
1465 2257 1642 2312 quemvis
1668 2258 1723 2306 ix,
1741 2261 1767 2300 8
1808 2257 1927 2301 alicui
1958 2259 2128 2308 honores

1295 2325 1432 2351 omnes
1450 2310 1608 2364 publice
1634 2315 1769 2359 xxv,ss
1808 2310 1927 2352 alicui
1945 2311 2132 2352 mnxhnu

1296 2363 1438 2416 gratias
1466 2364 1510 2403 in
1542 2363 1675 2416 aliqua
1702 2377 1744 2404 re
1771 2377 1836 2412 xx,
1854 2367 1882 2405 4
1909 2363 2051 2419 (quam
2069 2365 2129 2406 lo·

1324 2417 1443 2456 uendi
1460 2417 1649 2457 rationem
1667 2416 1770 2456 male
1783 2417 1998 2460 Lambinus
2008 2425 2130 2473 negat

1353 2470 1476 2510 tinam
1505 2481 1604 2511 esse.
1635 2470 1718 2510 vid.
1748 2469 1906 2515 nucha.
1935 2470 2061 2512 Thes.
2082 2486 2130 2513 .v.

1296 2521 1470 2577 Gratia).
1502 2523 1646 2563 habere
1676 2523 1752 2563 iter
1785 2522 2034 2577 (faciendum
2057 2525 2130 2566 de·

1296 2576 1482 2629 stinasse)
1510 2575 1616 2624 xviii,
1636 2579 1662 2617 8
1701 2575 1844 2618 habere
1874 2577 1949 2617 sibi
1977 2577 2128 2633 aliquid

1296 2644 1400 2672 curae
1425 2630 1657 2685 (diligenter
1672 2630 1827 2684 curare)
1854 2643 1944 2679 xxv,
1962 2634 2019 2673 20
2044 2644 2127 2683 non

1294 2683 1435 2726 habuit
1460 2685 1503 2724 id
1534 2685 1641 2734 satis,
1671 2685 1742 2725 sed
1770 2685 1890 2726 etiam
1918 2683 1995 2728 &m
2023 2685 2128 2741 (non

1297 2743 1506 2780 contentus
1539 2739 1616 2778 fuit
1650 2737 1694 2778 id
1727 2738 1887 2793 fecisse)
1914 2752 1980 2789 xv,
2004 2743 2037 2782 ⁴
2079 2746 2128 2780 ut

1295 2792 1585 2833 Lacedaemonii
1612 2792 1704 2832 satis
1734 2793 1936 2842 haberent,
1966 2793 2000 2833 si
2026 2793 2128 2842 salvi

1297 2847 1372 2890 ὅτε.
1398 2860 1465 2895 xv,
1483 2850 1510 2887 8
1574 2846 1654 2886 vid.
1673 2845 1761 2886 infr.
1778 2845 1880 2886 Satis
1906 2874 1917 2886 .
1935 2847 2124 2900 quemad-

1298 2900 1458 2941 modum
1490 2913 1534 2941 σε
1593 2901 1725 2940 aberet
1751 2899 1819 2953 (ut
1836 2914 1862 2939 v
1899 2901 2025 2951 etudo
2038 2899 2125 2954 ejus

1297 2962 1520 3007 comparata
1550 2954 1685 3007 esset)
1702 2968 1742 3000 x,
1764 2958 1792 2995 2
1837 2954 1893 2994 ita
1927 2966 1970 2995 se
2004 2954 2125 3002 habet

1296 3008 1899 3116 {iipa‘iblhiiffis‘ss‘l’ssss'zioess'
1913 3007 2141 3112 3⁸23&

1690 3089 1699 3101 ·
1883 3091 1896 3112 v

1298 3115 1559 3170 suspicionem
1605 3115 1785 3156 adulterii
1828 3128 1892 3165 xv,
1928 3120 1954 3158 6
2011 3116 2124 3171 (heic

1296 3176 1311 3194 ‘
1329 3169 1591 3224 suspicionem
1626 3169 1782 3210 habere’
1814 3168 1922 3223 idern
1968 3175 2031 3210 est
2071 3181 2122 3218 ac

1298 3230 1311 3249 ‘
1330 3230 1554 3277 suspectum
1577 3237 1661 3264 esse
1675 3223 1700 3274 ς’
1729 3221 1911 3265 Ciceroni
1934 3229 2024 3264 vero
2051 3220 2122 3274 lib·

1297 3280 1348 3319 ad
1365 3278 1503 3319 Famil.
1521 3282 1560 3319 8.
1578 3279 1705 3332 Epist.
1735 3282 1801 3320 15.
1829 3283 1889 3318 est
1916 3282 1929 3301 ‘
1946 3276 2122 3330 suspica·

1295 3333 1358 3381 ri,’
1403 3333 1562 3387 quando
1594 3332 1753 3386 inquit:
1800 3337 1814 3355 ‘
1845 3330 1918 3377 Sus
1948 3329 2116 3371 icionem

1295 3386 1441 3427 nullam
1475 3387 1665 3427 habebam
1707 3391 1747 3437 te
1786 3383 1923 3438 reipub
1998 3396 2117 3427 causa

1294 3455 1396 3482 mare
1413 3438 1709 3493 transiturum’).
1742 3451 1821 3479 non
1848 3436 2055 3482 dubitabat
2073 3450 2115 3481 se

1294 3496 1513 3536 habiturum
1557 3492 1787 3534 sententiam
1831 3490 2007 3532 Deorum
2051 3491 2115 3546 (se
