2326 3944
283 284 392 344 460

283 415 444 469 pendia
463 415 711 456 exsolvere:
755 420 802 455 et
821 414 1023 468 quicquid
1052 414 1166 454 insu·

282 493 361 532 per
378 479 496 519 facto
514 491 622 531 opus
653 483 783 531 esset,
811 477 1015 520 effectum
1047 478 1166 520 dare.

283 543 464 584 Brisson.

339 607 512 646 Natione
530 604 693 656 Medus]
721 603 866 645 Persa.
909 603 1036 647 Quod
1052 603 1168 645 idem

284 675 365 710 est.
421 668 542 709 Adeo
562 669 675 709 enim
692 668 760 709 hae
774 668 876 708 duae
890 673 1051 720 ,gentes
1069 677 1168 709 moa⁴

284 735 459 773 luerunt
501 733 545 773 in
583 744 726 784 tunam,
759 736 809 773 ut
851 732 1007 785 passim
1052 728 1168 784 apud

285 798 463 837 Graecos
494 796 687 849 reperias
718 795 874 836 Medos
909 807 989 848 pro
1022 794 1168 835 Persis

282 862 489 914 poni‚‚et'
513 860 749 913 μηδίζοντὸις
779 873 869 914 eos,
905 858 998 916 qui'
1018 860 1169 904 Persis

284 925 530 969 studebant.
587 925 770 965 Grotius.
890 958 893 960 ,

339 988 464 1039 Regis
498 989 638 1041 gener]
693 987 840 1039 Darii,
875 987 1000 1045 cujus
1035 986 1172 1028 filiam·

283 1050 571 1092 Artozostren
599 1052 643 1092 in
669 1051 941 1092 matrimonio
967 1050 1171 1094 habebat.

283 1115 412 1158 Quod
433 1115 469 1154 si
487 1115 542 1155 de
560 1116 710 1156 Xerxe
731 1115 891 1168 capias,
922 1119 1056 1166 gener
1074 1115 1171 1155 heic

284 1178 369 1220 erit
409 1179 568 1219 sororis
603 1179 796 1220 maritus.
853 1179 1055 1221 Gebhard.
1126 1177 1171 1219 Si

285 1242 513 1284 Herodoto
532 1242 792 1284 credendum
812 1247 894 1293 est,
923 1240 1059 1295 Regis
1086 1239 1173 1283 fuit

284 1305 488 1346 sororius.
547 1305 659 1347 Nam
679 1305 754 1347 lib.
772 1318 837 1349 vl.
866 1305 910 1346 in
942 1306 1054 1347 hunc
1080 1317 1173 1346 moe

284 1368 388 1408 dum
409 1368 524 1420 apud
543 1369 662 1410 illum
676 1367 864 1421 legitur:
907 1367 1120 1421 Μαρδόνιος
1149 1368 1172 1408 ὁ

285 1429 464 1483 Γοβρύεω
492 1430 649 1480 ἡλικίην
671 1446 720 1472 τε
745 1429 833 1475 νέος
861 1431 932 1472 ἐὼν
950 1430 1015 1472 καὶ
1031 1429 1172 1473 νεωστὶ

285 1494 520 1545 ’γεγαμηκὼς
554 1497 749 1543 βασιλῆος
782 1493 947 1548 Δαρείου
978 1491 1174 1547 θυγατέρα

283 1557 594 1611 Ἀρτοζώστρην.
646 1559 770 1599 Sicut
787 1559 830 1599 in
849 1559 1024 1600 Conone
1037 1559 1174 1602 Phar-

287 1622 473 1662 nabazus
499 1622 513 1644 ‘
533 1620 646 1672 regis
685 1620 1048 1674 gener'dicitur,
1094 1621 1175 1665 hoc

288 1691 376 1738 est,
410 1684 681 1726 Artaxerxis,
754 1684 977 1726 Plutarch.
1013 1684 1175 1726 invAr·

287 1758 484 1792 taxet-xe.
507 1750 673 1791 Sauara.
700 1748 863 1801 Longoz.
918 1750 1079 1791 Verum
1091 1750 1176 1792 hoc

285 1821 485 1867 tempore
503 1826 589 1855 non
609 1813 787 1865 Darius,
801 1813 875 1853 sed
891 1813 1059 1853 Xerxes
1070 1813 1178 1854 Per·

286 1879 345 1919 ‘sis
363 1876 621 1930 imperabat,
639 1876 691 1917 de
711 1889 795 1930 quo
816 1876 851 1916 si
870 1876 1015 1929 capias
1039 1887 1178 1928 gener,

287 1940 357 1983 hic
376 1940 461 1980 erit
491 1939 647 1982 sororis
680 1939 876 1991 maritus,
905 1938 999 1993 (qui
1019 1939 1076 1980 :in
1104 1939 1176 1981 'ri-

290 2003 508 2044 moleonte
535 2002 548 2025 ‘
570 2000 708 2042 affinis
718 1999 751 2054 ’)
769 2014 854 2055 quo
870 2000 1001 2042 modo
1016 2006 1064 2043 et
1076 2001 1175 2044 Jus-

284 2066 406 2108 ⁴tinus
425 2065 501 2106 lib.
518 2068 671 2107 xvm.
685 2063 810 2115 fecit,
829 2064 1041 2107 Sichaeum
1063 2065 1177 2118 Pyg-

287 2129 483 2171 malionis
501 2140 705 2181 generum
730 2140 901 2169 vocans.
956 2129 1051 2168 Etsi
1072 2129 1178 2171 Cor.

285 2193 419 2234 «radus
437 2193 480 2233 in
503 2192 743 2233 Comtnent.
762 2190 819 2231 ad
850 2192 880 2232 l.
901 2201 934 2231 ι.
967 2191 1086 2243 Virg.
1105 2191 1176 2232 ΙΕ-

287 2257 405 2298 neid.
427 2256 538 2297 bunc
556 2254 719 2296 Justini
751 2254 893 2296 locum
925 2260 1174 2307 corruptum

291 2325 432 2374 putet.
474 2321 593 2370 Mag.
648 2319 767 2370 Ergo
791 2329 915 2367 gener
933 2322 1000 2359 est
1018 2317 1176 2359 sororis

288 2385 487 2436 maritus,
517 2382 632 2437 quod
663 2394 719 2423 ex
751 2381 972 2434 Sophoclis
1003 2379 1179 2434 OEdipo,

289 2459 345 2490 ac
372 2448 468 2489 aliis
495 2445 779 2499 scriptoribus
807 2445 978 2486 notavit
1007 2445 1088 2485 Vir
1115 2445 1178 2485 in·

289 2510 594 2565 comparabilis
628 2509 784 2552 Jacob.
827 2509 1048 2561 Cujacius,
1085 2508 1179 2549 Ob·

288 2581 453 2616 servat.
472 2586 535 2617 vr.
555 2577 622 2615 17.
679 2570 908 2615 Quomodo
937 2576 985 2612 et
1012 2571 1180 2613 Ditma-

288 2645 364 2679 rus
383 2644 430 2679 et
447 2635 731 2679 witichindus
745 2636 860 2677 Saxo
878 2635 951 2676 lib.
963 2646 992 2676 1.
1012 2635 1180 2690 loquuti

289 2708 410 2743 sunt.
464 2700 538 2742 Sic
558 2700 783 2742 Cedrenus
811 2698 959 2738 Iothor
977 2699 1181 2740 Socerum

289 2764 459 2818 Moysis
481 2768 609 2805 vocat
630 2760 812 2814 πενθερὸν
827 2759 854 2810 ἢ
871 2758 1065 2813 γαμβρὸν.
1118 2763 1182 2805 Ut

293 2829 535 2881 ¹quicunqne
566 2837 741 2867 uxorem
771 2823 900 2865 alteri
930 2823 1024 2876 dat,
1043 2828 1119 2864 aut
1135 2822 1183 2865 fi,

294 2893 411 2943 liam,
441 2896 516 2931 aut
547 2901 754 2940 sororem,
775 2888 868 2940 ejus
901 2899 1034 2940 gener
1065 2887 1180 2929 dica·

292 2959 378 2995 tur.
433 2953 637 2992 Fortasse
657 2956 704 2991 et
722 2950 794 3003 qui
815 2950 948 2998 «lucit,
976 2963 1099 3001 gener
1116 2951 1180 2991 di-

289 3017 435 3058 citur:
480 3027 562 3069 quo
596 3026 722 3055 sensu
754 3013 1052 3066 ἐπιγαμβρεύειν
1076 3015 1181 3068 legi-

290 3093 388 3122 mns
408 3079 568 3127 Matth.
589 3087 709 3118 xxu.
731 3079 799 3117 24.
844 3076 896 3117 Β.
925 3077 1116 3117 Zonaras
1134 3078 1180 3122 in

292 3142 521 3183 stauracio
564 3140 765 3193 generale
816 3139 1068 3182 vocabulum
1115 3152 1180 3182 re·

292 3206 473 3259 stringit
502 3203 683 3257 γαμβρὸν
715 3201 846 3256 &triv-fi
864 3202 1031 3256 ἀδελφῇ.
1089 3204 1181 3244 Cae-

296 3277 439 3310 terum
475 3266 716 3309 istiusmodi
760 3266 931 3310 nomina
965 3267 1182 3319 cognatio·

293 3344 399 3375 nunt
418 3336 463 3371 et
483 3330 740 3371 affinitatum
759 3330 814 3370 ab
833 3330 1078 3371 auctoribus
1097 3340 1181 3371 non

294 3393 624 3438 ,Iurisconsultis
669 3391 874 3433 confundi
918 3405 1051 3446 saepe,
1089 3406 1183 3435 cor-

297 3456 542 3508 rumpique,
578 3456 844 3508 demonstrat
882 3462 1042 3509 praeter
1078 3457 1183 3498 alios

298 3520 403 3568 Alb.
435 3518 623 3564 Gentilis
657 3519 731 3572 lib.
767 3530 808 3560 ν.
840 3519 896 3569 ‘de
932 3521 1111 3575 nuptiiS,
1140 3534 1182 3575 p.

668 283 848 339 No'rAE
887 291 1219 339 vAmo'mJM
1265 294 1327 336 ιΝ
1372 293 1422 336 e.
1463 291 1725 337 Narorls

1227 417 1322 455 448.
1343 418 1388 455 et
1407 426 1498 468 seq.
1553 416 1829 469 Beryneccems.

1282 478 1410 518 Manu
1426 478 1572 530 sortis]
1631 479 1850 531 Frequens
1874 474 1977 516 illud
1998 476 2111 529 apud

1226 542 1488 583 Cornelium.
1555 543 1627 583 Sic
1658 544 1703 582 in
1734 542 1940 592 Datame,
1968 540 2113 582 Timo-

1228 607 1391 659 leonte,
1408 605 1720 659 Epaminonda,
1736 612 1783 647 et
1801 606 1893 647 aliis
1912 606 2032 646 locis.

1287 669 1450 711 Consilii
1463 669 1636 722 plenus]
1655 670 1784 711 Licet
1799 675 1941 710 tamen
1961 665 2113 709 intelli-

1230 743 1332 784 gere
1347 745 1401 773 ex
1419 731 1660 784 Herodoto,
1669 733 1713 773 in
1726 732 1934 786 Calliope,
1944 733 1988 772 in
2002 733 2116 773 Mar·

1230 795 1358 835 donio
1378 795 1472 848 plus
1489 794 1619 836 fuisse
1639 796 1832 837 audaciae
1854 807 1981 850 quam
2015 806 2114 837 con-

1232 858 1316 899 silii
1333 858 1402 898 vel
1421 858 1679 910 prudentiae.
1705 857 1886 900 Lambin.
1936 860 1942 863 '

1233 948 1238 951 -
1288 923 1388 962 Cum
1406 921 1584 962 ducentis
1595 922 1766 962 millibus
1777 921 1974 974 peditum]
1987 937 1989 939 ·
2001 923 2115 962 xxx.

1231 986 1511 1029 barbarorum
1557 985 1836 1039 myriadibus·
1901 983 2117 1026 Herodot.

1234 1061 1275 1092 1..
1303 1049 1495 1092 Diodor.
1538 1061 1632 1091 ccc.
1652 1055 1914 1091 armatorum
1929 1047 2117 1091 millibus

1232 1127 1259 1155 a
1276 1114 1424 1155 Xerxe
1443 1114 1621 1156 relictis.
1675 1114 1836 1157 sustin.
1855 1113 1884 1155 1.
1903 1123 1968 1154 xr.
1988 1113 2119 1154 Gra-,⁶

1234 1189 1382 1218 corum
1398 1178 1610 1218 sociorum
1624 1176 1802 1218 fuerunt
1822 1188 1861 1218 v.
1879 1175 2117 1229 Myr-indes.

1233 1240 1451 1282 Herodot.
1507 1241 1768 1282 Constructa
1793 1244 1891 1293 post
1921 1238 2117 1292 praelintn

1233 1302 1402 1344 victoriv
1421 1303 1648 1346 Pausanias
1674 1302 1962 1357 pulcherrima
1987 1303 2118 1356 porti·

1234 1369 1327 1418 cus,
1351 1367 1422 1409 cui
1452 1379 1479 1409 a
1513 1368 1660 1408 Persis
1693 1366 1932 1421 profligatis
1960 1376 2118 1408 nomen

1234 1430 1432 1474 inditum.
1489 1431 1711 1472 Vitruvius
1729 1430 1806 1472 lib.
1826 1440 1858 1472 1.
1878 1433 1918 1472 1.
2106 1426 2111 1430 ’

1295 1494 1478 1547 Viritim]
1535 1495 1658 1547 Erat,
1693 1500 1743 1535 ut
1783 1495 1882 1536 hinc
1910 1491 2118 1547 apparet,

1234 1555 1316 1601 ista
1335 1557 1530 1598 delectus
1550 1558 1674 1612 ratio,
1687 1570 1772 1612 qua
1791 1558 1856 1598 vir
1871 1557 2011 1598 'virum
2030 1566 2118 1599 suae

1234 1620 1384 1660 salutis
1396 1633 1527 1662 causa
1539 1622 1722 1675 legerat,
1735 1633 1832 1662 cum
1847 1633 1932 1674 quo
1949 1621 1993 1661 in
2009 1625 2120 1674 praess

1237 1682 1302 1723 liis
1323 1688 1586 1735 versaretur,
1613 1689 1660 1724 et
1688 1684 1804 1737 apud
1831 1684 2122 1736 Orientispos

1237 1746 1359 1799 pulos
1378 1758 1463 1789 non
1479 1747 1713 1799 incognita.
1759 1747 1961 1788 Romanis
1975 1745 2120 1789 etRe-

1236 1811 1368 1864 liquae
1402 1811 1541 1852 Italiae
1579 1820 1664 1852 non
1698 1809 1831 1852 fuisse
1866 1806 2121 1852 insolentem

1236 1874 1366 1916 docet
1389 1874 1531 1915 Livius
1550 1883 1617 1916 tx.
1634 1873 1702 1916 39.
1731 1875 1745 1898 ⁸
1766 1876 1874 1916 Cum
1890 1875 1957 1917 vir
1982 1874 2121 1916 virum

1236 1937 1440 1990 legisset‚'
1466 1937 1522 1979 de
1552 1937 1779 1980 Germanis
1809 1938 1960 1980 Caesar
1986 1936 2042 1981 de
2066 1938 2122 1982 B.

1238 2001 1295 2043 G.
1315 2014 1347 2042 1.
1361 2005 1430 2044 48.
1477 2002 1593 2044 Just.
1614 2013 1667 2043 u.
1687 2005 1753 2044 13.
1813 2002 2014 2046 Gebhard.

1239 2064 1243 2077 ⁸
1293 2065 1467 2118 Cecidit]
1523 2065 1685 2118 Lepide
1715 2066 1841 2107 ictus.
1877 2067 2122 2111 ‘Plutarcln

1236 2127 1412 2172 δέδουπε.
1490 2128 1622 2170 ovid.
1665 2129 1677 2153 ‘
1700 2129 1807 2170 enm
1839 2128 2001 2171 cecidit
2026 2128 2122 2173 fato

1237 2192 1399 2235 Consul
1417 2197 1598 2245 uterque
1625 2191 1744 2244 pari!
1796 2191 2009 2245 Thrasyb.
2037 2193 2050 2218 ‘
2067 2192 2122 2234 In

1238 2256 1429 2297 secundo
1448 2255 1599 2308 praelio
1617 2255 1776 2295 cecidit
1792 2255 1978 2297 Critias.'
2030 2250 2125 2299 D‘a'·

1239 2325 1352 2360 tame
1371 2331 1382 2360 :
1410 2320 1424 2343 ‘
1445 2319 1573 2360 Cadit
1597 2317 1641 2359 in
1673 2319 1824 2370 praelio
1841 2315 2125 2360 adolescens.'

1238 2385 1398 2428 Justin.
1428 2384 1502 2426 lib.
1524 2392 1605 2425 xx.
1632 2384 1646 2406 ⁸
1667 2383 1766 2423 Non
1798 2381 1944 2424 tamen
1979 2378 2127 2439 imme-

1238 2458 1379 2489 mores
1433 2447 1629 2500 pristinae
1687 2446 1834 2499 gloriae
1893 2444 2125 2489 cecidere?

1241 2511 1371 2553 Gebh.
2102 2540 2116 2544 --

1242 2601 1244 2606 -
1298 2575 1387 2622 Qua
1404 2574 1569 2616 victoria
1587 2574 1731 2626 elatus]
1770 2572 2042 2628 Μετωρισθεὶς,
2058 2569 2126 2628 &pz-

1239 2637 1332 2679 θείς.
1363 2638 1585 2691 Lysandro
1601 2650 1612 2678 ε
1631 2638 1644 2660 ‘
1659 2637 1756 2679 Hac
1769 2637 1953 2679 victoria
1963 2638 2125 2692 Lysan-

1240 2701 1322 2742 der
1339 2699 1504 2743 elatus.'
1548 2701 1650 2743 Tac.
1665 2699 1960 2744 Ann.xu.29.
2016 2701 2030 2725 ‘
2054 2702 2125 2744 Ne

1241 2765 1320 2806 hac
1341 2763 1516 2806 fortuna
1529 2764 1630 2805 elati
1647 2771 1834 2805 nostram
1861 2772 2127 2819 quoqnepa-

1241 2841 1335 2870 cem
1349 2828 1600 2870 turbarent-⁹
1629 2829 1737 2869 Caes.
1751 2829 1806 2868 de
1816 2827 1870 2868 B.
1884 2828 1940 2869 G.
1958 2825 2127 2871 vuar.

1242 2895 1255 2917 ‘
1277 2893 1393 2934 Elati
1423 2905 1502 2945 spe
1528 2893 1682 2935 celeris
1702 2892 1925 2934 victoriaess
1979 2891 2126 2935 Front'·

1241 2966 1274 2997 ι.
1296 2959 1363 2997 13.
1391 2957 1404 2979 ‘
1423 2956 1641 2997 Hannibal
1661 2955 1929 2996 successibus
1954 2954 2127 3008 praelio-

1240 3033 1334 3061 rum
1355 3019 1574 3061 insolens.'
1630 3020 1689 3059 Et
1705 3029 1735 3058 1.
1768 3022 1836 3059 11.
1864 3019 1877 3041 ‘
1899 3019 2128 3060 Exercitus

1242 3083 1478 3123 Samnitum
1486 3080 1754 3121 successibus
1766 3080 1979 3122 tumidus.’
1999 3081 2127 3123 Hanc

1242 3156 1411 3185 causam
1448 3154 1619 3196 quoque
1657 3142 1806 3195 prodit
1837 3141 2126 3187 Aristoteles}

1242 3220 1339 3248 nam
1357 3211 1404 3247 ut
1418 3207 1531 3247 solus
1552 3206 1719 3259 Spartae
1732 3206 1987 3260 caeterisque
2001 3207 2126 3249 Grae·

1241 3271 1306 3312 cis
1321 3270 1555 3322 imperaret
1563 3269 1813 3321 Pausanias,
1824 3280 1936 3310 nova
1949 3270 2127 3312 consilia

1243 3331 1340 3374 cum
1358 3333 1665 3373 Xerxeiniisse
1684 3333 1737 3372 ab
1756 3332 1910 3372 eodem
1930 3333 2127 3385 perhibea

1246 3401 1331 3447 tur,
1346 3395 1518 3436 Politic.
1539 3395 1614 3436 lib.
1632 3407 1674 3435 v.
1691 3398 1731 3434 7.
1758 3393 1847 3433 ’'l-:ra
1879 3393 1947 3435 ἐάν
1971 3409 2033 3437 τις
2056 3394 2126 3445 με’·

1241 3462 1319 3510 'vas
1345 3457 1371 3511 ᾖ
1389 3457 1452 3498 καὶ
1470 3455 1673 3508 δυνάμενος
1693 3455 1750 3496 ἔτι
1768 3456 1912 3508 μείζων
1937 3455 2047 3510 εἶναι,
2062 3459 2127 3500 ἵνα

1243 3523 1434 3579 μοναρχῇ·
1477 3521 1604 3574 ὥσπερ
1651 3520 1691 3561 ἐν
1735 3519 1988 3572 Λακεδαίμονι
2022 3523 2132 3567 δοκεῖ
