2306 3900
282 243 408 301 lxvi

341 380 536 420 scribendi
567 379 726 420 modum
742 379 860 420 etiam
878 379 1072 432 Sulpicius
1097 380 1167 420 Se-

338 446 452 474 verus
465 434 638 473 imitatus
651 440 710 474 est
736 433 779 480 ii,
793 438 846 475 23
875 439 888 457 ‘
902 433 1102 474 Antiocho
1121 434 1167 473 fi-

342 488 395 526 lio
409 487 644 527 interfecto!
673 501 800 540 neque
818 486 923 527 enim
936 486 985 527 τὸ
1001 492 1013 511 ‘
1027 486 1169 527 Antio-

342 541 418 580 chi'
438 541 598 589 excidit,
616 548 686 581 aut
706 546 717 564 ‘
733 541 930 581 Antiocho
961 541 1095 593 puero'
1113 541 1170 581 le-

342 595 528 646 gendum,
541 600 586 633 ut
600 595 756 634 volebat
768 594 948 635 Drusius.
966 595 1048 642 Qui
1060 608 1171 648 aeque

342 648 443 687 male
457 648 626 687 eundem
634 648 868 701 Scriptorem
889 648 931 695 ii,
945 651 1013 689 24.
1040 662 1171 688 emen·

344 699 467 748 davit,
486 708 528 740 et
546 706 559 725 ‘
573 715 643 754 pro
657 701 849 742 Demetrii
866 702 980 741 filius'
1000 702 1174 755 reposuit

344 759 355 778 ‘
371 753 610 802 Demetrius,
629 754 820 795 Demetrii
844 755 973 795 filius.’
1020 756 1173 809 Legen-

341 808 438 848 dum
450 814 582 848 autem
591 822 675 849 esse
688 814 700 832 ‘
716 809 938 849 Demetrius
952 808 1067 848 filius'
1086 809 1174 848 nul-

343 861 405 901 lus
440 862 592 901 dubito.
645 862 710 902 Sic
746 876 904 915 quoque
936 876 1012 902 vox
1048 861 1176 903 Patris

348 915 526 954 absolute
562 921 781 968 usurpatur.
843 915 1054 956 Suetonius
1093 915 1120 956 J
1123 915 1175 955 ul.

346 969 449 1009 Caes.
472 981 560 1020 cap.
589 971 656 1009 52.
699 968 841 1009 ‘Curio
870 975 981 1022 pater
1008 969 1177 1021 quadam
1198 965 1210 973 ”

343 1035 433 1061 eum
453 1022 627 1061 oratione
645 1022 819 1061 omnium
837 1023 1039 1062 mulierum
1055 1022 1177 1061 virum

345 1081 387 1114 et
405 1076 578 1114 omnium
589 1075 755 1114 virorum
769 1077 966 1116 mulierem
978 1075 1178 1128 appellat.'

347 1128 460 1168 Idem
474 1130 578 1182 Aug.
592 1142 680 1182 cap.
693 1133 761 1170 71.
791 1135 803 1152 ‘
819 1136 1066 1170 accesserunt
1083 1142 1179 1169 con-

346 1183 447 1221 vivae
478 1182 645 1222 Vincius
663 1188 705 1222 et
737 1182 880 1222 Silvius
901 1182 1180 1236 (Casaubonus

346 1236 518 1276 malebat
525 1236 641 1274 Silius
649 1236 710 1275 vel
722 1236 894 1289 Salvius)
914 1237 1050 1288 pater.’
1058 1242 1099 1276 et
1110 1236 1181 1275 ali-

347 1288 424 1342 bi).
470 1289 573 1329 filius
601 1289 775 1329 Cononis
800 1297 1004 1342 acceptam
1030 1304 1054 1329 a
1072 1295 1182 1342 patre

349 1343 512 1396 gloriam
541 1343 671 1382 multis
689 1343 797 1382 auxit
821 1343 1026 1383 virtutibus
1054 1343 1135 1390 xiii,
1156 1347 1177 1384 1

351 1396 438 1448 ejus
475 1402 604 1435 statua
633 1402 803 1436 veterem
832 1397 952 1449 patris
983 1397 1184 1437 renovavit

350 1449 576 1489 memoriam
602 1448 685 1496 xiii,
704 1454 730 1490 2
773 1450 854 1489 filio
872 1463 1034 1502 regnum
1053 1463 1076 1488 a
1093 1450 1182 1488 vivo

351 1509 463 1566 patre
497 1516 579 1542 non
612 1503 845 1543 tradendum
871 1504 951 1552 xxi,
989 1508 1014 1545 Β
1061 1516 1086 1542 a
1101 1502 1183 1543 filio

353 1556 583 1596 interficitur
596 1569 749 1608 parens,
762 1556 860 1596 ibid.

299 1608 410 1649 Filiae
427 1609 609 1649 Aristidis
637 1610 794 1648 aluntur
811 1608 970 1662 publice
987 1615 1028 1648 et
1044 1610 1184 1649 dotan-

347 1668 418 1702 ‘tu‘r
444 1662 501 1709 iii,
517 1666 541 1702 3
571 1663 690 1701 filiam
708 1663 827 1702 alicui
843 1663 884 1701 in
900 1662 1185 1702 matrimonium

355 1717 449 1755 dare
475 1729 540 1763 xx,
576 1718 601 1755 3
647 1714 766 1766 aliqui
801 1716 994 1757 collocare
1020 1729 1109 1764 xxV,
1134 1719 1187 1758 19

355 1769 474 1809 alicui
490 1769 749 1820 despondere,
766 1769 865 1808 ibid.

302 1822 465 1875 Fingere
480 1823 675 1862 fortunam
690 1822 761 1862 sibi
776 1836 866 1870 xxm
878 1826 926 1863 11
957 1821 1065 1878 (pro,
1080 1823 1188 1875 quod

353 1890 444 1924 xxv,
459 1881 526 1924 19,
543 1876 750 1916 conciliare
761 1875 836 1917 sibi
848 1877 1054 1916 fortunam.
1073 1882 1085 1900 ‘
1095 1876 1189 1916 Fin-

357 1943 447 1984 gere
467 1930 536 1978 se,’
555 1930 738 1982 effingere
765 1943 854 1969 suos
874 1943 999 1970 mores
1018 1929 1060 1968 in
1078 1930 1191 1971 recti-

357 1984 537 2024 tudinem
569 1984 784 2023 officiorum
800 1983 906 2024 vitae.
960 1983 1068 2023 Artis
1085 1985 1190 2024 enim

357 2038 564 2086 vocabulo,
582 2043 747 2077 venuste
765 2038 817 2077 ad
830 2037 989 2077 vivendi
1013 2038 1189 2077 habitum

358 2091 563 2144 fatumque
579 2092 780 2138 translato,
798 2104 859 2132 res
875 2103 957 2131 non
975 2104 1103 2144 parvae
1122 2097 1191 2131 aut

357 2146 465 2184 rudis
508 2145 781 2184 elaborationis
826 2151 996 2184 notatur.
1030 2144 1192 2199 Boecl.)

359 2199 425 2238 Sic
437 2214 447 2237 ε
461 2198 495 2238 si
505 2199 590 2251 ipse
601 2199 747 2251 fingere
759 2197 845 2252 (se)
853 2198 971 2238 vellet
982 2199 1050 2246 vii,
1063 2203 1088 2240 2
1099 2199 1148 2252 (i.
1157 2213 1192 2238 e.

359 2257 452 2291 voto
465 2258 507 2291 et
523 2252 825 2304 cogitationibus
836 2252 1057 2304 exemplum
1070 2252 1194 2292 veluti

359 2306 625 2357 prosperitatis
653 2319 734 2344 suae
761 2306 937 2344 formare.
965 2305 1125 2358 Boecl.)
1151 2306 1194 2344 in

361 2359 548 2410 fingendo
577 2370 739 2409 corpore
771 2363 948 2397 naturam
979 2358 1193 2398 maleficam

363 2419 502 2451 nactus
521 2410 670 2463 Agesil.
698 2409 790 2459 xvii,
809 2415 835 2450 8

307 2465 418 2506 Ficta
436 2466 555 2510 dona,
575 2463 638 2502 Fr.
657 2467 680 2503 5

309 2518 440 2560 Finire
458 2532 467 2556 :
489 2516 554 2556 ubi
568 2517 689 2555 vitam
706 2515 859 2556 finierat
882 2516 936 2564 iv,
952 2520 976 2557 5
1028 2516 1092 2557 Sic
1111 2518 1195 2556 vul·

366 2585 431 2625 go.
476 2570 563 2610 Nos
581 2583 604 2610 e
622 2569 845 2610 melioribus
860 2570 960 2611 Mss.
979 2584 1001 2610 e
1031 2570 1195 2610 idimus:

365 2625 435 2666 ubi
454 2623 575 2663 vitam
598 2623 802 2678 posuerat)

313 2679 446 2719 Finis:
477 2678 594 2717 finem
629 2677 720 2717 belli
757 2678 885 2717 facere
915 2677 1008 2725 xxii,
1040 2681 1062 2718 1
1112 2677 1198 2716 libri

367 2734 495 2772 facere
522 2731 631 2778 xxiii,
651 2734 702 2772 13
750 2730 840 2770 vitae
873 2730 999 2771 facere
1025 2731 1098 2785 (de
1132 2744 1198 2771 ac-

369 2785 509 2827 cersita
540 2783 686 2838 morte)
715 2798 778 2832 xx,
800 2789 820 2824 1
869 2785 920 2823 ad
948 2798 1038 2824 eum
1066 2785 1199 2832 finem,

368 2840 502 2893 quoad
536 2838 610 2879 &c.
661 2838 849 2891 (tamdiu,
885 2838 1035 2891 donec)
1080 2852 1144 2885 xv,
1173 2842 1199 2879 2

368 2895 481 2947 (mox
508 2906 574 2940 xv,
593 2897 621 2934 9
666 2897 819 2945 ‘usque
852 2891 927 2930 eo.'
959 2892 1023 2932 Sic
1061 2892 1200 2932 Cicero

370 2948 514 2987 action.
535 2950 574 2986 1.
593 2947 635 2985 in
653 2945 765 2985 Verr.
798 2950 810 2967 ‘
823 2958 946 2997 usque
965 2947 1015 2985 ad
1035 2958 1126 2984 eum
1155 2945 1201 2983 fi-

370 3013 476 3047 nem,
495 3000 590 3037 dum
609 2998 767 3050 judices
786 2997 922 3050 rejecti
939 2999 1096 3038 essent.'
1150 2998 1204 3038 Et

372 3057 410 3093 1.
440 3054 491 3092 de
508 3058 590 3091 nat.
619 3052 741 3091 Deor.
781 3057 793 3075 ‘
812 3065 935 3104 usque
965 3053 1016 3091 ad
1049 3065 1138 3092 eum
1158 3052 1205 3090 fi-

372 3119 478 3154 nem,
496 3106 590 3145 dum
609 3106 761 3158 possint
779 3119 820 3144 se
848 3105 935 3158 ipsa
967 3104 1205 3145 defendere.'

371 3160 503 3199 Vorst.
530 3158 649 3199 Adde
683 3159 770 3211 ejus
796 3158 936 3198 librum
963 3160 1014 3199 de
1047 3159 1207 3199 Latinit.

373 3214 472 3252 falso
500 3226 606 3265 susp.
632 3226 720 3265 cap.
747 3216 787 3253 3.
815 3226 907 3265 pag.
933 3217 1002 3254 25.
1063 3213 1211 3253 Nizolii

375 3266 553 3305 Iudicem
570 3274 610 3306 et
631 3266 741 3306 Parei
759 3265 992 3320 Lex.·Crit.)

325 3318 395 3357 Fio
413 3333 422 3356 ι
452 3333 491 3357 ν.
512 3333 640 3371 supra,
661 3325 750 3372 post
767 3320 886 3360 Facio

328 3371 463 3410 Firmae
484 3374 608 3424 copiae
638 3375 823 3426 (respect.
854 3373 1003 3427 peritiae
1022 3369 1209 3422 bellandi,

383 3425 562 3463 indurata
591 3427 692 3465 bello
714 3427 869 3480 manus)
899 3427 1005 3475 xviii,
1024 3431 1048 3467 3
1097 3426 1207 3480 (Sim

382 3483 395 3501 ‘
412 3476 540 3518 finnus
558 3480 773 3528 exercitus,'
785 3481 992 3532 ap.Vellei.
1012 3481 1132 3529 ii,29,
1151 3480 1210 3534 1).

1105 255 1308 296 INDEX
1379 276 1382 279 ⁴

1288 380 1406 419 fitmae
1424 379 1523 420 vires
1541 378 1591 418 ad
1611 376 1793 423 laboremf
1804 378 2005 420 ferendum
2059 377 2111 419 de

1287 431 2021 540 Ziuffuissivffiffkissi‘iizffipeiii'
2049 458 2116 524 fir·

1384 503 1398 528 r
1909 515 1922 533 ,
2097 503 2117 516 -

1287 540 1448 580 missimi
1482 501 1598 580 arriici
1633 538 1975 595 (constantissimi)
2007 538 2062 586 vi,
2088 541 2117 579 2

1289 593 1447 634 firmitas
1479 593 1649 648 corporis
1681 591 1979 648 (exercitatione
2007 596 2119 643 parta

1289 647 1395 701 scil.)
1423 661 1488 696 ιν,
1507 651 1532 689 3
1577 648 1647 702 (ab
1673 650 1747 688 hac
1762 647 1878 687 robur
1895 652 1936 686 et
1952 645 2120 698 agilitas.

1289 715 1327 740 v.
1345 702 1517 742 Mercur.
1536 701 1589 749 iv,
1604 700 1652 754 2)

1237 752 1389 795 Fistula
1423 755 1546 807 putris
1577 754 1708 807 erupit
1736 766 1805 806 per
1835 753 1988 792 lumbos
2026 763 2106 791 xxv
2120 779 2132 798 ,

1292 812 1343 848 21
1373 808 1458 862 (Sic
1473 807 1684 847 Lambinus
1698 806 1848 846 curavit
1857 806 1922 846 edi
1938 820 1951 856 ;
1976 804 2120 845 Savaro

1293 867 1424 900 autem
1443 865 1455 884 ⁸
1469 859 1600 900 fistula
1616 858 1723 912 puris
1741 859 1765 898 ε’
1785 860 1894 912 quod
1906 858 2123 900 Loccenius

1294 914 1338 953 in
1356 913 1447 954 Ind.
1466 914 1617 966 probat,
1637 912 1860 953 describens
1889 911 1996 965 puris
2013 910 2123 962 fistu-

1296 968 1372 1007 lam
1391 981 1439 1007 ex
1457 967 1649 1020 Hippocr.
1678 968 1730 1006 de
1757 965 1912 1013 fistulis,
1941 970 1984 1005 et
2007 963 2124 1006 celso

1294 1022 1346 1061 de
1365 1034 1406 1060 re
1420 1022 1527 1061 med.
1550 1034 1591 1068 v,
1608 1024 1674 1061 18.
1701 1021 1810 1072 quod
1824 1019 1875 1059 sit
1887 1019 1994 1058 sinus
2009 1017 2127 1068 altus,

1296 1081 1499 1126 angustus,
1531 1074 1698 1114 callosus
1730 1079 1772 1112 et
1803 1073 2049 1125 purulentus,
2077 1084 2127 1111 ex

1295 1128 1536 1168 abscessibus
1557 1129 1783 1180 plerumque
1795 1126 2000 1167 conflatus.
2030 1124 2129 1166 Pro-

1295 1182 1364 1221 bat
1376 1188 1417 1222 et
1427 1182 1624 1228 Barthius,
1635 1181 1791 1233 aliique.
1807 1180 2035 1220 Nostamen
2047 1177 2130 1219 lec·-

1297 1236 1441 1276 tionem
1463 1234 1651 1275 Medicaei
1678 1233 1825 1274 codicis
1854 1239 1866 1257 ‘
1881 1246 1956 1286 pus
1972 1231 2130 1284 erupit,’

1298 1289 1506 1341 genuinam
1542 1295 1724 1342 putamus
1758 1301 1858 1334 esse,
1877 1293 1920 1327 et
1952 1285 2130 1327 ‘fistulas’

1298 1356 1434 1383 vocem
1454 1343 1579 1382 textui
1594 1355 1643 1382 ex
1658 1355 1725 1381 ora
1741 1339 1951 1393 intrusam)
2022 1376 2026 1380 .

1246 1395 1410 1436 Flaccus
1429 1396 1476 1435 L.
1495 1396 1675 1435 Valerius
1702 1395 1807 1443 xxiv,
1826 1399 1867 1436 1.
1894 1397 1922 1434 2

1246 1449 1481 1502 Flagitium:
1521 1462 1612 1488 cum
1640 1449 1789 1501 flagitio
1819 1449 1980 1487 domum
2004 1445 2129 1487 redire

1298 1503 1410 1555 (cum
1429 1501 1621 1543 dedecore
1638 1515 1686 1542 ex
1703 1501 1818 1541 armis
1847 1500 1991 1540 relictis
2038 1499 2133 1548 xxii,

1303 1560 1326 1597 l
1356 1555 1541 1648 (Proprie
1557 1569 1634 1594 vox
1650 1554 1826 1595 militaris
1841 1561 1918 1605 est,
1934 1550 1981 1593 ut
2039 1565 2134 1593 ona·

1302 1614 1365 1648 tus
1382 1610 1434 1648 ad
1491 1622 1545 1648 er.
1573 1608 1677 1648 Eun.
1704 1608 1747 1656 ii,
1774 1611 1816 1657 3,
1840 1611 1915 1657 90.
1959 1604 2133 1660 exponit.

1303 1675 1339 1701 v.
1359 1661 1514 1702 Buchn.
1530 1660 1669 1714 Thes.)

1249 1715 1427 1768 Flagrare
1441 1715 1658 1768 cupiditate
1670 1713 1843 1767 bellandi
1861 1712 1955 1760 xxii,
1971 1715 1995 1754 1
2023 1712 2138 1767 (Jus-

1304 1770 1435 1809 tinus:
1484 1775 1495 1792 ⁶
1509 1769 1614 1819 bello
1643 1766 1816 1820 flagrare’
1863 1765 1968 1814 xxxi,
1999 1769 2042 1815 3,
2061 1767 2137 1819 10)

1252 1823 1519 1917 Ειξιῖῗιῖἶῗιῖᾶὲ
1534 1821 1629 1916 ibis
1653 1821 1851 1916 {2233ss
1859 1819 2030 1919 &iii-⁰2
2051 1834 2092 1869 ¹'
2109 1824 2138 1862 ²

1521 1903 1532 1915 0
1631 1903 1642 1916 0
1973 1902 1988 1921 ,

1253 1930 1485 1971 Flaminius‘
1500 1929 1549 1970 L.
1569 1929 1758 1977 Quintius
1792 1927 2004 1970 consularis
2029 1925 2139 1975 xxiii,

1254 2035 1467 2078 Flaminius
1485 2038 1623 2085 circus,
1641 2036 1704 2078 Fr.
1726 2041 1776 2080 11

1254 2092 1410 2131 Flavius
1429 2091 1477 2132 C.
1505 2105 1594 2139 xxv,
1613 2095 1640 2131 8

1254 2145 1430 2186 Flectere
1454 2145 1528 2185 iter
1554 2158 1669 2186 suum
1695 2141 1803 2193 xviii,
1820 2147 1848 2185 9
1887 2142 1959 2198 (de
1983 2139 2061 2182 alia
2077 2141 2143 2183 via

1309 2204 1407 2239 tent.

1256 2198 1503 2306 Florere)(de
1534 2251 1714 2304 potentia
1741 2257 1784 2291 et
1811 2248 2044 2290 excellentia
2067 2248 2143 2288 im·-

1310 2305 1430 2358 perii)
1472 2305 1581 2352 xviii,
1602 2309 1624 2344 1
1671 2305 1776 2344 fama
1801 2302 1969 2356 justitias
1999 2303 2078 2349 xxi,
2116 2305 2140 2342 1

1311 2357 1504 2397 modestia
1538 2370 1623 2404 sua,
1659 2357 1849 2408 majorum
1883 2355 2006 2418 gloria
2048 2354 2079 2403 i,
2116 2358 2141 2395 1

1310 2412 1425 2450 rebus
1444 2410 1676 2472 quibusdam
1711 2411 1788 2463 (sc.
1807 2407 1945 2462 gestis)
1980 2422 2020 2455 v,
2034 2411 2061 2450 8
2099 2407 2144 2447 in

1311 2476 1354 2503 re
1387 2463 1542 2503 militari
1567 2477 1634 2509 xv,
1656 2468 1681 2504 5
1727 2463 1870 2515 florens
1904 2461 2054 2515 (adhuc
2084 2461 2145 2500 vi-

1315 2529 1422 2564 vens,
1436 2515 1652 2570 superstes)
1679 2528 1770 2564 xxv,
1789 2518 1840 2556 ll
1885 2514 2028 2555 florens
2058 2527 2144 2568 reg-

1314 2583 1408 2609 num
1451 2570 1529 2616 xxi,
1565 2573 1593 2610 2
1655 2582 1744 2622 pars
1789 2569 1931 2608 florens
1973 2566 2146 2623 (oppon.

1269 2630 1285 2640 ⁶
1314 2622 1490 2676 abjecta)
1517 2636 1607 2670 xxv,
1626 2626 1652 2663 8
1694 2623 1784 2663 Sic:
1813 2622 1996 2663 florentes
2018 2621 2147 2676 (stan-

1314 2681 1373 2716 tes
1390 2677 1520 2717 adhuc
1546 2690 1616 2716 suo
1644 2675 1817 2730 fastigio,
1836 2673 2031 2729 valentes)
2057 2688 2146 2724 xxv,

1316 2734 1366 2772 11
1396 2730 1565 2785 (oppon.
1583 2729 1738 2782 afflicti)
1995 2747 1999 2749 >

1262 2783 1424 2824 Fluctus
1450 2783 1583 2824 civiles
1615 2783 1691 2838 (ita
1714 2788 1986 2836 comparantur
2012 2781 2148 2823 civiles

1318 2838 1464 2877 turbae:
1509 2837 1650 2890 quibus
1668 2843 1710 2876 et
1726 2837 1918 2890 prosterni
1941 2835 2078 2883 multa,
2096 2835 2148 2876 si-

1318 2890 1584 2944 cutprocellis
1602 2905 1649 2931 ac
1667 2896 1928 2944 tempestate;
1955 2895 1997 2930 et
2026 2888 2148 2930 'acta-

1319 2944 1351 2983 ri
1370 2946 1515 2992 omnia,
1533 2944 1635 2984 sicut
1652 2945 1835 2986 fluctibus
1853 2959 1863 2983 ε
1891 2949 1934 2984 et
1943 2943 2025 2996 imp
2041 2942 2150 2992 ’earn

1320 2998 1421 3038 sicut
1448 2998 1593 3038 circulo
1644 2999 1786 3038 uodam
1817 2996 2019 3051 perniciei,
2040 2996 2151 3038 vide-

1320 3050 1426 3105 mus)
1453 3065 1543 3099 xxV,
1562 3056 1589 3093 6
1637 3052 1774 3092 Boecl.
1793 3051 1886 3091 add.
1904 3049 2009 3104 not.)

1269 3105 1459 3146 Flumen:
1488 3112 1648 3158 pontem
1675 3106 1772 3146 fecit
1795 3106 1837 3144 in
1869 3104 1971 3146 Istro
1989 3102 2149 3150 flumine

1322 3159 1351 3206 i,
1371 3163 1395 3200 3
1425 3160 1533 3212 apud
1549 3160 1694 3200 flumen
1708 3159 1916 3213 Strymona
1933 3172 1974 3207 V,
1990 3162 2017 3201 2
2043 3156 2150 3210 apud

1325 3213 1452 3265 AEgos
1470 3213 1615 3254 flumen
1643 3213 1704 3267 (ν.
1721 3220 1852 3253 tamen
1870 3226 1914 3252 su
1944 3224 1986 3252 ra
2002 3207 2152 3302 AEgssq)

1324 3266 1379 3313 vi,
1399 3270 1438 3307 1.
1466 3267 1534 3314 vii,
1553 3272 1593 3308 8.
1619 3266 1674 3315 ix,
1698 3272 1719 3308 l
1766 3267 1874 3319 apud
1931 3277 2048 3305 nmen
2119 3276 2149 3300 1-

1325 3320 1406 3359 lum
1433 3319 1544 3369 xviii,
1563 3326 1587 3361 5
1615 3320 1763 3375 (Addit
1778 3321 1820 3359 in
1837 3321 1900 3359 his
1918 3317 2063 3358 Noster
2080 3329 2150 3368 per

1327 3372 1558 3425 ἑπεεήγησιν
1577 3375 1739 3427 Proprie
1770 3372 1930 3413 Nomini
1959 3369 2151 3424 Appella-

1329 3428 1451 3467 tivum
1468 3428 1640 3475 Nomen,
1660 3428 1767 3480 quod
1781 3426 1823 3466 in
1841 3424 2058 3478 sequentib.
2077 3423 2151 3464 eti-

1327 3494 1388 3521 am
1406 3481 1523 3535 facit)
1549 3482 1750 3535 Oppidum
1767 3478 2036 3533 Amphipolim
2054 3490 2149 3519 con-
