2326 3944
717 265 801 305 tv.
866 266 1261 319 ΡΑυεΑΝῙΑΜ,
1301 270 1442 312 οΑΡ.
1478 258 1530 310 4.

218 387 354 428 iis-*iot
375 388 438 427 ‘et
457 384 519 426 sic
544 384 588 425 in
614 383 784 435 optimis
804 383 1003 424 Danielis
1016 385 1102 430 Ex·

218 450 398 504 cerptis.
455 446 706 489 Alcibiade:
748 445 988 498 ‘rebusque
1017 447 1102 487 Ve—

215 514 360 556 nereis
378 510 576 561 deditos,'
614 510 687 550 ubi
719 510 762 548 in
794 509 959 561 iisdem,
983 509 1103 550 Vene-

216 579 318 627 riis,-
354 588 459 630 quas
487 574 635 615 Graeci
648 572 698 613 τὸ
722 571 838 626 ἔργον
856 578 1027 625 vocant,
1055 580 1103 612 ut

219 640 367 682 Latini
392 650 456 679 res
491 636 666 687 Veneris,
684 637 755 676 vel
779 636 984 677 Venerem.
1030 636 1101 675 Si'c

217 703 233 726 ‘
256 715 324 743 res
355 699 632 752 voluptatum'
654 698 767 750 apud
791 704 989 739 auctores
1000 712 1017 749 ‘;
1053 697 1102 738 τὸ

218 769 351 820 χρῆμα
361 768 440 806 τῶν
451 765 609 814 ἡδονῶν.
639 771 644 775 “
662 764 849 805 Venerius
865 770 1005 806 autem
1023 776 1101 817 pro

223 832 430 881 Venerem,
449 829 656 878 uta‘e'rius,
670 828 871 879 ‹ether-ius,
889 839 969 880 pro
992 828 1101 869 aare·

215 907 276 945 κο,
291 893 483 934 ‹ether-eus
518 905 574 931 ex
606 892 856 932 Graecorum
879 904 1012 942 more,
1028 891 1101 945 qui

213 956 412 998 scribunt
443 954 568 1007 ἂέριος
594 959 640 994 et
661 953 822 1007 αἰθέριος
837 967 914 1007 per
928 955 1101 995 tertiam

216 1021 425 1061 vocalem.
478 1020 671 1060 Venerem
699 1024 844 1059 tamen
872 1019 1006 1070 magis
1040 1018 1101 1060 fa-

214 1085 277 1125 cit
292 1084 345 1124 ad
365 1081 581 1132 ἀναλογίαν
599 1087 646 1122 et
669 1081 927 1134 scripturam
949 1082 1101 1122 Roma·

216 1158 329 1186 nam.
366 1144 570 1185 Keuchen.

270 1207 386 1254 Quod
421 1219 530 1247 nemo
548 1219 679 1247 eorum
703 1208 881 1259 redisset,
897 1209 966 1259 qui
985 1220 1101 1262 super

213 1268 293 1312 tali*
305 1282 445 1311 caussa
471 1271 582 1311 missi
599 1270 732 1322 eram]
767 1268 862 1310 Ὅτι
895 1269 1018 1312 οὐδείς
1041 1287 1101 1312 πω

212 1331 292 1375 τῧν
313 1332 388 1387 πρὸ
417 1325 556 1373 ἑαυτοῦ
583 1331 768 1384 ἀγγέλων
785 1331 907 1374 πάλιν
923 1334 1100 1386 ἀφίκετο.

212 1398 403 1451 '1¹lincyd.
447 1398 520 1439 Sic
539 1397 753 1438 Diodorus
768 1410 833 1440 xl.

218 1456 220 1459 ¹
275 1462 441 1505 mmm
471 1461 643 1515 epistolae
687 1461 859 1514 laxavit]
899 1463 1100 1517 Thucyd.

213 1525 305 1568 Δίίει
320 1525 392 1567 τὰς
406 1522 632 1566 ἐπιστολάς.
658 1525 883 1566 Diodorus
903 1526 1097 1568 Siculus:

213 1583 352 1646 ἂνέφξε
377 1588 451 1631 τὰς
479 1586 705 1630 ἐπιστολάς.
744 1587 974 1632 Lambinus.
1029 1591 1100 1631 Ita

213 1652 376 1696 habent
404 1652 711 1706 antiquissimae
745 1653 984 1695 Editiones.
1042 1655 1101 1695 Et

211 1727 318 1759 vero
353 1716 398 1756 in
430 1716 668 1768 perlatione
699 1716 788 1756 sola
816 1719 911 1757 erat
936 1716 1100 1757 lethum

213 1778 551 1831 indeprecabile.
607 1778 799 1819 Vinculis
838 1784 984 1820 autem
1017 1782 1101 1822 col-

214 1843 370 1895 ligatas
389 1841 659 1895 antiquorum
669 1842 920 1883 Graecornm
940 1845 1100 1897 episto-

216 1907 298 1956 las,
323 1905 453 1946 docet
481 1904 656 1946 Curtius
681 1905 759 1946 lib.
779 1917 865 1948 vn.
896 1907 909 1930 ‘
924 1906 1100 1948 Parme·

210 1963 316 2009 nion
336 1967 550 2008 vinculum
572 1968 765 2019 epistotae
780 1969 968 2024 solvens,
982 1971 1100 2023 quid-

215 2025 313 2073 nam
326 2027 567 2082 rex'ageret
581 2029 859 2084 requirebat.'
889 2032 1100 2075 Bao-thius.

213 2094 303 2136 Pro
330 2094 484 2135 laxam
512 2105 537 2133 e
564 2093 827 2134 Membranis
845 2095 1100 2148 Schioppius

214 2157 428 2199 tumuit:
455 2156 663 2209 additque
702 2157 778 2197 illa
809 2157 845 2197 si
875 2159 1101 2210 pertulisset

214 2230 300 2260 non
318 2220 428 2260 male
447 2219 600 2260 abesse
629 2219 779 2260 videri.
833 2218 894 2260 At
926 2221 1102 2263 decedit

214 2285 248 2325 si
266 2280 510 2324 'eximantur
529 2283 775 2325 sententiae.
819 2283 1019 2327 Gebhard.

270 2348 376 2388 Nom
393 2341 447 2388 ἰε’
470 2347 581 2398 hujus
606 2348 761 2400 quidem
781 2348 926 2388 indicio
945 2349 1103 2401 impulsi

212 2410 323 2464 sunt]
354 2409 494 2452 Aliam
513 2411 722 2451 rationem
741 2409 869 2451 affert
883 2412 1100 2452 Diodorus

215 2474 399 2523 Siculus,
433 2485 589 2527 nempe
617 2475 716 2527 quia
744 2475 893 2515 literas
926 2476 1099 2527 apertas

215 2535 481 2578 tradiderat:
514 2535 670 2578 Τούτων
684 2535 728 2578 δὲ
753 2536 1021 2578 ἀπιστούντων
1038 2538 1101 2578 διὰ

213 2598 263 2639 τὸ
281 2597 525 2651 ἀνεῳγμένας
543 2601 674 2643 αὐτοῖς
693 2600 765 2658 τὰς
784 2601 996 2642 ἐπιστολὰς
1011 2601 1100 2641 ἀνα-

215 2662 405 2705 mmm.
428 2664 615 2705 Lambini.

273 2725 402 2771 Quum
425 2738 467 2766 se
501 2727 584 2778 ipsc
620 2727 849 2780 indicasset]
892 2726 1024 2768 Liber
1047 2727 1100 2769 Ρ.

216 2786 416 2828 Danielis
436 2787 665 2837 judicasset.
711 2789 877 2828 Vitiose
896 2804 907 2830 :
927 2802 1024 2829 nam
1044 2802 1100 2829 ex

217 2851 392 2903 proprio
428 2850 588 2891 indicio
635 2851 895 2892 convincere
937 2852 1100 2904 Ephori

216 2912 477 2954 Pausaniam
497 2914 763 2966 cogitabant.
797 2914 1006 2966 Ulpianus
1025 2915 1098 2956 lib.

190 2983 248 3016 -ι,
266 2974 321 3015 ad
341 2976 531 3016 edictum
561 2978 590 3017 l.
612 2977 814 3027 ‚indicasse
844 2981 937 3019 197.
964 2978 1024 3019 D.
1043 2978 1098 3019 de

214 3038 271 3080 V.
288 3038 331 3080 S.
357 3039 370 3062 ‘
391 3040 588 3098 indicasse
620 3046 688 3081 est
717 3041 941 3093 detulisse,
972 3053 1098 3093 argu-

216 3102 317 3154 isse,
354 3115 594 3156 accusasse,
613 3110 660 3144 et
691 3104 950 3147 convicisse!
996 3104 1099 3146 Geb-

272 3232 426 3274 Fanum
447 3233 628 3285 Neptuni
646 3238 704 3273 est
725 3233 903 3287 Toenuri]
927 3235 1099 3276 Scholia

204 3294 260 3347 *in
280 3294 576 3348 Aristophanis
597 3297 783 3336 Acharn.
811 3297 997 3352 Ταίναρον
1020 3298 1099 3352 γάρ

215 3357 302 3399 ἔστι
332 3361 406 3408 τῆς
447 3361 667 3408 Λακωνικῆς
694 3359 942 3414 ἀκρωτήριον,
988 3362 1029 3402 ἐν
1068 3357 1099 3414 ᾧ

215 3420 377 3472 στόμιον
401 3421 451 3471 ἦν
479 3422 655 3474 κατ-ἄγον
686 3423 740 3464 εἷς
784 3422 896 3478 ᾅδου,
935 3426 1099 3467 ἐνταῦθα

217 3481 333 3534 &lv
359 3485 423 3527 καὶ
452 3489 689 3530 Ποσειδῶνος
717 3486 819 3542 ἱερὸν
847 3486 1099 3542 ’maetam

1938 262 2046 315 467

1165 387 1256 426 Iste
1277 399 1377 427 vero
1397 389 1628 441 Neptunus
1649 388 1764 440 ideo,
1782 395 1888 442 puto
1899 391 2049 444 Ἀσφά-

1164 455 1269 490 λειος
1309 450 1549 503 dicebatur,
1590 452 1703 504 quod
1733 454 2050 505 navigationem

1166 517 1302 553 tutam
1325 525 1374 552 ac
1394 514 1626 571 secundam
1653 522 1861 567 praestare
1890 526 2051 570 posset.

1165 574 1331 615 Eodem
1367 578 1619 628 cognomine
1655 579 1881 621 colebatur
1918 588 1964 624 et
1997 583 2050 625 ab

1163 637 1515 679 Atheniensibus.
1585 640 1711 682 Idem
1756 642 2014 686 Scholiastes
2037 659 2048 686 :

1161 699 1398 752 Ἀσφάλειος
1434 703 1631 743 Ποσειδὼν
1671 705 1775 757 παρὰ
1817 706 2054 756 Ἀθηναίοισι

1161 766 1336 818 τιμᾶται,
1357 765 1422 806 ἵνα
1441 766 1628 819 ἀσφαλῶς
1647 766 1812 819 πλέωσι,
1830 769 1874 810 in
1889 770 2053 812 Achar-

1163 840 1285 869 nens.
1324 834 1412 870 act.
1448 841 1498 871 11.
1530 834 1572 870 6.
1626 830 1824 872 Gebhard.
1898 833 2051 876 Poetae

1162 890 1332 944 fingunt
1350 891 1604 944 Neptunum
1624 894 1932 947 hippocampos
1951 897 2049 938 su'os

1163 954 1207 994 in
1247 955 1430 996 Taenaro
1474 955 1732 996 subducere.
1788 957 1900 997 Vide
1937 959 2051 1000 Stat.

1163 1017 1319 1070 Papin.
1354 1018 1599 1059 Thebaidos
1644 1031 1698 1060 11.
1736 1011 1872 1061 Unde
1902 1019 2051 1061 fanum

1161 1081 1274 1122 illius
1294 1080 1440 1135 fuisse,
1457 1094 1482 1122 a
1498 1080 1584 1122 fide
1599 1083 1803 1124 historica
1821 1084 2050 1127 creditum.

1162 1146 1366 1187 Keuchen.
1414 1156 1417 1157 ’
1502 1188 1509 1190 ,

1217 1209 1267 1249 In
1285 1222 1356 1250 ara
1378 1210 1570 1263 consedit]
1594 1212 1736 1254 Quam
1761 1212 1803 1254 in
1822 1214 2053 1256 Timotheo

1164 1271 1176 1294 ‘
1195 1272 1377 1323 publicae
1399 1273 1534 1323 pacis’
1552 1275 1758 1325 appellat.
1785 1277 2052 1319 Keuchenius.

1163 1333 1307 1374 Graeci
1321 1335 1450 1375 moris
1469 1334 1553 1376 fuit
1573 1337 1626 1377 ad
1648 1337 1748 1388 vim,
1762 1339 2051 1394 injuriamque

1164 1396 1409 1448 arcendam,
1435 1396 1677 1450 confugere
1690 1399 1744 1439 ad
1766 1403 1945 1454 templa,
1967 1409 2052 1444 sta-

1163 1465 1274 1511 tuas,
1305 1473 1414 1501 aras.
1485 1462 1550 1502 Eo
1588 1475 1744 1515 genere
1782 1467 1931 1507 tutelae
1965 1466 2052 1507 fre·-

1162 1529 1348 1578 quenter
1399 1527 1619 1579 supplices
1669 1529 1920 1582 utebantur,
1964 1530 2050 1572 fre-

1162 1589 1440 1642 quentissime
1474 1591 1602 1632 servi.
1659 1592 1916 1645 Euripides:
1966 1594 2053 1646 ἔχει

1161 1651 1239 1703 γὰρ
1262 1651 1495 1704 καταφυγὴν
1524 1655 1594 1707 θὴρ
1626 1654 1698 1705 μὲν
1725 1654 1886 1711 πέτραν,
1905 1659 2052 1700 Δοῦλοι

1161 1712 1204 1754 δὲ
1222 1714 1376 1765 βωμοὺς
1393 1717 1502 1758 θεῶν.
1554 1718 1760 1759 Servulus
1777 1720 1892 1771 apud
1917 1721 2052 1762 Plau-

1164 1782 1280 1818 tum:
1310 1779 1323 1801 ‘
1347 1779 1440 1831 Ego
1461 1779 1636 1820 interim
1655 1781 1765 1822 hanc
1789 1787 1907 1823 aram
1923 1796 2051 1826 occu-

1162 1840 1306 1893 pabo!
1353 1842 1557 1883 'Tibullus
1592 1844 1810 1886 alludens:
1841 1845 1928 1887 ‘Et
1965 1848 2050 1888 Ve-

1162 1904 1277 1944 neris
1315 1911 1478 1946 sanctae
1525 1906 1743 1948 considam
1786 1909 1957 1950 vinctus
1996 1911 2051 1951 ad

1161 1967 1310 2008 aram.’
1366 1969 1426 2010 Et
1457 1969 1567 2010 bene
1593 1971 1805 2026 considam,
1833 1972 1930 2024 quia
1951 1984 2051 2024 sup-

1162 2032 1322 2084 plicum
1344 2031 1511 2073 sedere.
1569 2032 1674 2074 Nec‘
1693 2033 1744 2073 iis
1771 2034 1899 2075 modo
1919 2034 1955 2074 is
1975 2035 2051 2076 ho-

1164 2106 1255 2146 nos,
1284 2095 1361 2135 sed
1390 2096 1522 2136 etiam
1548 2095 1752 2138 heroibus
1779 2098 2052 2150 quibusdam,

1165 2163 1214 2198 ut
1232 2158 1395 2199 Theseo
1415 2157 1610 2200 Athenis.
1666 2159 1923 2200 Plutarchus
1940 2173 1950 2200 :
1965 2161 2051 2214 ⁴nei*-

1163 2235 1229 2260 ται
1259 2219 1332 2270 μὲν
1359 2221 1402 2261 ἐν
1426 2219 1528 2275 μέσῃ
1554 2223 1608 2276 τῇ
1625 2219 1754 2274 πόλει,
1770 2222 1877 2276 παρὰ
1905 2223 1953 2263 τὸ
1985 2224 2051 2265 νῦν

1163 2281 1390 2334 γυμνάσιον·
1419 2283 1508 2325 ἔστι
1536 2284 1579 2324 δὲ
1612 2283 1746 2336 φύξιον
1788 2283 1954 2328 οἰκέταις
1985 2285 2052 2326 καὶ

1160 2347 1261 2387 ’πᾶσι
1286 2349 1372 2388 τοῖς
1387 2347 1672 2401 ταπεινοτέροις
1686 2348 1750 2389 καὶ
1768 2349 2051 2402 dedicaturos&-

1163 2425 1296 2452 τονας.
1341 2411 1514 2464 Lipsius.
1566 2413 1686 2464 Lege
1729 2425 1824 2465 quae
1859 2412 1956 2454 fuse
1995 2413 2050 2454 ad

1165 2474 1278 2516 hunc
1313 2476 1453 2516 locuni
1485 2480 1609 2516 notat
1635 2475 1924 2526 Hieronymus
1954 2476 2050 2517 Ma-

1166 2550 1274 2591 gius.

1221 2601 1488 2655 Huncjuxta,
1506 2603 1626 2642 locum
1634 2601 1818 2650 fecerunt
1836 2602 1906 2642 sub
1923 2601 2051 2654 terra]

1162 2666 1460 2720 Thucydides:
1503 2667 1659 2715 Διπλῆν
1688 2664 1951 2718 διαφράγματι
1982 2678 2052 2705 κα-

1163 2729 1304 2780 λυβήν.
1335 2730 1616 2782 Tuguriolum
1636 2728 1848 2782 quoddam
1868 2728 2051 2769 circum-

1164 2799 1334 2846 septum
1370 2792 1535 2844 duplici
1569 2796 1838 2843 tegumento,
1866 2802 1923 2830 ne
1952 2801 2051 2843 per-

1163 2856 1270 2908 spici
1286 2867 1365 2908 per
1384 2855 1428 2894 id
1455 2858 1615 2907 posset.
1643 2853 1809 2904 Lougoi.
1866 2853 1967 2893 Non
1986 2863 2053 2893 sa-

1167 2919 1219 2959 tis
1246 2920 1327 2959 hoc
1353 2917 1567 2970 expressit
1586 2915 1828 2957 Cornelius.
1865 2914 2050 2958 Diodor.

1163 2983 1359 3024 Siculus:
1390 2982 1548 3029 Διπλῆν
1587 2977 1736 3028 σκηνὴν
1776 2974 2053 3032 περιεβάλετὸ,

1162 3046 1206 3086 id
1239 3052 1322 3098 est,
1354 3046 1500 3098 duplex
1529 3044 1820 3086 tabernaculum
1840 3043 2054 3083 circumdo-

1161 3111 1236 3162 dit,
1253 3122 1328 3151 seu
1341 3109 1629 3162 circumposuit.
1663 3107 1820 3159 Tangit
1839 3108 1918 3146 hoc
1935 3105 2065 3145 Pau·

1162 3173 1296 3213 saniae
1310 3172 1519 3213 indicium
1538 3172 1602 3212 M.
1618 3171 1786 3210 Tullius
1801 3170 1843 3208 in
1858 3168 2050 3221 Topicis.

1162 3232 1341 3278 Lambin.
1416 3234 1544 3275 Haud
1581 3232 1775 3273 dissimili
1810 3231 2047 3272 calliditate

1165 3301 1278 3351 apud
1299 3299 1502 3339 Tacitum
1523 3295 1636 3336 Anu.
1655 3294 1734 3335 lib.
1752 3304 1819 3335 tv.
1835 3298 1902 3336 69.
1942 3293 2049 3339 ‹301›-

1160 3364 1275 3403 hard.
1681 3376 1685 3382 ·

1219 3427 1311 3467 Huc
1328 3438 1379 3466 ex
1394 3425 1566 3477 Ephoris
1579 3425 1737 3477 quidam
1751 3421 2055 3473 descenderunt]

1162 3488 1440 3542 Thucydides
1458 3502 1469 3530 :
1498 3487 1537 3530 ἐς
1554 3487 1603 3536 ἢν
1620 3489 1698 3529 τῶν
1722 3502 1768 3530 τε
1791 3485 1964 3539 Ἐφόρων
1986 3486 2045 3527 ἐν·
