<?xml version="1.0" encoding="UTF-8"?>
<!DOCTYPE html PUBLIC "-//W3C//DTD XHTML 1.0 Transitional//EN"
    "http://www.w3.org/TR/xhtml1/DTD/xhtml1-transitional.dtd">
<html xmlns="http://www.w3.org/1999/xhtml" xml:lang="en" lang="en">
 <head>
  <title>
</title>
<meta http-equiv="Content-Type" content="text/html;charset=utf-8" />
  <meta name='ocr-system' content='tesseract 3.04.00' />
  <meta name='ocr-capabilities' content='ocr_page ocr_carea ocr_par ocr_line ocrx_word'/>
</head>
<body>
  <div class='ocr_page' id='page_1' title='image "./vitaeexcellentiu02nepouoft_0060.png"; bbox 0 0 2326 3944; ppageno 0'>
   <div class='ocr_carea' id='block_1_1' title="bbox 331 223 442 280">
    <p class='ocr_par' dir='ltr' id='par_1_1' title="bbox 331 223 442 280">
     <span class='ocr_line' id='line_1_1' title="bbox 331 223 442 280; baseline 0.018 -2"><span class='ocrx_word' id='word_1_1' title='bbox 331 223 442 280; x_wconf 73' lang='lat'><strong>482</strong></span> 
     </span>
    </p>
   </div>
   <div class='ocr_carea' id='block_1_2' title="bbox 331 358 1216 779">
    <p class='ocr_par' dir='ltr' id='par_1_2' title="bbox 331 358 1216 777">
     <span class='ocr_line' id='line_1_2' title="bbox 333 358 1214 412; baseline 0.006 -14"><span class='ocrx_word' id='word_1_2' title='bbox 333 360 602 401; x_wconf 70' lang='grc' dir='ltr'><strong>ΔΑΚΩΝΟΣι</strong></span> <span class='ocrx_word' id='word_1_3' title='bbox 644 358 687 399; x_wconf 90' lang='lat' dir='ltr'><strong>in</strong></span> <span class='ocrx_word' id='word_1_4' title='bbox 706 359 874 412; x_wconf 82' lang='lat' dir='ltr'><strong>postica</strong></span> <span class='ocrx_word' id='word_1_5' title='bbox 897 360 1092 402; x_wconf 76' lang='lat' dir='ltr'><strong>Victoria</strong></span> <span class='ocrx_word' id='word_1_6' title='bbox 1119 374 1214 403; x_wconf 87' lang='lat' dir='ltr'><strong>cur-</strong></span> 
     </span>
     <span class='ocr_line' id='line_1_3' title="bbox 334 421 1214 474; baseline 0.003 -12"><span class='ocrx_word' id='word_1_7' title='bbox 334 421 405 462; x_wconf 80' lang='lat' dir='ltr'><strong>rui</strong></span> <span class='ocrx_word' id='word_1_8' title='bbox 423 422 481 462; x_wconf 83' lang='lat' dir='ltr'><strong>ab</strong></span> <span class='ocrx_word' id='word_1_9' title='bbox 495 421 615 474; x_wconf 87' lang='lat' dir='ltr'><strong>equis</strong></span> <span class='ocrx_word' id='word_1_10' title='bbox 631 421 814 461; x_wconf 54' lang='lat' dir='ltr'><strong>marinis*</strong></span> <span class='ocrx_word' id='word_1_11' title='bbox 832 433 911 474; x_wconf 84' lang='lat' dir='ltr'><strong>per</strong></span> <span class='ocrx_word' id='word_1_12' title='bbox 941 434 1057 463; x_wconf 87' lang='lat' dir='ltr'><strong>mare</strong></span> <span class='ocrx_word' id='word_1_13' title='bbox 1074 428 1214 465; x_wconf 80' lang='lat' dir='ltr'><strong>tracto</strong></span> 
     </span>
     <span class='ocr_line' id='line_1_4' title="bbox 331 484 1001 535; baseline 0.004 -11"><span class='ocrx_word' id='word_1_14' title='bbox 331 484 553 535; x_wconf 70' lang='lat' dir='ltr'>insistens,</span> <span class='ocrx_word' id='word_1_15' title='bbox 568 489 640 524; x_wconf 88' lang='lat' dir='ltr'><strong>et:</strong></span> <span class='ocrx_word' id='word_1_16' title='bbox 669 487 797 524; x_wconf 77' lang='lat' dir='ltr'><strong>mxu</strong></span> <span class='ocrx_word' id='word_1_17' title='bbox 813 487 1001 528; x_wconf 69' lang='lat' dir='ltr'><strong>Num.</strong></span> 
     </span>
     <span class='ocr_line' id='line_1_5' title="bbox 387 546 1215 600; baseline 0.002 -12"><span class='ocrx_word' id='word_1_18' title='bbox 387 546 660 599; x_wconf 76' lang='lat' dir='ltr'><strong>Dedidenmt]</strong></span> <span class='ocrx_word' id='word_1_19' title='bbox 671 547 818 588; x_wconf 84' lang='lat' dir='ltr'>Codex</span> <span class='ocrx_word' id='word_1_20' title='bbox 827 549 1215 600; x_wconf 74' lang='lat' dir='ltr'><strong>Schotti,dederunt.</strong></span> 
     </span>
     <span class='ocr_line' id='line_1_6' title="bbox 388 607 1216 666; baseline 0.005 -17"><span class='ocrx_word' id='word_1_21' title='bbox 388 609 633 661; x_wconf 66' lang='lat' dir='ltr'><strong>Audaxqw]</strong></span> <span class='ocrx_word' id='word_1_22' title='bbox 658 607 741 650; x_wconf 73' lang='lat' dir='ltr'><strong>&#39;nu</strong></span> <span class='ocrx_word' id='word_1_23' title='bbox 766 608 811 651; x_wconf 73' lang='grc' dir='ltr'><strong>δὲ</strong></span> <span class='ocrx_word' id='word_1_24' title='bbox 838 609 906 651; x_wconf 77' lang='grc' dir='ltr'><strong>καὶ</strong></span> <span class='ocrx_word' id='word_1_25' title='bbox 934 611 1046 663; x_wconf 67' lang='grc' dir='ltr'><strong>λόγῳ</strong></span> <span class='ocrx_word' id='word_1_26' title='bbox 1075 611 1216 666; x_wconf 74' lang='grc' dir='ltr'><strong><em>θρασὺς</em></strong></span> 
     </span>
     <span class='ocr_line' id='line_1_7' title="bbox 335 670 1216 728; baseline 0.006 -16"><span class='ocrx_word' id='word_1_27' title='bbox 335 670 402 712; x_wconf 73' lang='grc' dir='ltr'><strong>καὶ</strong></span> <span class='ocrx_word' id='word_1_28' title='bbox 418 672 735 722; x_wconf 60' lang='lat' dir='ltr'><strong>marmanum-achs-</strong></span> <span class='ocrx_word' id='word_1_29' title='bbox 760 673 855 728; x_wconf 71' lang='grc' dir='ltr'><strong>πρὸς</strong></span> <span class='ocrx_word' id='word_1_30' title='bbox 875 674 970 717; x_wconf 68' lang='grc' dir='ltr'><strong>τοὺς</strong></span> <span class='ocrx_word' id='word_1_31' title='bbox 985 674 1216 717; x_wconf 53' lang='lat' dir='ltr'><strong>&amp;amoim-</strong></span> 
     </span>
     <span class='ocr_line' id='line_1_8' title="bbox 336 735 693 779; baseline 0.003 -3"><span class='ocrx_word' id='word_1_32' title='bbox 336 749 428 777; x_wconf 66' lang='grc' dir='ltr'><strong>ται.</strong></span> <span class='ocrx_word' id='word_1_33' title='bbox 468 735 693 779; x_wconf 83' lang='lat' dir='ltr'><strong>Plutarch.</strong></span> 
     </span>
    </p>
   </div>
   <div class='ocr_carea' id='block_1_3' title="bbox 333 798 1228 3510">
    <p class='ocr_par' dir='ltr' id='par_1_3' title="bbox 335 798 1216 906">
     <span class='ocr_line' id='line_1_9' title="bbox 389 798 1216 856; baseline 0.007 -17"><span class='ocrx_word' id='word_1_34' title='bbox 389 798 479 840; x_wconf 86' lang='lat' dir='ltr'><strong>Sibi</strong></span> <span class='ocrx_word' id='word_1_35' title='bbox 502 812 585 840; x_wconf 82' lang='lat' dir='ltr'><strong>esse</strong></span> <span class='ocrx_word' id='word_1_36' title='bbox 609 801 718 853; x_wconf 82' lang='lat' dir='ltr'><strong>belli]</strong></span> <span class='ocrx_word' id='word_1_37' title='bbox 760 802 908 844; x_wconf 86' lang='lat' dir='ltr'><strong>Editio</strong></span> <span class='ocrx_word' id='word_1_38' title='bbox 937 803 1216 856; x_wconf 67' lang='lat' dir='ltr'><strong>Lougoliana,</strong></span> 
     </span>
     <span class='ocr_line' id='line_1_10' title="bbox 335 860 699 906; baseline 0.008 -4"><span class='ocrx_word' id='word_1_39' title='bbox 335 860 427 902; x_wconf 81' lang='lat' dir='ltr'><strong>Sibi</strong></span> <span class='ocrx_word' id='word_1_40' title='bbox 444 874 525 903; x_wconf 80' lang='lat' dir='ltr'><strong>esse</strong></span> <span class='ocrx_word' id='word_1_41' title='bbox 542 863 699 906; x_wconf 76' lang='lat' dir='ltr'><strong>bellum.</strong></span> 
     </span>
    </p>

    <p class='ocr_par' dir='ltr' id='par_1_4' title="bbox 333 926 1222 1732">
     <span class='ocr_line' id='line_1_11' title="bbox 389 926 1218 982; baseline 0.004 -15"><span class='ocrx_word' id='word_1_42' title='bbox 389 926 509 978; x_wconf 78' lang='lat' dir='ltr'><strong>Apud</strong></span> <span class='ocrx_word' id='word_1_43' title='bbox 525 927 651 979; x_wconf 78' lang='lat' dir='ltr'><strong>AEgos</strong></span> <span class='ocrx_word' id='word_1_44' title='bbox 668 927 840 982; x_wconf 73' lang='lat' dir='ltr'><strong>flumen]</strong></span> <span class='ocrx_word' id='word_1_45' title='bbox 874 928 1023 970; x_wconf 80' lang='lat' dir='ltr'>Codex</span> <span class='ocrx_word' id='word_1_46' title='bbox 1053 929 1218 970; x_wconf 86' lang='lat' dir='ltr'><strong>Danie-</strong></span> 
     </span>
     <span class='ocr_line' id='line_1_12' title="bbox 336 988 1221 1045; baseline 0.002 -15"><span class='ocrx_word' id='word_1_47' title='bbox 336 988 408 1040; x_wconf 75' lang='lat' dir='ltr'><strong>lis,</strong></span> <span class='ocrx_word' id='word_1_48' title='bbox 443 989 568 1041; x_wconf 61' lang='lat' dir='ltr'><strong>Egon.</strong></span> <span class='ocrx_word' id='word_1_49' title='bbox 636 991 783 1033; x_wconf 76' lang='lat' dir='ltr'><strong>Graeci</strong></span> <span class='ocrx_word' id='word_1_50' title='bbox 819 992 1097 1044; x_wconf 86' lang='lat' dir='ltr'><strong>peculiariter</strong></span> <span class='ocrx_word' id='word_1_51' title='bbox 1133 991 1221 1045; x_wconf 74' lang='grc' dir='ltr'><strong>περὶ</strong></span> 
     </span>
     <span class='ocr_line' id='line_1_13' title="bbox 334 1050 1219 1108; baseline 0.002 -14"><span class='ocrx_word' id='word_1_52' title='bbox 334 1050 457 1104; x_wconf 71' lang='grc' dir='ltr'><strong>Αἰγὸς</strong></span> <span class='ocrx_word' id='word_1_53' title='bbox 473 1052 671 1107; x_wconf 63' lang='grc' dir='ltr'><strong>ποταμοὺς</strong></span> <span class='ocrx_word' id='word_1_54' title='bbox 688 1055 935 1108; x_wconf 87' lang='lat' dir='ltr'><strong>loquuntur.</strong></span> <span class='ocrx_word' id='word_1_55' title='bbox 963 1055 1219 1096; x_wconf 74' lang='lat' dir='ltr'><strong>Plutarchus</strong></span> 
     </span>
     <span class='ocr_line' id='line_1_14' title="bbox 334 1116 1219 1168; baseline 0.001 -10"><span class='ocrx_word' id='word_1_56' title='bbox 334 1116 480 1168; x_wconf 74' lang='grc' dir='ltr'><strong>ἂτοφθ.</strong></span> <span class='ocrx_word' id='word_1_57' title='bbox 520 1116 671 1160; x_wconf 80' lang='grc' dir='ltr'><strong>Λάκων.</strong></span> <span class='ocrx_word' id='word_1_58' title='bbox 714 1118 889 1167; x_wconf 74' lang='grc' dir='ltr'><strong>Νικήσας</strong></span> <span class='ocrx_word' id='word_1_59' title='bbox 915 1117 959 1159; x_wconf 81' lang='grc' dir='ltr'><strong>δὲ</strong></span> <span class='ocrx_word' id='word_1_60' title='bbox 983 1117 1077 1161; x_wconf 70' lang='grc' dir='ltr'><strong>τοὺς</strong></span> <span class='ocrx_word' id='word_1_61' title='bbox 1105 1119 1219 1168; x_wconf 79' lang='grc' dir='ltr'><strong>Ἀθη-</strong></span> 
     </span>
     <span class='ocr_line' id='line_1_15' title="bbox 333 1179 1220 1235; baseline 0.002 -14"><span class='ocrx_word' id='word_1_62' title='bbox 333 1179 465 1222; x_wconf 69' lang='lat' dir='ltr'><strong>nim</strong></span> <span class='ocrx_word' id='word_1_63' title='bbox 493 1181 534 1232; x_wconf 73' lang='grc' dir='ltr'><strong>ἐξ</strong></span> <span class='ocrx_word' id='word_1_64' title='bbox 564 1181 723 1234; x_wconf 70' lang='grc' dir='ltr'><strong><em>ἐνέδρας</em></strong></span> <span class='ocrx_word' id='word_1_65' title='bbox 745 1181 833 1235; x_wconf 72' lang='grc' dir='ltr'><strong>περὶ</strong></span> <span class='ocrx_word' id='word_1_66' title='bbox 859 1180 979 1233; x_wconf 76' lang='grc' dir='ltr'><strong>Αἰγὸς</strong></span> <span class='ocrx_word' id='word_1_67' title='bbox 1008 1181 1220 1233; x_wconf 71' lang='grc' dir='ltr'>ποταμοὺς,</span> 
     </span>
     <span class='ocr_line' id='line_1_16' title="bbox 333 1243 1222 1300; baseline 0.003 -15"><span class='ocrx_word' id='word_1_68' title='bbox 333 1243 400 1285; x_wconf 73' lang='grc' dir='ltr'><strong>καὶ</strong></span> <span class='ocrx_word' id='word_1_69' title='bbox 415 1247 517 1296; x_wconf 66' lang='grc' dir='ltr'><strong>λιμῷ</strong></span> <span class='ocrx_word' id='word_1_70' title='bbox 527 1244 666 1287; x_wconf 75' lang='grc' dir='ltr'><strong><em>πιέσας</em></strong></span> <span class='ocrx_word' id='word_1_71' title='bbox 676 1245 836 1298; x_wconf 73' lang='grc' dir='ltr'><strong>αὐτοὺς,</strong></span> <span class='ocrx_word' id='word_1_72' title='bbox 851 1246 1134 1300; x_wconf 63' lang='grc' dir='ltr'><strong><em>παρεπήσατο</em></strong></span> <span class='ocrx_word' id='word_1_73' title='bbox 1146 1245 1222 1295; x_wconf 82' lang='grc' dir='ltr'><strong>τὴν</strong></span> 
     </span>
     <span class='ocr_line' id='line_1_17' title="bbox 334 1306 1220 1363; baseline 0.002 -15"><span class='ocrx_word' id='word_1_74' title='bbox 334 1306 469 1362; x_wconf 81' lang='grc' dir='ltr'><em>πόλιν,</em></span> <span class='ocrx_word' id='word_1_75' title='bbox 498 1308 565 1350; x_wconf 75' lang='grc' dir='ltr'><strong>καὶ</strong></span> <span class='ocrx_word' id='word_1_76' title='bbox 595 1308 742 1363; x_wconf 75' lang='grc' dir='ltr'><strong>ἔεγραψε</strong></span> <span class='ocrx_word' id='word_1_77' title='bbox 783 1312 869 1351; x_wconf 69' lang='grc' dir='ltr'><strong>τοῖς</strong></span> <span class='ocrx_word' id='word_1_78' title='bbox 900 1309 1065 1363; x_wconf 69' lang='grc' dir='ltr'><strong>ἐφόροις,</strong></span> <span class='ocrx_word' id='word_1_79' title='bbox 1098 1309 1220 1351; x_wconf 59' lang='lat' dir='ltr'><strong>{aad-</strong></span> 
     </span>
     <span class='ocr_line' id='line_1_18' title="bbox 334 1373 1222 1428; baseline 0.001 -14"><span class='ocrx_word' id='word_1_80' title='bbox 334 1387 450 1415; x_wconf 74' lang='grc' dir='ltr'>ηαντι</span> <span class='ocrx_word' id='word_1_81' title='bbox 477 1373 547 1414; x_wconf 76' lang='grc' dir='ltr'><strong>ταὶ</strong></span> <span class='ocrx_word' id='word_1_82' title='bbox 578 1374 751 1423; x_wconf 80' lang='grc' dir='ltr'><strong>Ἀθῆναι.</strong></span> <span class='ocrx_word' id='word_1_83' title='bbox 797 1375 1064 1428; x_wconf 73' lang='lat' dir='ltr'><strong>Pomponius</strong></span> <span class='ocrx_word' id='word_1_84' title='bbox 1101 1375 1222 1415; x_wconf 84' lang='lat' dir='ltr'><strong>Mela</strong></span> 
     </span>
     <span class='ocr_line' id='line_1_19' title="bbox 333 1437 1221 1491; baseline 0.001 -13"><span class='ocrx_word' id='word_1_85' title='bbox 333 1437 412 1480; x_wconf 82' lang='lat' dir='ltr'><strong>lib.</strong></span> <span class='ocrx_word' id='word_1_86' title='bbox 428 1448 482 1479; x_wconf 75' lang='grc' dir='ltr'><strong>ιι.</strong></span> <span class='ocrx_word' id='word_1_87' title='bbox 502 1439 544 1479; x_wconf 82' lang='lat'><strong>2.</strong></span> <span class='ocrx_word' id='word_1_88' title='bbox 562 1441 575 1462; x_wconf 89' lang='lat'>‘</span> <span class='ocrx_word' id='word_1_89' title='bbox 595 1438 650 1479; x_wconf 90' lang='lat' dir='ltr'><strong>In</strong></span> <span class='ocrx_word' id='word_1_90' title='bbox 667 1450 721 1479; x_wconf 86' lang='lat' dir='ltr'><strong>ea</strong></span> <span class='ocrx_word' id='word_1_91' title='bbox 737 1438 1046 1491; x_wconf 86' lang='lat' dir='ltr'><strong>[Cherroneso]</strong></span> <span class='ocrx_word' id='word_1_92' title='bbox 1062 1437 1221 1479; x_wconf 84' lang='lat' dir='ltr'><strong>flumen</strong></span> 
     </span>
     <span class='ocr_line' id='line_1_20' title="bbox 336 1500 1220 1554; baseline 0 -12"><span class='ocrx_word' id='word_1_93' title='bbox 336 1501 468 1554; x_wconf 86' lang='lat' dir='ltr'><strong>AEgos</strong></span> <span class='ocrx_word' id='word_1_94' title='bbox 496 1500 720 1553; x_wconf 85' lang='lat' dir='ltr'><strong>naufragio</strong></span> <span class='ocrx_word' id='word_1_95' title='bbox 739 1501 883 1542; x_wconf 84' lang='lat' dir='ltr'><strong>classis</strong></span> <span class='ocrx_word' id='word_1_96' title='bbox 902 1501 1065 1543; x_wconf 70' lang='lat' dir='ltr'><strong>Atticae</strong></span> <span class='ocrx_word' id='word_1_97' title='bbox 1091 1501 1220 1554; x_wconf 84' lang='lat' dir='ltr'><strong>insig-</strong></span> 
     </span>
     <span class='ocr_line' id='line_1_21' title="bbox 338 1562 1221 1618; baseline 0.003 -15"><span class='ocrx_word' id='word_1_98' title='bbox 338 1562 422 1604; x_wconf 62' lang='lat' dir='ltr'><strong>ne?</strong></span> <span class='ocrx_word' id='word_1_99' title='bbox 450 1563 633 1605; x_wconf 80' lang='lat' dir='ltr'><strong>Lambin.</strong></span> <span class='ocrx_word' id='word_1_100' title='bbox 671 1564 907 1613; x_wconf 84' lang='lat' dir='ltr'><strong>Commissa</strong></span> <span class='ocrx_word' id='word_1_101' title='bbox 920 1569 988 1605; x_wconf 92' lang='lat' dir='ltr'><strong>est</strong></span> <span class='ocrx_word' id='word_1_102' title='bbox 1003 1565 1102 1606; x_wconf 78' lang='lat' dir='ltr'><strong>haec</strong></span> <span class='ocrx_word' id='word_1_103' title='bbox 1114 1577 1221 1618; x_wconf 85' lang='lat' dir='ltr'><strong>pug-</strong></span> 
     </span>
     <span class='ocr_line' id='line_1_22' title="bbox 338 1626 1221 1680; baseline 0.002 -12"><span class='ocrx_word' id='word_1_104' title='bbox 338 1638 397 1668; x_wconf 84' lang='lat' dir='ltr'><strong>na</strong></span> <span class='ocrx_word' id='word_1_105' title='bbox 412 1626 743 1680; x_wconf 81' lang='lat' dir='ltr'><strong>Olymp.xc1n.</strong></span> <span class='ocrx_word' id='word_1_106' title='bbox 758 1636 869 1668; x_wconf 87' lang='lat' dir='ltr'><strong>anno</strong></span> <span class='ocrx_word' id='word_1_107' title='bbox 887 1631 928 1670; x_wconf 98' lang='grc'><strong>4.</strong></span> <span class='ocrx_word' id='word_1_108' title='bbox 957 1639 1055 1670; x_wconf 90' lang='lat' dir='ltr'><strong>cum</strong></span> <span class='ocrx_word' id='word_1_109' title='bbox 1074 1626 1221 1670; x_wconf 83' lang='lat' dir='ltr'><strong>Alexi-</strong></span> 
     </span>
     <span class='ocr_line' id='line_1_23' title="bbox 339 1691 957 1733; baseline 0 -1"><span class='ocrx_word' id='word_1_110' title='bbox 339 1703 386 1732; x_wconf 84' lang='lat' dir='ltr'><strong>as</strong></span> <span class='ocrx_word' id='word_1_111' title='bbox 405 1691 563 1732; x_wconf 86' lang='lat' dir='ltr'><strong>archon</strong></span> <span class='ocrx_word' id='word_1_112' title='bbox 582 1695 712 1732; x_wconf 86' lang='lat' dir='ltr'><strong>esset.</strong></span> <span class='ocrx_word' id='word_1_113' title='bbox 742 1692 957 1733; x_wconf 76' lang='lat' dir='ltr'><strong>Mem-sius.</strong></span> 
     </span>
    </p>

    <p class='ocr_par' dir='ltr' id='par_1_5' title="bbox 334 1715 1223 2051">
     <span class='ocr_line' id='line_1_24' title="bbox 395 1715 1223 1809; baseline 0 -13"><span class='ocrx_word' id='word_1_114' title='bbox 395 1754 544 1796; x_wconf 73' lang='lat' dir='ltr'><strong>Classis</strong></span> <span class='ocrx_word' id='word_1_115' title='bbox 574 1755 743 1796; x_wconf 78' lang='lat' dir='ltr'><strong>bostiam</strong></span> <span class='ocrx_word' id='word_1_116' title='bbox 777 1759 837 1796; x_wconf 83' lang='lat' dir='ltr'><strong>est</strong></span> <span class='ocrx_word' id='word_1_117' title='bbox 865 1755 1036 1809; x_wconf 75' lang='lat' dir='ltr'><strong>potitus]</strong></span> <span class='ocrx_word' id='word_1_118' title='bbox 1076 1715 1223 1797; x_wconf 85' lang='lat' dir='ltr'><strong>Ultra·</strong></span> 
     </span>
     <span class='ocr_line' id='line_1_25' title="bbox 334 1818 1222 1873; baseline -0.001 -12"><span class='ocrx_word' id='word_1_119' title='bbox 334 1818 444 1873; x_wconf 76' lang='lat' dir='ltr'><strong>ject.</strong></span> <span class='ocrx_word' id='word_1_120' title='bbox 471 1821 606 1861; x_wconf 70' lang='lat' dir='ltr'><strong>classe.</strong></span> <span class='ocrx_word' id='word_1_121' title='bbox 651 1819 847 1860; x_wconf 83' lang='lat' dir='ltr'><strong>Phr-asim</strong></span> <span class='ocrx_word' id='word_1_122' title='bbox 866 1825 1012 1860; x_wconf 83' lang='lat' dir='ltr'><strong>autem</strong></span> <span class='ocrx_word' id='word_1_123' title='bbox 1030 1819 1222 1872; x_wconf 80' lang='lat' dir='ltr'><strong>explicat</strong></span> 
     </span>
     <span class='ocr_line' id='line_1_26' title="bbox 339 1880 1222 1926; baseline -0.002 0"><span class='ocrx_word' id='word_1_124' title='bbox 339 1895 365 1926; x_wconf 80' lang='lat' dir='ltr'><strong>e</strong></span> <span class='ocrx_word' id='word_1_125' title='bbox 402 1882 634 1926; x_wconf 85' lang='lat' dir='ltr'><strong>Pandectis</strong></span> <span class='ocrx_word' id='word_1_126' title='bbox 660 1880 792 1924; x_wconf 84' lang='lat' dir='ltr'><strong>Jnris</strong></span> <span class='ocrx_word' id='word_1_127' title='bbox 815 1882 932 1924; x_wconf 85' lang='lat' dir='ltr'><strong>varie</strong></span> <span class='ocrx_word' id='word_1_128' title='bbox 961 1882 1222 1924; x_wconf 87' lang='lat' dir='ltr'><strong>clarissimus</strong></span> 
     </span>
     <span class='ocr_line' id='line_1_27' title="bbox 337 1944 1222 1998; baseline 0.001 -12"><span class='ocrx_word' id='word_1_129' title='bbox 337 1945 406 1988; x_wconf 76' lang='lat' dir='ltr'><strong>vir</strong></span> <span class='ocrx_word' id='word_1_130' title='bbox 439 1944 548 1987; x_wconf 88' lang='lat' dir='ltr'><strong>Ant.</strong></span> <span class='ocrx_word' id='word_1_131' title='bbox 597 1944 783 1998; x_wconf 79' lang='lat' dir='ltr'><strong>August.</strong></span> <span class='ocrx_word' id='word_1_132' title='bbox 822 1945 1051 1988; x_wconf 77' lang='lat' dir='ltr'><strong>Emendat.</strong></span> <span class='ocrx_word' id='word_1_133' title='bbox 1086 1946 1222 1987; x_wconf 86' lang='lat' dir='ltr'><strong>libris.</strong></span> 
     </span>
     <span class='ocr_line' id='line_1_28' title="bbox 337 2008 497 2051; baseline -0.006 0"><span class='ocrx_word' id='word_1_134' title='bbox 337 2008 497 2051; x_wconf 67' lang='lat' dir='ltr'><strong>achon.</strong></span> 
     </span>
    </p>

    <p class='ocr_par' dir='ltr' id='par_1_6' title="bbox 337 2070 1225 2302">
     <span class='ocr_line' id='line_1_29' title="bbox 395 2070 1225 2122; baseline -0.002 -9"><span class='ocrx_word' id='word_1_135' title='bbox 395 2073 526 2120; x_wconf 81' lang='lat' dir='ltr'><strong>Quam</strong></span> <span class='ocrx_word' id='word_1_136' title='bbox 561 2075 607 2113; x_wconf 80' lang='lat' dir='ltr'><strong>ut</strong></span> <span class='ocrx_word' id='word_1_137' title='bbox 645 2083 775 2112; x_wconf 80' lang='lat' dir='ltr'><strong>omnes</strong></span> <span class='ocrx_word' id='word_1_138' title='bbox 816 2070 1017 2122; x_wconf 73' lang='lat' dir='ltr'><strong>civitates]</strong></span> <span class='ocrx_word' id='word_1_139' title='bbox 1061 2071 1225 2112; x_wconf 85' lang='lat' dir='ltr'><strong>Narrat</strong></span> 
     </span>
     <span class='ocr_line' id='line_1_30' title="bbox 337 2133 1225 2188; baseline -0.002 -11"><span class='ocrx_word' id='word_1_140' title='bbox 337 2135 581 2188; x_wconf 83' lang='lat' dir='ltr'>Xenophon</span> <span class='ocrx_word' id='word_1_141' title='bbox 614 2133 731 2175; x_wconf 75' lang='grc' dir='ltr'><strong>Ἑλλ.</strong></span> <span class='ocrx_word' id='word_1_142' title='bbox 760 2145 814 2176; x_wconf 84' lang='grc' dir='ltr'><strong>ιι.</strong></span> <span class='ocrx_word' id='word_1_143' title='bbox 839 2139 975 2175; x_wconf 89' lang='lat' dir='ltr'><strong>totam</strong></span> <span class='ocrx_word' id='word_1_144' title='bbox 1008 2135 1225 2175; x_wconf 57' lang='lat' dir='ltr'><strong>Graeciam</strong></span> 
     </span>
     <span class='ocr_line' id='line_1_31' title="bbox 339 2195 1225 2252; baseline 0.001 -15"><span class='ocrx_word' id='word_1_145' title='bbox 339 2196 555 2238; x_wconf 76' lang='lat' dir='ltr'>defecisse</span> <span class='ocrx_word' id='word_1_146' title='bbox 591 2197 647 2237; x_wconf 90' lang='lat' dir='ltr'><strong>ab</strong></span> <span class='ocrx_word' id='word_1_147' title='bbox 683 2195 1023 2238; x_wconf 84' lang='lat' dir='ltr'><strong>Atheniensibus</strong></span> <span class='ocrx_word' id='word_1_148' title='bbox 1067 2202 1225 2252; x_wconf 59' lang='lat' dir='ltr'><strong>praeter</strong></span> 
     </span>
     <span class='ocr_line' id='line_1_32' title="bbox 340 2259 703 2302; baseline -0.003 0"><span class='ocrx_word' id='word_1_149' title='bbox 340 2260 522 2302; x_wconf 84' lang='lat' dir='ltr'><strong>Samios.</strong></span> <span class='ocrx_word' id='word_1_150' title='bbox 563 2259 703 2302; x_wconf 80' lang='lat' dir='ltr'><strong>Lamb.</strong></span> 
     </span>
    </p>

    <p class='ocr_par' dir='ltr' id='par_1_7' title="bbox 334 2321 1228 3510">
     <span class='ocr_line' id='line_1_33' title="bbox 395 2321 1224 2375; baseline -0.006 -9"><span class='ocrx_word' id='word_1_151' title='bbox 395 2324 543 2366; x_wconf 76' lang='lat' dir='ltr'><strong>Decem</strong></span> <span class='ocrx_word' id='word_1_152' title='bbox 578 2322 797 2374; x_wconf 78' lang='lat' dir='ltr'><strong>delegerat]</strong></span> <span class='ocrx_word' id='word_1_153' title='bbox 839 2323 1033 2365; x_wconf 85' lang='lat' dir='ltr'><strong>Quorum</strong></span> <span class='ocrx_word' id='word_1_154' title='bbox 1069 2321 1224 2375; x_wconf 88' lang='lat' dir='ltr'><strong>cuique</strong></span> 
     </span>
     <span class='ocr_line' id='line_1_34' title="bbox 339 2383 1224 2428; baseline -0.005 0"><span class='ocrx_word' id='word_1_155' title='bbox 339 2386 609 2428; x_wconf 87' lang='lat' dir='ltr'><strong>Decaducho</strong></span> <span class='ocrx_word' id='word_1_156' title='bbox 651 2397 806 2426; x_wconf 88' lang='lat' dir='ltr'><strong>nomen</strong></span> <span class='ocrx_word' id='word_1_157' title='bbox 850 2390 958 2426; x_wconf 83' lang='lat' dir='ltr'><strong>erat.</strong></span> <span class='ocrx_word' id='word_1_158' title='bbox 1004 2383 1131 2425; x_wconf 85' lang='lat' dir='ltr'><strong>Alex.</strong></span> <span class='ocrx_word' id='word_1_159' title='bbox 1169 2384 1224 2425; x_wconf 85' lang='lat' dir='ltr'><strong>ab</strong></span> 
     </span>
     <span class='ocr_line' id='line_1_35' title="bbox 339 2446 1226 2501; baseline -0.002 -10"><span class='ocrx_word' id='word_1_160' title='bbox 339 2448 471 2491; x_wconf 84' lang='lat' dir='ltr'><strong>Alex.</strong></span> <span class='ocrx_word' id='word_1_161' title='bbox 507 2449 658 2491; x_wconf 55' lang='lat' dir='ltr'><strong>Graeci</strong></span> <span class='ocrx_word' id='word_1_162' title='bbox 677 2449 961 2490; x_wconf 85' lang='lat' dir='ltr'><strong>communiter</strong></span> <span class='ocrx_word' id='word_1_163' title='bbox 971 2446 1226 2501; x_wconf 72' lang='grc' dir='ltr'><strong>δεκαδαρχίας</strong></span> 
     </span>
     <span class='ocr_line' id='line_1_36' title="bbox 341 2511 1226 2567; baseline -0.003 -13"><span class='ocrx_word' id='word_1_164' title='bbox 341 2514 583 2567; x_wconf 83' lang='lat' dir='ltr'><strong>appellant.</strong></span> <span class='ocrx_word' id='word_1_165' title='bbox 638 2512 851 2552; x_wconf 87' lang='lat' dir='ltr'><strong>Isocrates</strong></span> <span class='ocrx_word' id='word_1_166' title='bbox 871 2511 1160 2564; x_wconf 81' lang='lat' dir='ltr'><strong>Panegyrico,</strong></span> <span class='ocrx_word' id='word_1_167' title='bbox 1179 2515 1226 2551; x_wconf 91' lang='lat' dir='ltr'><strong>et</strong></span> 
     </span>
     <span class='ocr_line' id='line_1_37' title="bbox 342 2574 1226 2628; baseline -0.005 -10"><span class='ocrx_word' id='word_1_168' title='bbox 342 2577 398 2618; x_wconf 84' lang='lat' dir='ltr'><strong>ad</strong></span> <span class='ocrx_word' id='word_1_169' title='bbox 432 2575 694 2628; x_wconf 78' lang='lat' dir='ltr'><strong>Philippum.</strong></span> <span class='ocrx_word' id='word_1_170' title='bbox 748 2575 969 2616; x_wconf 89' lang='lat' dir='ltr'><strong>Diodorus</strong></span> <span class='ocrx_word' id='word_1_171' title='bbox 1002 2585 1102 2616; x_wconf 75' lang='lat' dir='ltr'><strong>xlv.</strong></span> <span class='ocrx_word' id='word_1_172' title='bbox 1137 2574 1226 2615; x_wconf 85' lang='lat' dir='ltr'><strong>alii.</strong></span> 
     </span>
     <span class='ocr_line' id='line_1_38' title="bbox 339 2638 1227 2691; baseline -0.001 -10"><span class='ocrx_word' id='word_1_173' title='bbox 339 2639 429 2682; x_wconf 85' lang='lat' dir='ltr'><strong>Sed</strong></span> <span class='ocrx_word' id='word_1_174' title='bbox 463 2639 707 2691; x_wconf 84' lang='lat' dir='ltr'><strong>Xenophon</strong></span> <span class='ocrx_word' id='word_1_175' title='bbox 735 2638 943 2691; x_wconf 72' lang='grc' dir='ltr'><strong><em>δεκαρχίας</em></strong></span> <span class='ocrx_word' id='word_1_176' title='bbox 968 2645 1112 2691; x_wconf 85' lang='lat' dir='ltr'><strong>vocat,</strong></span> <span class='ocrx_word' id='word_1_177' title='bbox 1144 2639 1227 2680; x_wconf 87' lang='lat' dir='ltr'><strong>nisi</strong></span> 
     </span>
     <span class='ocr_line' id='line_1_39' title="bbox 339 2703 1226 2755; baseline -0.001 -10"><span class='ocrx_word' id='word_1_178' title='bbox 339 2703 463 2745; x_wconf 90' lang='lat' dir='ltr'><strong>locus</strong></span> <span class='ocrx_word' id='word_1_179' title='bbox 491 2703 720 2744; x_wconf 86' lang='lat' dir='ltr'><strong>mendosus</strong></span> <span class='ocrx_word' id='word_1_180' title='bbox 751 2703 824 2755; x_wconf 86' lang='lat' dir='ltr'><strong>sit,</strong></span> <span class='ocrx_word' id='word_1_181' title='bbox 839 2703 913 2743; x_wconf 90' lang='lat' dir='ltr'><strong>lib.</strong></span> <span class='ocrx_word' id='word_1_182' title='bbox 929 2715 1002 2745; x_wconf 85' lang='lat' dir='ltr'><strong>m.</strong></span> <span class='ocrx_word' id='word_1_183' title='bbox 1021 2703 1076 2744; x_wconf 89' lang='lat' dir='ltr'><strong>de</strong></span> <span class='ocrx_word' id='word_1_184' title='bbox 1095 2703 1226 2744; x_wconf 84' lang='lat' dir='ltr'><strong>rebus</strong></span> 
     </span>
     <span class='ocr_line' id='line_1_40' title="bbox 343 2765 1226 2809; baseline -0.001 -2"><span class='ocrx_word' id='word_1_185' title='bbox 343 2765 544 2809; x_wconf 78' lang='lat' dir='ltr'><strong>Graeciae.</strong></span> <span class='ocrx_word' id='word_1_186' title='bbox 571 2765 722 2806; x_wconf 79' lang='lat' dir='ltr'><strong>-Idem</strong></span> <span class='ocrx_word' id='word_1_187' title='bbox 754 2765 799 2805; x_wconf 89' lang='lat' dir='ltr'><strong>in</strong></span> <span class='ocrx_word' id='word_1_188' title='bbox 830 2766 1107 2806; x_wconf 87' lang='lat' dir='ltr'><strong>contentione</strong></span> <span class='ocrx_word' id='word_1_189' title='bbox 1138 2765 1226 2807; x_wconf 92' lang='lat' dir='ltr'><strong>Au-</strong></span> 
     </span>
     <span class='ocr_line' id='line_1_41' title="bbox 343 2826 1228 2871; baseline -0.001 0"><span class='ocrx_word' id='word_1_190' title='bbox 343 2829 495 2871; x_wconf 78' lang='lat' dir='ltr'><strong>toclis:</strong></span> <span class='ocrx_word' id='word_1_191' title='bbox 525 2826 587 2869; x_wconf 70' lang='grc' dir='ltr'><strong>ἔτι</strong></span> <span class='ocrx_word' id='word_1_192' title='bbox 613 2827 658 2869; x_wconf 82' lang='grc' dir='ltr'><strong>δὲ</strong></span> <span class='ocrx_word' id='word_1_193' title='bbox 679 2827 729 2868; x_wconf 70' lang='grc' dir='ltr'><strong>τὸ</strong></span> <span class='ocrx_word' id='word_1_194' title='bbox 757 2827 915 2869; x_wconf 73' lang='grc' dir='ltr'><strong><em>πάντων</em></strong></span> <span class='ocrx_word' id='word_1_195' title='bbox 947 2828 1228 2870; x_wconf 70' lang='grc' dir='ltr'><strong>ἐναντιώτατον</strong></span> 
     </span>
     <span class='ocr_line' id='line_1_42' title="bbox 342 2890 1226 2945; baseline 0.002 -14"><span class='ocrx_word' id='word_1_196' title='bbox 342 2890 568 2944; x_wconf 67' lang='grc' dir='ltr'><strong>αὐτονομίᾳ,</strong></span> <span class='ocrx_word' id='word_1_197' title='bbox 600 2893 832 2942; x_wconf 60' lang='lat' dir='ltr'><strong>mavimam-e,</strong></span> <span class='ocrx_word' id='word_1_198' title='bbox 851 2891 945 2933; x_wconf 77' lang='grc' dir='ltr'><strong><em>ἔνθα</em></strong></span> <span class='ocrx_word' id='word_1_199' title='bbox 978 2891 1052 2943; x_wconf 76' lang='grc' dir='ltr'><strong>μὲν</strong></span> <span class='ocrx_word' id='word_1_200' title='bbox 1095 2894 1226 2945; x_wconf 79' lang='grc' dir='ltr'><strong>δεκαρ-</strong></span> 
     </span>
     <span class='ocr_line' id='line_1_43' title="bbox 334 2952 1225 3008; baseline 0.001 -13"><span class='ocrx_word' id='word_1_201' title='bbox 334 2952 452 3005; x_wconf 61' lang='grc' dir='ltr'><strong>χίας,</strong></span> <span class='ocrx_word' id='word_1_202' title='bbox 471 2952 562 2995; x_wconf 73' lang='grc' dir='ltr'><strong>ἔνθα</strong></span> <span class='ocrx_word' id='word_1_203' title='bbox 579 2953 622 2995; x_wconf 64' lang='grc' dir='ltr'><strong>δὲ</strong></span> <span class='ocrx_word' id='word_1_204' title='bbox 637 2955 974 3008; x_wconf 59' lang='lat' dir='ltr'><strong>rpmowapxias.</strong></span> <span class='ocrx_word' id='word_1_205' title='bbox 1003 2955 1225 2996; x_wconf 77' lang='lat' dir='ltr'><strong>Lambinus.</strong></span> 
     </span>
     <span class='ocr_line' id='line_1_44' title="bbox 340 3014 1228 3070; baseline 0 -11"><span class='ocrx_word' id='word_1_206' title='bbox 340 3014 525 3065; x_wconf 66' lang='lat' dir='ltr'><strong>Athenis</strong></span> <span class='ocrx_word' id='word_1_207' title='bbox 557 3023 701 3058; x_wconf 85' lang='lat' dir='ltr'><strong>autem</strong></span> <span class='ocrx_word' id='word_1_208' title='bbox 735 3018 916 3070; x_wconf 81' lang='lat' dir='ltr'><strong>triginta</strong></span> <span class='ocrx_word' id='word_1_209' title='bbox 954 3017 1228 3070; x_wconf 77' lang='lat' dir='ltr'><strong>praefecerat,</strong></span> 
     </span>
     <span class='ocr_line' id='line_1_45' title="bbox 343 3079 1225 3130; baseline -0.002 -9"><span class='ocrx_word' id='word_1_210' title='bbox 343 3079 499 3121; x_wconf 85' lang='lat' dir='ltr'><strong>decem</strong></span> <span class='ocrx_word' id='word_1_211' title='bbox 535 3092 638 3130; x_wconf 85' lang='lat' dir='ltr'><strong>vero</strong></span> <span class='ocrx_word' id='word_1_212' title='bbox 681 3080 864 3120; x_wconf 80' lang='lat' dir='ltr'><strong>Piraeeo.</strong></span> <span class='ocrx_word' id='word_1_213' title='bbox 898 3087 900 3089; x_wconf 84' lang='grc'><em>“</em></span> <span class='ocrx_word' id='word_1_214' title='bbox 933 3080 1225 3120; x_wconf 82' lang='lat' dir='ltr'><strong>Plutarchus:</strong></span> 
     </span>
     <span class='ocr_line' id='line_1_46' title="bbox 341 3142 1227 3196; baseline -0.001 -13"><span class='ocrx_word' id='word_1_215' title='bbox 341 3142 573 3195; x_wconf 77' lang='lat' dir='ltr'><strong>‘Triginta</strong></span> <span class='ocrx_word' id='word_1_216' title='bbox 608 3143 780 3196; x_wconf 87' lang='lat' dir='ltr'><strong>quidem</strong></span> <span class='ocrx_word' id='word_1_217' title='bbox 814 3143 929 3183; x_wconf 85' lang='lat' dir='ltr'><strong>intra</strong></span> <span class='ocrx_word' id='word_1_218' title='bbox 963 3143 1124 3191; x_wconf 88' lang='lat' dir='ltr'><strong>urbem,</strong></span> <span class='ocrx_word' id='word_1_219' title='bbox 1155 3143 1227 3182; x_wconf 89' lang='lat' dir='ltr'><strong>de-</strong></span> 
     </span>
     <span class='ocr_line' id='line_1_47' title="bbox 343 3204 1227 3257; baseline -0.001 -10"><span class='ocrx_word' id='word_1_220' title='bbox 343 3209 439 3247; x_wconf 79' lang='lat' dir='ltr'><strong>ce‘m</strong></span> <span class='ocrx_word' id='word_1_221' title='bbox 458 3219 562 3246; x_wconf 87' lang='lat' dir='ltr'><strong>vero</strong></span> <span class='ocrx_word' id='word_1_222' title='bbox 589 3207 632 3247; x_wconf 92' lang='lat' dir='ltr'><strong>in</strong></span> <span class='ocrx_word' id='word_1_223' title='bbox 662 3207 835 3247; x_wconf 82' lang='lat' dir='ltr'><strong>Piraeeo</strong></span> <span class='ocrx_word' id='word_1_224' title='bbox 861 3204 1090 3257; x_wconf 57' lang='lat' dir='ltr'><strong>praefectos</strong></span> <span class='ocrx_word' id='word_1_225' title='bbox 1108 3206 1227 3246; x_wconf 87' lang='lat' dir='ltr'><strong>insti-</strong></span> 
     </span>
     <span class='ocr_line' id='line_1_48' title="bbox 344 3267 1225 3320; baseline 0 -12"><span class='ocrx_word' id='word_1_226' title='bbox 344 3267 462 3308; x_wconf 68' lang='lat' dir='ltr'><strong>tuit!</strong></span> <span class='ocrx_word' id='word_1_227' title='bbox 519 3269 579 3308; x_wconf 86' lang='lat' dir='ltr'><strong>Hi</strong></span> <span class='ocrx_word' id='word_1_228' title='bbox 600 3275 748 3320; x_wconf 86' lang='lat' dir='ltr'><strong>postea</strong></span> <span class='ocrx_word' id='word_1_229' title='bbox 770 3267 946 3320; x_wconf 86' lang='lat' dir='ltr'><strong>triginta</strong></span> <span class='ocrx_word' id='word_1_230' title='bbox 973 3269 1056 3308; x_wconf 85' lang='lat' dir='ltr'><strong>viri</strong></span> <span class='ocrx_word' id='word_1_231' title='bbox 1075 3268 1225 3308; x_wconf 85' lang='lat' dir='ltr'><strong>urbem</strong></span> 
     </span>
     <span class='ocr_line' id='line_1_49' title="bbox 344 3330 1226 3383; baseline 0.002 -14"><span class='ocrx_word' id='word_1_232' title='bbox 344 3330 558 3370; x_wconf 81' lang='lat' dir='ltr'><strong>servitute</strong></span> <span class='ocrx_word' id='word_1_233' title='bbox 578 3338 902 3383; x_wconf 82' lang='lat' dir='ltr'><strong>oppresserunt,</strong></span> <span class='ocrx_word' id='word_1_234' title='bbox 934 3338 980 3372; x_wconf 92' lang='lat' dir='ltr'><strong>et</strong></span> <span class='ocrx_word' id='word_1_235' title='bbox 1008 3331 1063 3371; x_wconf 86' lang='lat' dir='ltr'><strong>ad</strong></span> <span class='ocrx_word' id='word_1_236' title='bbox 1082 3338 1226 3383; x_wconf 82' lang='lat' dir='ltr'><strong>tyran-</strong></span> 
     </span>
     <span class='ocr_line' id='line_1_50' title="bbox 344 3392 1227 3446; baseline 0.002 -12"><span class='ocrx_word' id='word_1_237' title='bbox 344 3392 492 3434; x_wconf 82' lang='lat' dir='ltr'><strong>nidem</strong></span> <span class='ocrx_word' id='word_1_238' title='bbox 524 3406 659 3446; x_wconf 87' lang='lat' dir='ltr'><strong>usque</strong></span> <span class='ocrx_word' id='word_1_239' title='bbox 686 3395 931 3438; x_wconf 85' lang='lat' dir='ltr'><strong>saevierunt.</strong></span> <span class='ocrx_word' id='word_1_240' title='bbox 985 3396 1163 3436; x_wconf 82' lang='lat' dir='ltr'><strong>Sallust.</strong></span> <span class='ocrx_word' id='word_1_241' title='bbox 1182 3395 1227 3435; x_wconf 89' lang='lat' dir='ltr'><strong>in</strong></span> 
     </span>
     <span class='ocr_line' id='line_1_51' title="bbox 346 3454 1226 3510; baseline 0.001 -12"><span class='ocrx_word' id='word_1_242' title='bbox 346 3454 562 3510; x_wconf 61' lang='lat' dir='ltr'><strong>conjurat.</strong></span> <span class='ocrx_word' id='word_1_243' title='bbox 613 3456 788 3500; x_wconf 84' lang='lat' dir='ltr'><strong>Catilin.</strong></span> <span class='ocrx_word' id='word_1_244' title='bbox 827 3463 875 3498; x_wconf 85' lang='lat' dir='ltr'><strong>et</strong></span> <span class='ocrx_word' id='word_1_245' title='bbox 909 3457 1037 3501; x_wconf 84' lang='lat' dir='ltr'><strong>Oros.</strong></span> <span class='ocrx_word' id='word_1_246' title='bbox 1071 3469 1124 3499; x_wconf 86' lang='lat'><strong>11.</strong></span> <span class='ocrx_word' id='word_1_247' title='bbox 1159 3460 1226 3502; x_wconf 74' lang='lat'><strong>14.</strong></span> 
     </span>
    </p>
   </div>
   <div class='ocr_carea' id='block_1_4' title="bbox 715 241 1772 287">
    <p class='ocr_par' dir='ltr' id='par_1_8' title="bbox 715 241 1772 287">
     <span class='ocr_line' id='line_1_52' title="bbox 715 241 1772 287; baseline 0.007 -7"><span class='ocrx_word' id='word_1_248' title='bbox 715 241 894 282; x_wconf 78' lang='lat' dir='ltr'><strong>NOTAE</strong></span> <span class='ocrx_word' id='word_1_249' title='bbox 933 241 1269 284; x_wconf 64' lang='lat' dir='ltr'><strong>vammum</strong></span> <span class='ocrx_word' id='word_1_250' title='bbox 1308 244 1375 285; x_wconf 77' lang='lat' dir='ltr'><strong>m</strong></span> <span class='ocrx_word' id='word_1_251' title='bbox 1415 245 1470 286; x_wconf 78' lang='lat'><strong>0.</strong></span> <span class='ocrx_word' id='word_1_252' title='bbox 1509 244 1772 287; x_wconf 77' lang='lat' dir='ltr'><strong>NEPo&#39;rls</strong></span> 
     </span>
    </p>
   </div>
   <div class='ocr_carea' id='block_1_5' title="bbox 1274 362 2174 3513">
    <p class='ocr_par' dir='ltr' id='par_1_9' title="bbox 1275 362 2162 1303">
     <span class='ocr_line' id='line_1_53' title="bbox 1275 362 2153 415; baseline 0.008 -12"><span class='ocrx_word' id='word_1_253' title='bbox 1275 363 1392 415; x_wconf 71' lang='lat' dir='ltr'><strong>Mag.</strong></span> <span class='ocrx_word' id='word_1_254' title='bbox 1426 362 1587 406; x_wconf 83' lang='lat' dir='ltr'><strong>Eorum</strong></span> <span class='ocrx_word' id='word_1_255' title='bbox 1605 366 1775 407; x_wconf 87' lang='lat' dir='ltr'><strong>nomina</strong></span> <span class='ocrx_word' id='word_1_256' title='bbox 1793 369 1990 408; x_wconf 80' lang='lat' dir='ltr'><strong>recenset</strong></span> <span class='ocrx_word' id='word_1_257' title='bbox 2005 366 2153 410; x_wconf 80' lang='lat' dir='ltr'><strong>Xeno‘·</strong></span> 
     </span>
     <span class='ocr_line' id='line_1_54' title="bbox 1276 425 2153 480; baseline 0.003 -14"><span class='ocrx_word' id='word_1_258' title='bbox 1276 426 1390 478; x_wconf 86' lang='lat' dir='ltr'><strong>phon</strong></span> <span class='ocrx_word' id='word_1_259' title='bbox 1418 425 1536 468; x_wconf 74' lang='grc' dir='ltr'><strong>Ἓλλ.</strong></span> <span class='ocrx_word' id='word_1_260' title='bbox 1563 440 1635 470; x_wconf 87' lang='lat'><strong>111.</strong></span> <span class='ocrx_word' id='word_1_261' title='bbox 1663 428 1889 480; x_wconf 61' lang='lat' dir='ltr'><strong>ungena.</strong></span> <span class='ocrx_word' id='word_1_262' title='bbox 1940 429 2153 471; x_wconf 62' lang='lat' dir='ltr'><strong>InitioAz</strong></span> 
     </span>
     <span class='ocr_line' id='line_1_55' title="bbox 1275 490 2154 545; baseline 0.009 -16"><span class='ocrx_word' id='word_1_263' title='bbox 1275 490 1521 532; x_wconf 84' lang='lat' dir='ltr'><strong>thenienses</strong></span> <span class='ocrx_word' id='word_1_264' title='bbox 1541 491 1686 545; x_wconf 86' lang='lat' dir='ltr'><strong>Reges</strong></span> <span class='ocrx_word' id='word_1_265' title='bbox 1700 497 1796 533; x_wconf 76' lang='lat' dir='ltr'><strong>suos</strong></span> <span class='ocrx_word' id='word_1_266' title='bbox 1813 494 2022 544; x_wconf 60' lang='lat' dir='ltr'><strong>habuere}</strong></span> <span class='ocrx_word' id='word_1_267' title='bbox 2052 493 2154 537; x_wconf 70' lang='lat' dir='ltr'><strong>iude</strong></span> 
     </span>
     <span class='ocr_line' id='line_1_56' title="bbox 1275 551 2156 612; baseline 0.01 -20"><span class='ocrx_word' id='word_1_268' title='bbox 1275 551 1520 595; x_wconf 83' lang='lat' dir='ltr'><strong>Archontes</strong></span> <span class='ocrx_word' id='word_1_269' title='bbox 1554 568 1790 609; x_wconf 84' lang='lat' dir='ltr'><strong>accepere:</strong></span> <span class='ocrx_word' id='word_1_270' title='bbox 1820 559 1898 598; x_wconf 87' lang='lat' dir='ltr'><strong>sub</strong></span> <span class='ocrx_word' id='word_1_271' title='bbox 1915 557 2065 612; x_wconf 83' lang='lat' dir='ltr'><strong>quibus</strong></span> <span class='ocrx_word' id='word_1_272' title='bbox 2088 562 2156 612; x_wconf 76' lang='lat' dir='ltr'><strong>ty·</strong></span> 
     </span>
     <span class='ocr_line' id='line_1_57' title="bbox 1277 617 2159 674; baseline 0.01 -20"><span class='ocrx_word' id='word_1_273' title='bbox 1277 617 1495 658; x_wconf 72' lang='lat' dir='ltr'><strong>renuidem</strong></span> <span class='ocrx_word' id='word_1_274' title='bbox 1516 620 1712 660; x_wconf 83' lang='lat' dir='ltr'><strong>exercuit</strong></span> <span class='ocrx_word' id='word_1_275' title='bbox 1730 619 2000 673; x_wconf 76' lang='lat' dir='ltr'><strong>Pisistratus,</strong></span> <span class='ocrx_word' id='word_1_276' title='bbox 2018 624 2159 674; x_wconf 68' lang='lat' dir='ltr'><strong>posta-</strong></span> 
     </span>
     <span class='ocr_line' id='line_1_58' title="bbox 1277 678 2155 738; baseline 0.008 -20"><span class='ocrx_word' id='word_1_277' title='bbox 1277 678 1400 731; x_wconf 87' lang='lat' dir='ltr'><strong>rique</strong></span> <span class='ocrx_word' id='word_1_278' title='bbox 1418 680 1511 732; x_wconf 87' lang='lat' dir='ltr'><strong>ejus</strong></span> <span class='ocrx_word' id='word_1_279' title='bbox 1541 681 1716 735; x_wconf 80' lang='lat' dir='ltr'><strong>aliquot,</strong></span> <span class='ocrx_word' id='word_1_280' title='bbox 1732 683 1806 736; x_wconf 87' lang='lat' dir='ltr'><strong>qni</strong></span> <span class='ocrx_word' id='word_1_281' title='bbox 1827 683 1957 736; x_wconf 89' lang='lat' dir='ltr'><strong>ejecti</strong></span> <span class='ocrx_word' id='word_1_282' title='bbox 1977 683 2155 738; x_wconf 75' lang='lat' dir='ltr'><strong>olymp.</strong></span> 
     </span>
     <span class='ocr_line' id='line_1_59' title="bbox 1277 746 2157 790; baseline 0.007 -6"><span class='ocrx_word' id='word_1_283' title='bbox 1277 753 1384 785; x_wconf 65' lang='lat' dir='ltr'><strong>mxv.</strong></span> <span class='ocrx_word' id='word_1_284' title='bbox 1425 756 1535 785; x_wconf 87' lang='lat' dir='ltr'><strong>auno</strong></span> <span class='ocrx_word' id='word_1_285' title='bbox 1565 749 1606 786; x_wconf 87' lang='grc'><strong>4.</strong></span> <span class='ocrx_word' id='word_1_286' title='bbox 1647 747 1823 789; x_wconf 85' lang='lat' dir='ltr'><strong>Deinde</strong></span> <span class='ocrx_word' id='word_1_287' title='bbox 1856 760 1961 789; x_wconf 79' lang='lat' dir='ltr'><strong>vero</strong></span> <span class='ocrx_word' id='word_1_288' title='bbox 1987 746 2157 790; x_wconf 68' lang='lat' dir='ltr'><strong>Aristo-</strong></span> 
     </span>
     <span class='ocr_line' id='line_1_60' title="bbox 1277 807 2159 864; baseline 0.006 -18"><span class='ocrx_word' id='word_1_289' title='bbox 1277 807 1415 847; x_wconf 86' lang='lat' dir='ltr'><strong>cratia</strong></span> <span class='ocrx_word' id='word_1_290' title='bbox 1432 808 1512 858; x_wconf 85' lang='lat' dir='ltr'><strong>nsi,</strong></span> <span class='ocrx_word' id='word_1_291' title='bbox 1526 821 1661 861; x_wconf 85' lang='lat' dir='ltr'><strong>usqne</strong></span> <span class='ocrx_word' id='word_1_292' title='bbox 1681 810 1736 849; x_wconf 81' lang='lat' dir='ltr'><strong>ad</strong></span> <span class='ocrx_word' id='word_1_293' title='bbox 1754 811 1931 864; x_wconf 82' lang='lat' dir='ltr'><strong>Olymp.</strong></span> <span class='ocrx_word' id='word_1_294' title='bbox 1951 821 2068 853; x_wconf 65' lang='grc' dir='ltr'><strong>κου’.</strong></span> <span class='ocrx_word' id='word_1_295' title='bbox 2087 815 2159 852; x_wconf 69' lang='lat' dir='ltr'><strong>au-</strong></span> 
     </span>
     <span class='ocr_line' id='line_1_61' title="bbox 1278 871 2158 930; baseline 0.009 -21"><span class='ocrx_word' id='word_1_296' title='bbox 1278 881 1379 910; x_wconf 87' lang='lat' dir='ltr'><strong>num</strong></span> <span class='ocrx_word' id='word_1_297' title='bbox 1394 873 1433 910; x_wconf 87' lang='lat'><strong>1.</strong></span> <span class='ocrx_word' id='word_1_298' title='bbox 1453 881 1551 910; x_wconf 85' lang='lat' dir='ltr'><strong>cum</strong></span> <span class='ocrx_word' id='word_1_299' title='bbox 1570 871 1701 912; x_wconf 86' lang='lat' dir='ltr'><strong>electi</strong></span> <span class='ocrx_word' id='word_1_300' title='bbox 1716 883 1838 915; x_wconf 85' lang='lat' dir='ltr'><strong>cccc.</strong></span> <span class='ocrx_word' id='word_1_301' title='bbox 1858 874 1932 927; x_wconf 82' lang='lat' dir='ltr'><strong>qui</strong></span> <span class='ocrx_word' id='word_1_302' title='bbox 1949 880 2158 930; x_wconf 72' lang='lat' dir='ltr'><strong>sequente</strong></span> 
     </span>
     <span class='ocr_line' id='line_1_62' title="bbox 1280 932 2159 991; baseline 0.009 -20"><span class='ocrx_word' id='word_1_303' title='bbox 1280 932 1427 972; x_wconf 89' lang='lat' dir='ltr'><strong>statim</strong></span> <span class='ocrx_word' id='word_1_304' title='bbox 1453 943 1563 973; x_wconf 84' lang='lat' dir='ltr'><strong>anno</strong></span> <span class='ocrx_word' id='word_1_305' title='bbox 1590 932 1798 986; x_wconf 80' lang='lat' dir='ltr'><strong>abrogati.</strong></span> <span class='ocrx_word' id='word_1_306' title='bbox 1849 935 2013 978; x_wconf 84' lang='lat' dir='ltr'><strong>Postea</strong></span> <span class='ocrx_word' id='word_1_307' title='bbox 2029 948 2055 977; x_wconf 86' lang='lat' dir='ltr'><strong>a</strong></span> <span class='ocrx_word' id='word_1_308' title='bbox 2073 938 2159 991; x_wconf 62' lang='lat' dir='ltr'><strong>Ly*-</strong></span> 
     </span>
     <span class='ocr_line' id='line_1_63' title="bbox 1281 994 2159 1051; baseline 0.008 -16"><span class='ocrx_word' id='word_1_309' title='bbox 1281 994 1439 1036; x_wconf 90' lang='lat' dir='ltr'><strong>sandro</strong></span> <span class='ocrx_word' id='word_1_310' title='bbox 1473 995 1597 1048; x_wconf 83' lang='lat' dir='ltr'><strong>victi,</strong></span> <span class='ocrx_word' id='word_1_311' title='bbox 1631 997 1811 1049; x_wconf 84' lang='lat' dir='ltr'><strong>triginta</strong></span> <span class='ocrx_word' id='word_1_312' title='bbox 1845 1003 2052 1051; x_wconf 78' lang='lat' dir='ltr'><strong>tyrannos</strong></span> <span class='ocrx_word' id='word_1_313' title='bbox 2083 1001 2159 1042; x_wconf 70' lang='lat' dir='ltr'><strong>ba-</strong></span> 
     </span>
     <span class='ocr_line' id='line_1_64' title="bbox 1281 1057 2161 1112; baseline 0.008 -12"><span class='ocrx_word' id='word_1_314' title='bbox 1281 1057 1430 1110; x_wconf 85' lang='lat' dir='ltr'><strong>buere,</strong></span> <span class='ocrx_word' id='word_1_315' title='bbox 1459 1058 1637 1112; x_wconf 85' lang='lat' dir='ltr'><strong>olymp.</strong></span> <span class='ocrx_word' id='word_1_316' title='bbox 1673 1069 1799 1102; x_wconf 73' lang='lat' dir='ltr'><strong>xciv.</strong></span> <span class='ocrx_word' id='word_1_317' title='bbox 1832 1071 1943 1102; x_wconf 86' lang='lat' dir='ltr'><strong>anno</strong></span> <span class='ocrx_word' id='word_1_318' title='bbox 1975 1065 2018 1103; x_wconf 84' lang='lat'><strong>1.</strong></span> <span class='ocrx_word' id='word_1_319' title='bbox 2066 1063 2161 1107; x_wconf 66' lang='lat' dir='ltr'><strong>‘Qui</strong></span> 
     </span>
     <span class='ocr_line' id='line_1_65' title="bbox 1283 1122 2162 1179; baseline 0.006 -17"><span class='ocrx_word' id='word_1_320' title='bbox 1283 1133 1382 1162; x_wconf 90' lang='lat' dir='ltr'><strong>cum</strong></span> <span class='ocrx_word' id='word_1_321' title='bbox 1398 1122 1547 1163; x_wconf 87' lang='lat' dir='ltr'><strong>decem</strong></span> <span class='ocrx_word' id='word_1_322' title='bbox 1566 1123 1831 1176; x_wconf 87' lang='lat' dir='ltr'><strong>commutati,</strong></span> <span class='ocrx_word' id='word_1_323' title='bbox 1848 1124 2028 1179; x_wconf 78' lang='lat' dir='ltr'><strong>olymp.</strong></span> <span class='ocrx_word' id='word_1_324' title='bbox 2045 1126 2162 1179; x_wconf 81' lang='lat' dir='ltr'><strong>ejus·</strong></span> 
     </span>
     <span class='ocr_line' id='line_1_66' title="bbox 1282 1184 2161 1240; baseline 0.008 -16"><span class='ocrx_word' id='word_1_325' title='bbox 1282 1184 1381 1224; x_wconf 90' lang='lat' dir='ltr'><strong>dem</strong></span> <span class='ocrx_word' id='word_1_326' title='bbox 1395 1196 1507 1226; x_wconf 87' lang='lat' dir='ltr'><strong>anno</strong></span> <span class='ocrx_word' id='word_1_327' title='bbox 1525 1188 1569 1226; x_wconf 89' lang='grc'><strong>4.</strong></span> <span class='ocrx_word' id='word_1_328' title='bbox 1591 1198 1665 1226; x_wconf 91' lang='lat' dir='ltr'><strong>eos</strong></span> <span class='ocrx_word' id='word_1_329' title='bbox 1679 1190 1848 1240; x_wconf 84' lang='lat' dir='ltr'><strong>quoque</strong></span> <span class='ocrx_word' id='word_1_330' title='bbox 1872 1189 1988 1240; x_wconf 78' lang='lat' dir='ltr'><strong>ipsos</strong></span> <span class='ocrx_word' id='word_1_331' title='bbox 2015 1189 2161 1232; x_wconf 74' lang='lat' dir='ltr'><strong>statim</strong></span> 
     </span>
     <span class='ocr_line' id='line_1_67' title="bbox 1281 1248 2081 1303; baseline 0.008 -15"><span class='ocrx_word' id='word_1_332' title='bbox 1281 1248 1327 1288; x_wconf 89' lang='lat' dir='ltr'><strong>in</strong></span> <span class='ocrx_word' id='word_1_333' title='bbox 1345 1248 1578 1301; x_wconf 87' lang='lat' dir='ltr'><strong>primordio</strong></span> <span class='ocrx_word' id='word_1_334' title='bbox 1595 1260 1838 1290; x_wconf 88' lang='lat' dir='ltr'><strong>excussere.</strong></span> <span class='ocrx_word' id='word_1_335' title='bbox 1868 1251 2081 1303; x_wconf 62' lang='lat' dir='ltr'><strong>Mar-sius.</strong></span> 
     </span>
    </p>

    <p class='ocr_par' dir='ltr' id='par_1_10' title="bbox 1274 1312 2166 1858">
     <span class='ocr_line' id='line_1_68' title="bbox 1336 1312 2162 1367; baseline 0.002 -14"><span class='ocrx_word' id='word_1_336' title='bbox 1336 1312 1448 1354; x_wconf 72' lang='lat' dir='ltr'><strong>CAP.</strong></span> <span class='ocrx_word' id='word_1_337' title='bbox 1463 1315 1504 1353; x_wconf 81' lang='lat'><strong>2.</strong></span> <span class='ocrx_word' id='word_1_338' title='bbox 1526 1313 1770 1353; x_wconf 76' lang='lat' dir='ltr'><strong>crudelitate</strong></span> <span class='ocrx_word' id='word_1_339' title='bbox 1785 1317 1825 1353; x_wconf 77' lang='lat' dir='ltr'><strong>et</strong></span> <span class='ocrx_word' id='word_1_340' title='bbox 1838 1312 2032 1367; x_wconf 50' lang='lat' dir='ltr'><strong>perfidia]</strong></span> <span class='ocrx_word' id='word_1_341' title='bbox 2058 1313 2162 1367; x_wconf 67' lang='lat' dir='ltr'><strong>Ipse</strong></span> 
     </span>
     <span class='ocr_line' id='line_1_69' title="bbox 1283 1374 2166 1430; baseline 0.002 -15"><span class='ocrx_word' id='word_1_342' title='bbox 1283 1374 1445 1428; x_wconf 83' lang='lat' dir='ltr'><strong>quippe</strong></span> <span class='ocrx_word' id='word_1_343' title='bbox 1469 1375 1617 1416; x_wconf 89' lang='lat' dir='ltr'><strong>dicere</strong></span> <span class='ocrx_word' id='word_1_344' title='bbox 1647 1377 1796 1416; x_wconf 89' lang='lat' dir='ltr'><strong>solitus</strong></span> <span class='ocrx_word' id='word_1_345' title='bbox 1815 1382 1925 1430; x_wconf 83' lang='lat' dir='ltr'><strong>erat,</strong></span> <span class='ocrx_word' id='word_1_346' title='bbox 1940 1375 2166 1418; x_wconf 69' lang='grc' dir='ltr'>1ιῦἰὶαωί-</span> 
     </span>
     <span class='ocr_line' id='line_1_70' title="bbox 1281 1438 2162 1493; baseline 0.005 -16"><span class='ocrx_word' id='word_1_347' title='bbox 1281 1449 1338 1478; x_wconf 89' lang='lat' dir='ltr'><strong>na</strong></span> <span class='ocrx_word' id='word_1_348' title='bbox 1371 1438 1496 1490; x_wconf 89' lang='lat' dir='ltr'><strong>pellis</strong></span> <span class='ocrx_word' id='word_1_349' title='bbox 1531 1450 1616 1478; x_wconf 90' lang='lat' dir='ltr'><strong>non</strong></span> <span class='ocrx_word' id='word_1_350' title='bbox 1651 1439 1902 1492; x_wconf 86' lang='lat' dir='ltr'><strong>proficeret,</strong></span> <span class='ocrx_word' id='word_1_351' title='bbox 1942 1439 2162 1493; x_wconf 60' lang='lat' dir='ltr'><strong>vulpinam</strong></span> 
     </span>
     <span class='ocr_line' id='line_1_71' title="bbox 1282 1501 2164 1556; baseline 0.002 -15"><span class='ocrx_word' id='word_1_352' title='bbox 1282 1512 1375 1542; x_wconf 88' lang='lat' dir='ltr'><strong>esse</strong></span> <span class='ocrx_word' id='word_1_353' title='bbox 1394 1501 1672 1543; x_wconf 85' lang='lat' dir='ltr'><strong>assuendam:</strong></span> <span class='ocrx_word' id='word_1_354' title='bbox 1702 1502 1817 1543; x_wconf 90' lang='lat' dir='ltr'><strong>idem</strong></span> <span class='ocrx_word' id='word_1_355' title='bbox 1839 1501 2039 1556; x_wconf 74' lang='lat' dir='ltr'><strong>jubebat,</strong></span> <span class='ocrx_word' id='word_1_356' title='bbox 2057 1514 2164 1556; x_wconf 80' lang='lat' dir='ltr'><strong>pne·-</strong></span> 
     </span>
     <span class='ocr_line' id='line_1_72' title="bbox 1282 1563 2164 1617; baseline 0.002 -13"><span class='ocrx_word' id='word_1_357' title='bbox 1282 1575 1352 1604; x_wconf 86' lang='lat' dir='ltr'><strong>ros</strong></span> <span class='ocrx_word' id='word_1_358' title='bbox 1391 1563 1567 1617; x_wconf 88' lang='lat' dir='ltr'><strong>quidem</strong></span> <span class='ocrx_word' id='word_1_359' title='bbox 1603 1564 1783 1615; x_wconf 81' lang='lat' dir='ltr'><strong>taxillis,</strong></span> <span class='ocrx_word' id='word_1_360' title='bbox 1824 1564 2016 1606; x_wconf 88' lang='lat' dir='ltr'><strong>homines</strong></span> <span class='ocrx_word' id='word_1_361' title='bbox 2061 1570 2164 1606; x_wconf 78' lang='lat' dir='ltr'><strong>verb</strong></span> 
     </span>
     <span class='ocr_line' id='line_1_73' title="bbox 1274 1626 2164 1679; baseline 0.004 -13"><span class='ocrx_word' id='word_1_362' title='bbox 1274 1626 1555 1679; x_wconf 82' lang='lat' dir='ltr'><strong>jurejurando</strong></span> <span class='ocrx_word' id='word_1_363' title='bbox 1573 1626 1739 1669; x_wconf 84' lang='lat' dir='ltr'><strong>fallere.</strong></span> <span class='ocrx_word' id='word_1_364' title='bbox 1766 1628 1987 1670; x_wconf 79' lang='lat' dir='ltr'><strong>Plutarch.</strong></span> <span class='ocrx_word' id='word_1_365' title='bbox 2037 1628 2164 1670; x_wconf 68' lang='lat' dir='ltr'><strong>idem</strong></span> 
     </span>
     <span class='ocr_line' id='line_1_74' title="bbox 1281 1689 2164 1746; baseline 0.005 -16"><span class='ocrx_word' id='word_1_366' title='bbox 1281 1690 1321 1730; x_wconf 88' lang='lat' dir='ltr'><strong>ei</strong></span> <span class='ocrx_word' id='word_1_367' title='bbox 1355 1689 1521 1743; x_wconf 81' lang='lat' dir='ltr'><strong>Syllam</strong></span> <span class='ocrx_word' id='word_1_368' title='bbox 1553 1694 1789 1743; x_wconf 84' lang='lat' dir='ltr'><strong>comparat,</strong></span> <span class='ocrx_word' id='word_1_369' title='bbox 1808 1692 1853 1732; x_wconf 86' lang='lat' dir='ltr'><strong>in</strong></span> <span class='ocrx_word' id='word_1_370' title='bbox 1871 1693 1993 1746; x_wconf 85' lang='lat' dir='ltr'><strong>cnjus</strong></span> <span class='ocrx_word' id='word_1_371' title='bbox 2020 1692 2164 1734; x_wconf 82' lang='lat' dir='ltr'><strong>animo</strong></span> 
     </span>
     <span class='ocr_line' id='line_1_75' title="bbox 1283 1751 2164 1807; baseline 0.005 -15"><span class='ocrx_word' id='word_1_372' title='bbox 1283 1764 1378 1793; x_wconf 87' lang='lat' dir='ltr'><strong>esse</strong></span> <span class='ocrx_word' id='word_1_373' title='bbox 1407 1754 1576 1793; x_wconf 87' lang='lat' dir='ltr'><strong>leonem</strong></span> <span class='ocrx_word' id='word_1_374' title='bbox 1605 1758 1652 1795; x_wconf 93' lang='lat' dir='ltr'><strong>et</strong></span> <span class='ocrx_word' id='word_1_375' title='bbox 1670 1754 1845 1807; x_wconf 81' lang='lat' dir='ltr'><strong>vulpem</strong></span> <span class='ocrx_word' id='word_1_376' title='bbox 1862 1754 2042 1797; x_wconf 82' lang='lat' dir='ltr'><strong>dicebat</strong></span> <span class='ocrx_word' id='word_1_377' title='bbox 2060 1751 2164 1798; x_wconf 60' lang='lat' dir='ltr'><strong>Car*</strong></span> 
     </span>
     <span class='ocr_line' id='line_1_76' title="bbox 1282 1817 1566 1858; baseline 0 0"><span class='ocrx_word' id='word_1_378' title='bbox 1282 1817 1356 1858; x_wconf 81' lang='lat' dir='ltr'><strong>bo..</strong></span> <span class='ocrx_word' id='word_1_379' title='bbox 1388 1817 1566 1858; x_wconf 73' lang='lat' dir='ltr'><strong>Grotius.</strong></span> 
     </span>
    </p>

    <p class='ocr_par' dir='ltr' id='par_1_11' title="bbox 1342 1881 2126 1935">
     <span class='ocr_line' id='line_1_77' title="bbox 1342 1881 2126 1935; baseline 0.001 -12"><span class='ocrx_word' id='word_1_380' title='bbox 1342 1881 1588 1935; x_wconf 71' lang='lat' dir='ltr'><strong>Fatigmoe]</strong></span> <span class='ocrx_word' id='word_1_381' title='bbox 1615 1881 1794 1934; x_wconf 76' lang='lat' dir='ltr'><strong>Scripfi,</strong></span> <span class='ocrx_word' id='word_1_382' title='bbox 1810 1883 2090 1934; x_wconf 65' lang='lat' dir='ltr'><strong>defatigemus.</strong></span> <span class='ocrx_word' id='word_1_383' title='bbox 2119 1884 2126 1890; x_wconf 86' lang='lat'><strong><em>&#39;</em></strong></span> 
     </span>
    </p>

    <p class='ocr_par' dir='ltr' id='par_1_12' title="bbox 1275 1944 2174 3513">
     <span class='ocr_line' id='line_1_78' title="bbox 1339 1944 2168 2000; baseline 0.002 -15"><span class='ocrx_word' id='word_1_384' title='bbox 1339 1944 1515 1986; x_wconf 76' lang='lat' dir='ltr'><strong>Proinde</strong></span> <span class='ocrx_word' id='word_1_385' title='bbox 1545 1958 1592 1985; x_wconf 83' lang='lat' dir='ltr'><strong>ac</strong></span> <span class='ocrx_word' id='word_1_386' title='bbox 1618 1945 1661 1986; x_wconf 80' lang='lat' dir='ltr'><strong>si-</strong></span> <span class='ocrx_word' id='word_1_387' title='bbox 1685 1945 2049 2000; x_wconf 66' lang='lat' dir='ltr'><strong>iidemfirmissimi</strong></span> <span class='ocrx_word' id='word_1_388' title='bbox 2070 1946 2168 1987; x_wconf 71' lang='lat' dir='ltr'><strong>sola-</strong></span> 
     </span>
     <span class='ocr_line' id='line_1_79' title="bbox 1285 2008 2169 2061; baseline 0 -11"><span class='ocrx_word' id='word_1_389' title='bbox 1285 2012 1378 2050; x_wconf 79' lang='lat' dir='ltr'><strong>rent</strong></span> <span class='ocrx_word' id='word_1_390' title='bbox 1407 2021 1488 2049; x_wconf 81' lang='lat' dir='ltr'><strong>esse</strong></span> <span class='ocrx_word' id='word_1_391' title='bbox 1516 2009 1648 2060; x_wconf 77' lang='lat' dir='ltr'><strong>amici,</strong></span> <span class='ocrx_word' id='word_1_392' title='bbox 1665 2009 1732 2061; x_wconf 78' lang='lat' dir='ltr'><strong>qui</strong></span> <span class='ocrx_word' id='word_1_393' title='bbox 1755 2012 1976 2050; x_wconf 66' lang='lat' dir='ltr'><strong>constantes</strong></span> <span class='ocrx_word' id='word_1_394' title='bbox 1994 2008 2169 2058; x_wconf 70' lang='lat' dir='ltr'><strong>fuissent</strong></span> 
     </span>
     <span class='ocr_line' id='line_1_80' title="bbox 1286 2071 2167 2124; baseline 0.001 -12"><span class='ocrx_word' id='word_1_395' title='bbox 1286 2071 1459 2123; x_wconf 78' lang='lat' dir='ltr'><strong>inimici]</strong></span> <span class='ocrx_word' id='word_1_396' title='bbox 1500 2072 1665 2112; x_wconf 87' lang='lat' dir='ltr'><strong>Contra</strong></span> <span class='ocrx_word' id='word_1_397' title='bbox 1693 2073 1745 2113; x_wconf 90' lang='lat' dir='ltr'><strong>P.</strong></span> <span class='ocrx_word' id='word_1_398' title='bbox 1773 2072 1923 2124; x_wconf 77' lang='lat' dir='ltr'><strong>Syrus,</strong></span> <span class='ocrx_word' id='word_1_399' title='bbox 1947 2073 1962 2096; x_wconf 88' lang='lat'>‘</span> <span class='ocrx_word' id='word_1_400' title='bbox 1980 2072 2167 2116; x_wconf 68' lang='lat' dir='ltr'><strong>Quidam</strong></span> 
     </span>
     <span class='ocr_line' id='line_1_81' title="bbox 1285 2134 2172 2186; baseline 0 -11"><span class='ocrx_word' id='word_1_401' title='bbox 1285 2134 1450 2175; x_wconf 88' lang='lat' dir='ltr'><strong>inimici</strong></span> <span class='ocrx_word' id='word_1_402' title='bbox 1494 2146 1661 2186; x_wconf 80' lang='lat' dir='ltr'><strong>graves,</strong></span> <span class='ocrx_word' id='word_1_403' title='bbox 1708 2134 1832 2175; x_wconf 87' lang='lat' dir='ltr'><strong>amici</strong></span> <span class='ocrx_word' id='word_1_404' title='bbox 1877 2139 1978 2175; x_wconf 91' lang='lat' dir='ltr'><strong>sunt</strong></span> <span class='ocrx_word' id='word_1_405' title='bbox 2020 2134 2172 2176; x_wconf 81' lang='lat' dir='ltr'><strong>leves.&#39;</strong></span> 
     </span>
     <span class='ocr_line' id='line_1_82' title="bbox 1289 2195 2171 2238; baseline 0.002 -2"><span class='ocrx_word' id='word_1_406' title='bbox 1289 2197 1419 2237; x_wconf 73' lang='lat' dir='ltr'><strong>Gebh.</strong></span> <span class='ocrx_word' id='word_1_407' title='bbox 1479 2195 1665 2236; x_wconf 84' lang='lat' dir='ltr'><strong>Secutus</strong></span> <span class='ocrx_word' id='word_1_408' title='bbox 1692 2208 1783 2237; x_wconf 88' lang='lat' dir='ltr'><strong>sum</strong></span> <span class='ocrx_word' id='word_1_409' title='bbox 1811 2196 2046 2238; x_wconf 87' lang='lat' dir='ltr'><strong>editionem</strong></span> <span class='ocrx_word' id='word_1_410' title='bbox 2073 2197 2171 2238; x_wconf 82' lang='lat' dir='ltr'><strong>Flo-</strong></span> 
     </span>
     <span class='ocr_line' id='line_1_83' title="bbox 1288 2258 2169 2302; baseline 0.001 -3"><span class='ocrx_word' id='word_1_411' title='bbox 1288 2259 1502 2300; x_wconf 88' lang='lat' dir='ltr'><strong>rentinam</strong></span> <span class='ocrx_word' id='word_1_412' title='bbox 1521 2264 1569 2299; x_wconf 87' lang='lat' dir='ltr'><strong>et</strong></span> <span class='ocrx_word' id='word_1_413' title='bbox 1586 2258 1801 2302; x_wconf 87' lang='lat' dir='ltr'><strong>Aldinam.</strong></span> <span class='ocrx_word' id='word_1_414' title='bbox 1850 2261 2035 2301; x_wconf 76' lang='lat' dir='ltr'><strong>Caeterae</strong></span> <span class='ocrx_word' id='word_1_415' title='bbox 2053 2260 2169 2301; x_wconf 86' lang='lat' dir='ltr'><strong>enim</strong></span> 
     </span>
     <span class='ocr_line' id='line_1_84' title="bbox 1286 2322 2170 2364; baseline 0.002 -2"><span class='ocrx_word' id='word_1_416' title='bbox 1286 2322 1449 2362; x_wconf 88' lang='lat' dir='ltr'><strong>habent</strong></span> <span class='ocrx_word' id='word_1_417' title='bbox 1467 2322 1707 2362; x_wconf 86' lang='lat' dir='ltr'><strong>contrarie:</strong></span> <span class='ocrx_word' id='word_1_418' title='bbox 1738 2323 1913 2364; x_wconf 68' lang='lat' dir='ltr'><strong>Proinde</strong></span> <span class='ocrx_word' id='word_1_419' title='bbox 1931 2336 1979 2364; x_wconf 79' lang='lat' dir='ltr'><strong>ac</strong></span> <span class='ocrx_word' id='word_1_420' title='bbox 1993 2323 2031 2363; x_wconf 77' lang='lat' dir='ltr'><strong>si</strong></span> <span class='ocrx_word' id='word_1_421' title='bbox 2047 2323 2170 2364; x_wconf 64' lang='lat' dir='ltr'><strong>iidem</strong></span> 
     </span>
     <span class='ocr_line' id='line_1_85' title="bbox 1275 2384 2172 2439; baseline 0.003 -15"><span class='ocrx_word' id='word_1_422' title='bbox 1275 2384 1502 2439; x_wconf 55' lang='lat' dir='ltr'><strong>firmissimi</strong></span> <span class='ocrx_word' id='word_1_423' title='bbox 1518 2386 1687 2425; x_wconf 80' lang='lat' dir='ltr'><strong>solerent</strong></span> <span class='ocrx_word' id='word_1_424' title='bbox 1713 2398 1794 2426; x_wconf 81' lang='lat' dir='ltr'><strong>esse</strong></span> <span class='ocrx_word' id='word_1_425' title='bbox 1809 2386 1979 2437; x_wconf 78' lang='lat' dir='ltr'><strong>inimici,</strong></span> <span class='ocrx_word' id='word_1_426' title='bbox 1996 2386 2064 2439; x_wconf 68' lang='lat' dir='ltr'><strong>qui</strong></span> <span class='ocrx_word' id='word_1_427' title='bbox 2081 2390 2172 2427; x_wconf 76' lang='lat' dir='ltr'><strong>con-</strong></span> 
     </span>
     <span class='ocr_line' id='line_1_86' title="bbox 1286 2446 2173 2504; baseline 0.003 -17"><span class='ocrx_word' id='word_1_428' title='bbox 1286 2451 1438 2488; x_wconf 74' lang='lat' dir='ltr'><strong>stantes</strong></span> <span class='ocrx_word' id='word_1_429' title='bbox 1454 2446 1627 2496; x_wconf 77' lang='lat' dir='ltr'><strong>fuissent</strong></span> <span class='ocrx_word' id='word_1_430' title='bbox 1650 2448 1781 2490; x_wconf 74' lang='lat' dir='ltr'><strong>amici.</strong></span> <span class='ocrx_word' id='word_1_431' title='bbox 1837 2450 1903 2490; x_wconf 83' lang='lat' dir='ltr'><strong>Ex</strong></span> <span class='ocrx_word' id='word_1_432' title='bbox 1921 2449 2173 2504; x_wconf 82' lang='lat' dir='ltr'><strong>Thucydide</strong></span> 
     </span>
     <span class='ocr_line' id='line_1_87' title="bbox 1286 2509 2171 2565; baseline 0.005 -15"><span class='ocrx_word' id='word_1_433' title='bbox 1286 2509 1364 2551; x_wconf 88' lang='lat' dir='ltr'><strong>lib.</strong></span> <span class='ocrx_word' id='word_1_434' title='bbox 1399 2522 1502 2551; x_wconf 86' lang='lat' dir='ltr'><strong>vm.</strong></span> <span class='ocrx_word' id='word_1_435' title='bbox 1542 2511 1645 2552; x_wconf 85' lang='lat' dir='ltr'><strong>licet</strong></span> <span class='ocrx_word' id='word_1_436' title='bbox 1681 2511 1939 2565; x_wconf 83' lang='lat' dir='ltr'><strong>intelligere,</strong></span> <span class='ocrx_word' id='word_1_437' title='bbox 1973 2513 2171 2565; x_wconf 82' lang='lat' dir='ltr'><strong>Thasios,</strong></span> 
     </span>
     <span class='ocr_line' id='line_1_88' title="bbox 1290 2573 2172 2626; baseline 0.003 -13"><span class='ocrx_word' id='word_1_438' title='bbox 1290 2578 1522 2626; x_wconf 81' lang='lat' dir='ltr'><strong>antequam</strong></span> <span class='ocrx_word' id='word_1_439' title='bbox 1540 2577 1706 2614; x_wconf 83' lang='lat' dir='ltr'><strong>tantam</strong></span> <span class='ocrx_word' id='word_1_440' title='bbox 1723 2573 1851 2615; x_wconf 82' lang='lat' dir='ltr'><strong>fldem</strong></span> <span class='ocrx_word' id='word_1_441' title='bbox 1871 2575 1915 2615; x_wconf 91' lang='lat' dir='ltr'><strong>in</strong></span> <span class='ocrx_word' id='word_1_442' title='bbox 1934 2574 2172 2616; x_wconf 85' lang='lat' dir='ltr'><strong>Athenien-</strong></span> 
     </span>
     <span class='ocr_line' id='line_1_89' title="bbox 1290 2635 2174 2690; baseline 0 -12"><span class='ocrx_word' id='word_1_443' title='bbox 1290 2649 1359 2678; x_wconf 89' lang='lat' dir='ltr'><strong>ses</strong></span> <span class='ocrx_word' id='word_1_444' title='bbox 1378 2636 1697 2690; x_wconf 79' lang='lat' dir='ltr'><strong>praestitissent,</strong></span> <span class='ocrx_word' id='word_1_445' title='bbox 1718 2649 1861 2678; x_wconf 86' lang='lat' dir='ltr'><strong>eornm</strong></span> <span class='ocrx_word' id='word_1_446' title='bbox 1880 2635 2013 2678; x_wconf 85' lang='lat' dir='ltr'><strong>fuisse</strong></span> <span class='ocrx_word' id='word_1_447' title='bbox 2031 2637 2174 2679; x_wconf 84' lang='lat' dir='ltr'><strong>inimi·</strong></span> 
     </span>
     <span class='ocr_line' id='line_1_90' title="bbox 1290 2699 2172 2754; baseline 0.001 -14"><span class='ocrx_word' id='word_1_448' title='bbox 1290 2713 1380 2752; x_wconf 86' lang='lat' dir='ltr'><strong>cos,</strong></span> <span class='ocrx_word' id='word_1_449' title='bbox 1395 2705 1441 2741; x_wconf 91' lang='lat' dir='ltr'><strong>et</strong></span> <span class='ocrx_word' id='word_1_450' title='bbox 1454 2699 1875 2741; x_wconf 73' lang='lat' dir='ltr'><strong>Lacedaemoniorum</strong></span> <span class='ocrx_word' id='word_1_451' title='bbox 1891 2700 2027 2741; x_wconf 87' lang='lat' dir='ltr'><strong>socios</strong></span> <span class='ocrx_word' id='word_1_452' title='bbox 2040 2705 2172 2754; x_wconf 72' lang='lat' dir='ltr'><strong>atque</strong></span> 
     </span>
     <span class='ocr_line' id='line_1_91' title="bbox 1289 2761 2173 2816; baseline -0.002 -12"><span class='ocrx_word' id='word_1_453' title='bbox 1289 2764 1465 2804; x_wconf 88' lang='lat' dir='ltr'><strong>amicos.</strong></span> <span class='ocrx_word' id='word_1_454' title='bbox 1519 2764 1648 2804; x_wconf 89' lang='lat' dir='ltr'><strong>Nunc</strong></span> <span class='ocrx_word' id='word_1_455' title='bbox 1667 2763 1800 2816; x_wconf 83' lang='lat' dir='ltr'><strong>igitur</strong></span> <span class='ocrx_word' id='word_1_456' title='bbox 1819 2763 1920 2816; x_wconf 88' lang='lat' dir='ltr'><strong>qnia</strong></span> <span class='ocrx_word' id='word_1_457' title='bbox 1938 2761 2173 2805; x_wconf 85' lang='lat' dir='ltr'><strong>Athenien-</strong></span> 
     </span>
     <span class='ocr_line' id='line_1_92' title="bbox 1289 2824 2172 2867; baseline 0.001 -1"><span class='ocrx_word' id='word_1_458' title='bbox 1289 2825 1406 2866; x_wconf 87' lang='lat' dir='ltr'><strong>sibus</strong></span> <span class='ocrx_word' id='word_1_459' title='bbox 1439 2837 1513 2867; x_wconf 90' lang='lat' dir='ltr'><strong>eos</strong></span> <span class='ocrx_word' id='word_1_460' title='bbox 1547 2825 1671 2866; x_wconf 79' lang='lat' dir='ltr'><strong>videt</strong></span> <span class='ocrx_word' id='word_1_461' title='bbox 1707 2826 1866 2866; x_wconf 81' lang='lat' dir='ltr'><strong>amicos</strong></span> <span class='ocrx_word' id='word_1_462' title='bbox 1903 2837 1999 2867; x_wconf 91' lang='lat' dir='ltr'><strong>esse</strong></span> <span class='ocrx_word' id='word_1_463' title='bbox 2029 2824 2172 2867; x_wconf 77' lang='lat' dir='ltr'><strong>factos</strong></span> 
     </span>
     <span class='ocr_line' id='line_1_93' title="bbox 1291 2888 2172 2943; baseline 0 -13"><span class='ocrx_word' id='word_1_464' title='bbox 1291 2889 1526 2943; x_wconf 82' lang='lat' dir='ltr'><strong>Lysander,</strong></span> <span class='ocrx_word' id='word_1_465' title='bbox 1547 2889 1654 2930; x_wconf 84' lang='lat' dir='ltr'><strong>etin</strong></span> <span class='ocrx_word' id='word_1_466' title='bbox 1670 2889 1749 2930; x_wconf 84' lang='lat' dir='ltr'><strong>hac</strong></span> <span class='ocrx_word' id='word_1_467' title='bbox 1770 2888 1959 2930; x_wconf 82' lang='lat' dir='ltr'><strong>amicitia</strong></span> <span class='ocrx_word' id='word_1_468' title='bbox 1977 2894 2172 2941; x_wconf 75' lang='lat' dir='ltr'><strong>perman·</strong></span> 
     </span>
     <span class='ocr_line' id='line_1_94' title="bbox 1291 2951 2169 3004; baseline 0 -11"><span class='ocrx_word' id='word_1_469' title='bbox 1291 2964 1412 2993; x_wconf 85' lang='lat' dir='ltr'><strong>suros</strong></span> <span class='ocrx_word' id='word_1_470' title='bbox 1435 2951 1624 3003; x_wconf 83' lang='lat' dir='ltr'><strong>judicat,</strong></span> <span class='ocrx_word' id='word_1_471' title='bbox 1651 2964 1725 2992; x_wconf 89' lang='lat' dir='ltr'><strong>eos</strong></span> <span class='ocrx_word' id='word_1_472' title='bbox 1755 2956 2006 3004; x_wconf 83' lang='lat' dir='ltr'><strong>pervertere</strong></span> <span class='ocrx_word' id='word_1_473' title='bbox 2032 2952 2169 3004; x_wconf 84' lang='lat' dir='ltr'><strong>cupit.</strong></span> 
     </span>
     <span class='ocr_line' id='line_1_95' title="bbox 1292 3012 2170 3066; baseline 0 -11"><span class='ocrx_word' id='word_1_474' title='bbox 1292 3014 1502 3066; x_wconf 84' lang='lat' dir='ltr'><strong>Congruit</strong></span> <span class='ocrx_word' id='word_1_475' title='bbox 1530 3025 1628 3053; x_wconf 91' lang='lat' dir='ltr'><strong>cum</strong></span> <span class='ocrx_word' id='word_1_476' title='bbox 1646 3012 1917 3064; x_wconf 85' lang='lat' dir='ltr'><strong>Thucydide,</strong></span> <span class='ocrx_word' id='word_1_477' title='bbox 1944 3018 1990 3054; x_wconf 87' lang='lat' dir='ltr'><strong>et</strong></span> <span class='ocrx_word' id='word_1_478' title='bbox 2017 3012 2170 3055; x_wconf 80' lang='lat' dir='ltr'><strong>confir-</strong></span> 
     </span>
     <span class='ocr_line' id='line_1_96' title="bbox 1290 3075 2170 3130; baseline 0.003 -13"><span class='ocrx_word' id='word_1_479' title='bbox 1290 3082 1380 3117; x_wconf 86' lang='lat' dir='ltr'><strong>mat</strong></span> <span class='ocrx_word' id='word_1_480' title='bbox 1405 3077 1515 3116; x_wconf 88' lang='lat' dir='ltr'><strong>hanc</strong></span> <span class='ocrx_word' id='word_1_481' title='bbox 1533 3075 1760 3116; x_wconf 89' lang='lat' dir='ltr'><strong>lectionem</strong></span> <span class='ocrx_word' id='word_1_482' title='bbox 1779 3075 1823 3116; x_wconf 86' lang='lat' dir='ltr'><strong>id</strong></span> <span class='ocrx_word' id='word_1_483' title='bbox 1838 3076 1951 3128; x_wconf 90' lang='lat' dir='ltr'><strong>quod</strong></span> <span class='ocrx_word' id='word_1_484' title='bbox 1969 3084 2037 3118; x_wconf 86' lang='lat' dir='ltr'><strong>est</strong></span> <span class='ocrx_word' id='word_1_485' title='bbox 2054 3077 2170 3130; x_wconf 78' lang='lat' dir='ltr'><strong>apud</strong></span> 
     </span>
     <span class='ocr_line' id='line_1_97' title="bbox 1290 3137 2169 3192; baseline 0.001 -11"><span class='ocrx_word' id='word_1_486' title='bbox 1290 3139 1643 3189; x_wconf 85' lang='lat' dir='ltr'><strong>Demosthenem,</strong></span> <span class='ocrx_word' id='word_1_487' title='bbox 1675 3137 1799 3179; x_wconf 77' lang='lat' dir='ltr'><strong>Orat.</strong></span> <span class='ocrx_word' id='word_1_488' title='bbox 1837 3138 1932 3192; x_wconf 66' lang='grc' dir='ltr'><strong>πρὸς</strong></span> <span class='ocrx_word' id='word_1_489' title='bbox 1961 3139 2169 3188; x_wconf 60' lang='lat' dir='ltr'><strong>Aes-ritm-</strong></span> 
     </span>
     <span class='ocr_line' id='line_1_98' title="bbox 1289 3201 2170 3256; baseline 0.003 -13"><span class='ocrx_word' id='word_1_490' title='bbox 1289 3204 1470 3244; x_wconf 79' lang='lat' dir='ltr'><strong>Lambin.</strong></span> <span class='ocrx_word' id='word_1_491' title='bbox 1539 3201 1610 3243; x_wconf 86' lang='lat' dir='ltr'><strong>Ad</strong></span> <span class='ocrx_word' id='word_1_492' title='bbox 1639 3203 1734 3243; x_wconf 80' lang='lat' dir='ltr'><strong>haec</strong></span> <span class='ocrx_word' id='word_1_493' title='bbox 1770 3204 2001 3256; x_wconf 73' lang='lat' dir='ltr'><strong>UltraJect.</strong></span> <span class='ocrx_word' id='word_1_494' title='bbox 2035 3203 2170 3246; x_wconf 79' lang='lat' dir='ltr'><strong>editio</strong></span> 
     </span>
     <span class='ocr_line' id='line_1_99' title="bbox 1287 3265 2170 3318; baseline 0.001 -11"><span class='ocrx_word' id='word_1_495' title='bbox 1287 3266 1563 3318; x_wconf 87' lang='lat' dir='ltr'><strong>negationem</strong></span> <span class='ocrx_word' id='word_1_496' title='bbox 1582 3266 1717 3318; x_wconf 87' lang='lat' dir='ltr'><strong>priori</strong></span> <span class='ocrx_word' id='word_1_497' title='bbox 1736 3265 2170 3308; x_wconf 77' lang='lat' dir='ltr'><strong>lectioni‘addendam</strong></span> 
     </span>
     <span class='ocr_line' id='line_1_100' title="bbox 1290 3329 2170 3382; baseline 0.001 -12"><span class='ocrx_word' id='word_1_498' title='bbox 1290 3331 1427 3371; x_wconf 85' lang='lat' dir='ltr'><strong>videri</strong></span> <span class='ocrx_word' id='word_1_499' title='bbox 1445 3330 1498 3370; x_wconf 85' lang='lat' dir='ltr'><strong>ad</strong></span> <span class='ocrx_word' id='word_1_500' title='bbox 1518 3341 1635 3370; x_wconf 88' lang='lat' dir='ltr'><strong>oram</strong></span> <span class='ocrx_word' id='word_1_501' title='bbox 1667 3329 1904 3370; x_wconf 84' lang='lat' dir='ltr'><strong>annotavit.</strong></span> <span class='ocrx_word' id='word_1_502' title='bbox 1957 3329 2098 3382; x_wconf 85' lang='lat' dir='ltr'><strong>Supra</strong></span> <span class='ocrx_word' id='word_1_503' title='bbox 2123 3330 2170 3371; x_wconf 88' lang='lat' dir='ltr'><strong>in</strong></span> 
     </span>
     <span class='ocr_line' id='line_1_101' title="bbox 1289 3393 2169 3436; baseline -0.002 0"><span class='ocrx_word' id='word_1_504' title='bbox 1289 3395 1496 3436; x_wconf 86' lang='lat' dir='ltr'><strong>Themist.</strong></span> <span class='ocrx_word' id='word_1_505' title='bbox 1541 3394 1556 3419; x_wconf 87' lang='lat'>‘</span> <span class='ocrx_word' id='word_1_506' title='bbox 1595 3394 1696 3435; x_wconf 85' lang='lat' dir='ltr'><strong>Non</strong></span> <span class='ocrx_word' id='word_1_507' title='bbox 1730 3393 1868 3433; x_wconf 89' lang='lat' dir='ltr'><strong>min&#39;us</strong></span> <span class='ocrx_word' id='word_1_508' title='bbox 1904 3403 1974 3433; x_wconf 85' lang='lat' dir='ltr'><strong>me</strong></span> <span class='ocrx_word' id='word_1_509' title='bbox 2009 3393 2169 3434; x_wconf 82' lang='lat' dir='ltr'><strong>bonnm</strong></span> 
     </span>
     <span class='ocr_line' id='line_1_102' title="bbox 1289 3454 2169 3513; baseline -0.001 -15"><span class='ocrx_word' id='word_1_510' title='bbox 1289 3458 1471 3498; x_wconf 84' lang='lat' dir='ltr'><strong>amicum</strong></span> <span class='ocrx_word' id='word_1_511' title='bbox 1489 3455 1681 3506; x_wconf 85' lang='lat' dir='ltr'><strong>habebis,</strong></span> <span class='ocrx_word' id='word_1_512' title='bbox 1700 3464 1825 3510; x_wconf 84' lang='lat' dir='ltr'><strong>quam</strong></span> <span class='ocrx_word' id='word_1_513' title='bbox 1842 3454 2002 3513; x_wconf 79' lang='lat' dir='ltr'><strong>fortem</strong></span> <span class='ocrx_word' id='word_1_514' title='bbox 2028 3455 2169 3501; x_wconf 77' lang='lat' dir='ltr'><strong>lninii·</strong></span> 
     </span>
    </p>
   </div>
  </div>
 </body>
</html>
