2306 3900
705 263 926 305 RERUM
972 263 1047 302 ΕΤ
1088 263 1386 303 VERBORU
1398 265 1457 303 Μ.

231 390 481 443 adepturum,
523 402 578 430 sc.
621 391 812 442 corruptis
849 392 1059 433 sacerdoti·

229 443 324 497 bus)
350 444 403 492 vi,
423 447 448 484 3
488 445 558 497 qui
582 443 702 484 habet
718 444 864 497 (dives,
894 445 1058 498 opulen-

227 498 327 551 tus),
347 497 410 538 Fr.
428 502 452 538 5
493 498 606 549 (mox
629 510 778 551 oppon.
797 498 864 550 qui
884 505 944 537 est
962 512 1059 551 pau-

225 565 310 605 per.
341 553 424 592 sic:
454 551 477 591 ὀ
496 549 615 603 ἔχων,
643 558 697 598 et,
724 549 771 592 ὃς
799 551 883 603 ἔχει
910 552 1059 592 Matth.

225 606 310 653 xiii,
329 610 394 646 12.
423 619 513 652 ην,
525 610 592 648 29.
606 605 704 658 &c.)
729 607 929 658 negabant
943 619 1059 660 opor·

228 667 310 700 tere
325 665 434 699 extra
451 659 768 712 Peloponnesum
788 660 905 699 ullam
924 663 1059 700 urbem

228 714 362 754 haberi
388 714 432 759 ii,
449 717 478 753 6
505 713 680 753 omnium
707 726 833 754 rerum
865 714 1058 766 particeps

185 796 187 798 v
226 774 288 806 ent
317 767 474 806 habitus
506 768 571 821 (in
601 767 805 807 consilium
837 767 1059 818 adhibitus)

227 821 335 869 xviii,
356 825 378 862 1
407 821 541 861 haberi
558 823 598 861 in
617 822 776 862 summis
795 823 962 862 ducibus
989 823 1058 869 xii,

229 878 251 915 1
292 888 452 916 numero
483 877 705 929 sapientum
732 877 814 922 viii,
831 880 859 916 4
897 890 1058 917 nurnero

227 930 501 981 sacrilegorum
528 931 662 977 xvii,4
690 930 842 983 (signif.
872 931 1056 984 reputari,

227 982 323 1035 poni
341 982 442 1035 &c.)
467 983 560 1024 Sic:
589 985 756 1023 habetur
787 984 911 1032 nefas,
939 984 1056 1024 Praef.

226 1037 383 1078 habitus
418 1043 480 1077 est
513 1038 721 1090 imperator
745 1038 800 1084 ix,
827 1042 854 1079 2
897 1040 1057 1092 quando

187 1127 190 1129 Α
225 1091 366 1130 modus
394 1091 433 1130 ei
464 1092 520 1131 rei
552 1091 687 1131 baberi
719 1093 875 1144 poterit,
906 1093 970 1132 Fr.
1005 1096 1056 1134 12

225 1145 361 1187 haberi
386 1144 486 1185 male
504 1146 554 1185 ab
572 1145 704 1197 aliquo
737 1146 909 1199 (vexari,
937 1146 1057 1187 detri-

225 1199 368 1239 mentis
403 1198 537 1239 multis
573 1199 698 1251 affici)
739 1199 848 1247 xviii,
876 1204 928 1242 12
970 1201 1056 1254 (Sic

227 1253 330 1295 Caes.
349 1253 400 1292 Β.
418 1252 508 1294 civ.
535 1254 564 1300 i,
583 1257 624 1300 6,
645 1253 694 1306 3)

172 1304 362 1348 Habitare
398 1307 498 1347 bene
543 1308 771 1361 (commoda
815 1308 1057 1348 habitatione

172 1361 698 1467 Htliitiiimxextvtimla(Colonia
744 1415 977 1455 Phoenicum
1014 1415 1056 1455 in

226 1467 428 1522 Byzacio)
455 1469 562 1515 xxiii,
581 1472 608 1508 6

172 1522 310 1562 Haeres
345 1536 394 1562 ex
429 1523 622 1563 dodrante
650 1527 782 1569 xxv,5
830 1521 934 1576 (vid.
970 1522 1056 1561 Do-

225 1575 366 1629 draus)
393 1577 621 1617 haereditate
639 1577 774 1616 relicta
790 1577 840 1616 ab
861 1577 1056 1616 avunculo

226 1631 367 1671 domus
394 1644 484 1678 xxv,
517 1634 570 1671 13
615 1631 845 1670 haereditate
879 1630 1056 1670 relictum

226 1685 361 1724 odium
389 1685 497 1731 xxiii,
528 1689 550 1725 1
599 1684 846 1724 haereditates
882 1683 1058 1723 bonitate

225 1746 460 1779 consecutus
478 1745 540 1778 est
555 1737 714 1778 Atticus
741 1750 836 1785 xxv,
855 1741 907 1779 21

171 1791 401 1833 Heredium
426 1792 533 1839 xxiv,
551 1796 574 1832 1
605 1791 656 1846 (i.
686 1805 723 1831 e.
754 1791 943 1844 praedium
973 1804 1059 1844 par-

228 1847 362 1886 vulum
378 1852 478 1887 teste
495 1847 626 1886 Festo.
649 1845 773 1886 Varro
792 1845 860 1885 lib.
880 1849 918 1886 1.
936 1847 988 1886 de
1004 1845 1058 1885 R.

225 1899 280 1940 R.
310 1913 399 1952 cap.
430 1905 510 1942 10:
551 1899 752 1953 Antiquus
797 1906 932 1940 noster
967 1907 1060 1940 ante

227 1953 372 1995 bellum
386 1953 582 1995 Punicum
594 1955 795 2007 pendebat
804 1954 897 1993 bina
903 1954 1059 2007 jugera,

225 2009 334 2061 quod
365 2022 389 2048 a
417 2008 591 2049 Romulo
630 2008 794 2060 primum
827 2009 1060 2053 dicebantur

226 2062 392 2103 viritim:
422 2076 526 2116 quae,
556 2064 664 2116 quod
698 2063 894 2102 haeredem
923 2075 1061 2115 seque-

223 2124 370 2165 rentur,
399 2124 411 2141 ⁸
432 2116 657 2158 haeredium'
679 2116 938 2168 appellarunt.
956 2118 1059 2156 adde

226 2169 412 2212 Beroald.
446 2172 489 2211 in
525 2170 630 2211 Plin.
666 2171 735 2209 lib.
773 2174 839 2212 19.
869 2170 1060 2222 Grapald.

227 2237 299 2276 pro
315 2226 428 2265 horto
445 2225 538 2265 olim
557 2230 786 2276 usurpatum
814 2224 883 2271 ait,
911 2224 1059 2275 ipsum-

257 2291 306 2318 ue
346 2279 501 2319 hortum
536 2291 607 2331 pro
643 2278 750 2325 villa,
787 2277 982 2330 Apuleius
1019 2279 1059 2318 in

275 2332 409 2381 otidis,
437 2339 451 2358 ‘
469 2332 736 2377 haerediolum’
768 2338 930 2384 usurpat
964 2346 1059 2380 κτη-

225 2383 377 2437 μάτων.
405 2388 510 2428 adde
540 2393 624 2426 not.
649 2385 810 2426 Ernstii.
839 2394 882 2428 et
906 2385 1059 2426 Auson.

227 2439 354 2494 Idyn.
371 2439 422 2495 Δ)

172 2493 375 2534 Haliartus
402 2495 457 2541 vi,
475 2498 502 2534 3
531 2493 645 2547 (urbs
674 2493 841 2532 Boeotiae
870 2493 1001 2546 ampla
1019 2501 1060 2534 et

227 2548 419 2599 locuples,
437 2553 545 2586 arcto
563 2547 652 2586 loco
671 2547 773 2587 inter
789 2546 1059 2587 imminentem

228 2608 401 2642 montem
446 2608 488 2640 et
530 2601 660 2640 lacum
706 2600 939 2654 Copaidem,
985 2613 1059 2641 nec

229 2655 365 2708 procul
382 2668 408 2694 a
426 2655 515 2695 lacu
532 2654 610 2694 alio
627 2654 777 2695 minore
794 2662 835 2694 et
853 2654 1060 2699 Permesse

226 2707 571 2816 {tffissassssff
593 2708 884 2815 0333523312‘20
895 2715 1061 2803 5:³33?

228 2830 385 2870 prorsus
402 2817 535 2858 deleta
552 2831 576 2857 a
593 2817 801 2864 Romanis,
820 2823 866 2856 ut
883 2823 1058 2870 tempore

227 2872 426 2912 Strabonis
471 2871 569 2911 nihil
614 2870 783 2911 Haliarti
828 2878 1060 2923 superesset.

229 2925 338 2966 Ubb.
355 2925 531 2967 Emmius
548 2931 644 2966 tom.
664 2929 703 2967 1.
720 2931 800 2965 vet.
819 2923 947 2966 Graec.
966 2938 1059 2979 pag.

174 2981 376 3074 Hamilcar
407 3034 634 3087 carthagin.
667 3034 833 3086 primum
852 3032 1060 3087 imperator

231 3087 424 3127 fortunam
443 3087 627 3141 Carthag.
652 3088 695 3127 in
712 3087 850 3127 melius
868 3089 1060 3128 convertit

230 3140 323 3188 xxii,
344 3145 366 3182 1
396 3142 482 3193 ejus
514 3141 557 3181 in
585 3154 684 3194 pace
701 3142 885 3182 facienda
901 3141 1059 3181 consili-

230 3208 296 3235 um
332 3201 373 3234 et
407 3195 634 3246 pertinacia,
669 3195 767 3235 ibid.
809 3209 870 3236 res
889 3195 1060 3248 trepidas

230 3261 377 3289 rursum
407 3248 589 3294 restituit,
616 3248 714 3288 fines
739 3250 892 3301 imperii
917 3262 1060 3301 propa-

281 3309 311 3350 t,
338 3301 463 3342 otium
491 3302 622 3342 reddit
650 3308 734 3342 tota
759 3302 896 3342 Africa
922 3303 1013 3350 xxii,
1033 3307 1060 3343 2

228 3315 467 3403 Hasdrubali
497 3357 617 3396 filiam
645 3355 814 3397 collocat
840 3355 935 3402 xxii,
954 3360 978 3396 3
1019 3357 1059 3395 in

229 3407 305 3450 ui·
333 3411 423 3451 ania
442 3424 501 3450 res
519 3423 679 3463 magnas
712 3410 812 3462 gerit
838 3409 932 3456 xxii,
951 3413 977 3450 4
1019 3410 1060 3449 in

230 3475 312 3516 pra
325 3465 366 3504 io
383 3465 505 3513 cadit,
523 3464 619 3505 ibid.
660 3464 794 3504 odium
812 3462 900 3516 ejus
917 3462 957 3502 in
975 3461 1060 3502 Ro-

233 3530 384 3565 manos,
415 3518 513 3560 ibid.
553 3518 753 3559 Hamilcar
787 3524 830 3558 et
862 3517 1060 3558 Hannibal

287 3571 437 3625 Delph.
451 3578 491 3614 et
509 3572 605 3615 Ver.
627 3574 734 3615 Clas.

1834 253 2005 306 lxxiii

1173 389 1369 430 fortissimi
1400 397 1442 430 et
1471 389 1708 431 callidissimi
1733 390 2003 433 Africanorum

1173 444 1252 491 xxi,
1271 449 1296 486 3
1326 443 1405 484 imo
1441 445 1616 485 omnium
1651 445 1895 486 barbarorum
1924 448 2003 495 xiv,

1121 549 1317 591 Hammon
1337 567 1347 590 :
1376 565 1416 593 v.
1434 551 1607 591 Ammon

1120 603 1317 645 Hannibal
1357 605 1674 658 Carthaginensis
1709 604 1833 658 major
1865 609 2003 648 ceteris

1173 658 1468 711 imperatoribus
1511 659 1618 706 xxiii,
1649 664 1670 700 l
1729 661 1819 700 adv.
1851 662 2004 703 hostem

1173 712 1358 760 invictus,
1385 726 1544 752 suorum
1578 713 1726 753 invidia
1762 715 2002 764 debilitatur,

1173 765 1272 806 ibid.
1317 766 1562 807 haereditario
1597 767 1639 807 in
1676 767 1877 808 Romanos
1912 770 2004 809 odio

1174 820 1418 873 Philippum,
1447 834 1536 861 mox
1569 821 1812 861 Antiochum
1831 823 2006 863 concita·

1176 875 1235 913 vit
1260 875 1413 922 xxiii,2
1451 876 1559 928 apud
1593 889 1710 928 quem
1741 876 1782 915 in
1816 875 2006 929 suspicio·

1173 941 1262 968 nem
1281 929 1476 968 adductus
1495 936 1636 982 purgat
1654 943 1710 977 se,
1731 930 1827 969 ibid.
1864 944 2006 970 novem

1173 995 1297 1023 annos
1324 989 1440 1022 natus
1469 984 1511 1023 in
1539 984 1714 1023 militiam
1734 984 1890 1032 duetus,
1908 985 2006 1025 ibid.

1166 1036 1316 1088 juravit
1327 1036 1550 1077 inimicitias
1563 1051 1652 1078 cum
1667 1037 1800 1085 Rom„
1811 1039 1906 1078 ibid.
1935 1039 2006 1078 im-

1174 1098 1328 1142 perator
1348 1091 1403 1130 fit
1436 1092 1561 1131 minor
1589 1093 1764 1145 quinque
1795 1098 1838 1132 et
1868 1093 2007 1146 viginti

1173 1146 1285 1184 annis
1302 1151 1418 1184 natus
1445 1146 1554 1191 xxiii,
1573 1149 1597 1186 3
1627 1146 1859 1198 Hispaniam
1889 1147 2007 1186 trien-

1173 1199 1240 1238 nio
1259 1199 1417 1252 subigit,
1436 1199 1654 1252 Saguntum
1674 1206 1887 1253 expugnat,
1907 1201 2004 1241 ibid.

1174 1253 1410 1306 Pyrenaeum
1442 1254 1581 1293 saltum
1616 1255 1766 1302 transit,
1798 1254 1894 1293 ibid.
1933 1254 2006 1294 Al·

1174 1320 1259 1358 pes,
1277 1307 1372 1346 ibid.
1414 1309 1522 1359 apud
1550 1306 1805 1355 Rhodanum,
1836 1309 2008 1356 Padurn,

1172 1360 1368 1409 Trebiam,
1415 1360 1616 1401 Romanos
1667 1363 1794 1402 vincit
1835 1362 1942 1410 xxiii,
1978 1367 2007 1404 4

1172 1416 1280 1466 apud
1324 1414 1590 1456 Trasimenum
1637 1428 1781 1462 rursus,
1829 1417 2007 1467 quamvis

1173 1480 1276 1519 aeger
1294 1469 1432 1515 oculis,
1469 1469 1564 1509 ibid.
1611 1475 1657 1508 ut
1694 1476 1735 1508 et
1767 1470 1807 1509 in
1841 1469 2006 1522 Apulia,

1173 1522 1270 1561 ibid.
1326 1521 1487 1561 Fabium
1535 1529 1807 1575 strategemate
1854 1523 2009 1564 deludit

1171 1577 1279 1623 xxiii,
1293 1581 1317 1617 5
1347 1577 1579 1624 Minutium,
1594 1577 1866 1630 Sempronium
1880 1577 2006 1619 Grac-

1173 1630 1305 1678 chum,
1352 1630 1587 1671 Marcellum
1633 1632 1768 1678 vincit,
1813 1631 1910 1671 ibid.
1965 1633 2007 1672 in

1174 1683 1292 1722 Italia
1309 1697 1461 1736 semper
1480 1684 1614 1737 praelio
1633 1684 1819 1737 superior,
1833 1685 1929 1726 ibid.
1947 1699 2007 1726 re-

1173 1744 1335 1778 vocatus
1349 1739 1522 1784 domum,
1538 1752 1627 1779 cum
1643 1739 1828 1791 Scipione
1843 1741 1894 1780 de
1908 1753 2008 1793 pace

1172 1792 1312 1830 frustra
1341 1791 1423 1844 agit
1449 1792 1556 1839 xxiii,
1573 1797 1600 1833 6
1642 1806 1730 1832 mox
1758 1793 1892 1845 pulsus
1922 1793 2008 1834 Ha-

1174 1846 1341 1885 drumeti
1359 1847 1555 1886 contrahit
1567 1847 1717 1899 copias,
1729 1847 1825 1886 ibid.
1852 1848 2007 1887 interim

1174 1912 1273 1952 pace
1291 1912 1380 1939 cum
1399 1899 1591 1940 Romanis
1614 1901 1721 1941 facta
1737 1914 1796 1941 res
1814 1901 1854 1940 in
1874 1900 2010 1942 Africa

1176 1953 1276 2006 gerit
1301 1953 1411 2002 xxiii,
1440 1958 1464 1995 7
1503 1968 1551 1993 ex
1587 1968 1666 2007 quo
1702 1955 1865 2008 irnperio
1900 1956 2008 1996 dom.

1175 2013 1378 2048 revocatus
1398 2013 1602 2060 praeturam
1620 2008 1868 2048 laudabiliter
1894 2010 2007 2062 gerit,

1175 2061 1272 2101 ibid.
1299 2062 1444 2102 deinde
1462 2068 1569 2101 metu
1588 2062 1800 2102 deditionis
1818 2064 2007 2116 profugus

1175 2116 1225 2155 ad
1247 2115 1499 2163 Antiochum,
1528 2116 1635 2155 domi
1671 2117 1761 2156 exul
1790 2116 2006 2170 judicatur,

1174 2168 1272 2208 ibid.
1315 2172 1447 2209 denuo
1478 2171 1807 2222 Carthaginenses
1839 2172 1892 2210 ad
1923 2172 2007 2212 bel·

1176 2222 1258 2262 lun.
1287 2230 1450 2263 conatur
1477 2225 1662 2264 inducere
1689 2224 1797 2271 xxiii,
1816 2228 1841 2266 8
1869 2223 2006 2266 confli-

1174 2277 1233 2329 git
1251 2278 1341 2317 adv.
1359 2277 1555 2326 Rhodios,
1575 2278 1671 2317 ibid.
1711 2277 1912 2319 Antiocho
1942 2280 2010 2320 su-

1173 2337 1267 2384 gato
1298 2331 1454 2372 Cretam
1492 2332 1690 2384 profectus
1719 2333 1827 2380 xxiii,
1847 2336 1874 2373 9
1919 2339 2007 2373 astu

1175 2386 1348 2438 quodam
1373 2399 1472 2439 opes
1498 2399 1588 2426 suas
1616 2392 1757 2434 servat,
1776 2386 1875 2427 ibid.
1914 2387 2007 2428 hinc

1174 2440 1226 2479 ad
1263 2439 1438 2480 Prusiam
1475 2441 1595 2487 venit,
1642 2453 1812 2493 eumque
1856 2440 2009 2483 advers.

1173 2492 1293 2532 Rom.
1336 2493 1498 2546 instigat
1538 2493 1647 2541 xxiii,
1685 2498 1736 2536 10
1789 2493 2008 2536 Eumenem

1176 2546 1340 2586 mirabili
1371 2547 1463 2586 dolo
1494 2553 1665 2600 superat,
1695 2547 1792 2587 ibid.
1820 2548 2008 2600 repetitur

1177 2613 1200 2639 a
1226 2598 1416 2640 Romanis
1435 2606 1477 2640 et
1495 2614 1585 2640 mox
1603 2601 1644 2640 in
1662 2601 1824 2641 castello
1843 2615 1915 2641 suo
1933 2603 2007 2642 cir-

1176 2667 1394 2694 cumsessus
1419 2668 1613 2694 venenum
1645 2655 1782 2695 sumsit
1822 2656 1931 2703 xxiii,
1953 2660 2006 2697 12

1175 2708 1227 2748 de
1249 2714 1423 2761 tempore
1441 2709 1573 2749 mortis
1590 2709 1800 2762 ambigitur
1824 2710 1934 2758 xxiii,
1955 2715 2005 2751 1³

1175 2761 1334 2803 Graecas
1351 2763 1480 2802 literas
1499 2763 1654 2810 didicit,
1679 2763 1775 2803 ibid.
1819 2777 1917 2816 quos
1948 2777 2007 2804 re-

1174 2829 1257 2856 rum
1274 2829 1430 2857 suarum
1448 2817 1654 2871 scriptores
1672 2824 1812 2857 nactus
1828 2818 1891 2865 sit,
1908 2817 2006 2858 ibid.

1173 2870 1375 2911 Laudatur
1400 2871 1480 2919 xxi,
1498 2875 1538 2913 3.
1567 2872 1646 2919 xiv,
1667 2877 1690 2913 1
1731 2871 1926 2912 Marcello
1944 2871 2006 2912 in·

1173 2925 1351 2973 tersecto,
1380 2926 1580 2978 quomodo
1618 2939 1659 2965 se
1693 2925 1867 2978 gesserit,
1896 2924 1958 2966 Fr.
1978 2929 2007 2966 9

1174 2979 1224 3018 ab
1244 2980 1335 3019 eod.
1353 2978 1481 3020 victus
1499 2985 1574 3029 est,
1591 2979 1691 3020 ibid.

1119 3030 1326 3086 Haruspex
1353 3046 1418 3082 xx,
1439 3037 1462 3074 1

1119 3087 1341 3127 Hasdrubal
1377 3087 1480 3127 male
1517 3088 1629 3127 audit
1662 3101 1710 3127 ex
1747 3085 2004 3127 contubernio

1173 3141 1406 3182 Hamilcaris
1432 3141 1526 3189 xxii,
1544 3145 1568 3181 3
1610 3139 1656 3179 fit
1667 3140 1754 3192 ejus
1767 3153 1897 3191 gener,
1909 3139 2007 3180 ibid.

1175 3195 1352 3235 succedit
1380 3195 1433 3242 ei,
1458 3195 1554 3234 ibid.
1582 3207 1706 3233 mores
1727 3200 1899 3233 vetustos
1917 3207 2004 3247 per,-

1176 3249 1308 3295 vertit,
1329 3249 1426 3288 ibid.

1121 3301 1256 3341 Hastae
1277 3303 1402 3341 brevis
1419 3302 1560 3340 modus
1570 3299 1795 3353 dupIIcatus
1823 3301 1876 3349 xi,
1894 3304 1927 3352 1,
1946 3301 2006 3355 (v.

1176 3367 1282 3408 supr.
1300 3354 1551 3407 Duplicare).
1570 3354 1619 3393 ad
1640 3355 1789 3394 hastam
1809 3354 2006 3408 publicam

1175 3421 1376 3461 nunquam
1396 3408 1558 3449 accessit
1585 3422 1674 3457 ην,
1694 3412 1720 3450 6
1749 3408 1976 3463 (Manutius
1995 3424 2003 3446 ε

1175 3461 1291 3502 Bona
1316 3462 1460 3503 civium
1494 3461 1760 3503 Rornanorum
1791 3463 2005 3515 publicata,

1176 3529 1266 3569 quae
1284 3518 1334 3557 ad
1354 3518 1502 3559 hastam
1519 3515 1561 3557 in
1579 3517 1762 3559 auctione
1781 3515 2003 3561 veniebant,

988 3572 1075 3613 [πά.
1105 3571 1206 3624 Nep.
1870 3570 1895 3608 k
