2306 3900
659 272 774 312 xx.
834 271 1313 322 TIMOLEONTEM,
1352 245 1486 310 cAP.
1523 254 1580 309 3.

193 398 285 434 tum
302 403 389 433 una
406 401 503 433 cum
520 389 626 443 filio,
655 401 832 443 eosque,
862 393 915 429 nt
934 392 1078 441 tyran-

193 467 270 497 nos
301 459 348 496 et
378 454 638 508 proditores,
666 451 879 506 supplicio
901 463 995 493 esse
1015 450 1077 492 af-

194 517 355 560 fectos.
407 519 491 559 Est
509 521 652 558 autem
670 516 744 557 hic
763 515 907 557 Icetas
924 514 977 566 is,
1004 515 1078 568 qui

195 582 363 624 Areten
394 582 550 623 Dionis
578 593 774 633 uxorem,
809 586 855 620 et
885 591 1077 620 sororem

197 646 559 696 Aristomachum,
588 652 633 686 et
660 643 795 686 filium
815 643 957 684 adhuc
976 655 1079 695 pue·

197 723 307 762 rum,
327 710 444 750 vivos
462 713 682 750 merserat.
708 707 888 749 Lambin.

250 772 456 814 Maxim
475 772 624 825 copias]
669 771 874 812 Peditum
903 774 1077 822 septua-

196 836 320 889 ginta
351 835 516 876 millia:
567 835 760 888 equitum
798 840 845 874 et
876 845 1077 874 curruum

196 899 447 940 bellicorum
495 898 672 938 circiter
725 897 876 938 decem
891 910 904 937 z
947 906 1079 936 naves

195 962 346 1015 longas
360 961 596 1002 ducentas:
618 961 850 1010 onerarias,
867 972 962 1013 quae
982 971 1078 1013 par-

197 1025 275 1066 tim
294 1036 441 1078 equos,
472 1024 632 1078 partim
669 1026 776 1078 tela,
803 1025 960 1077 partim
988 1023 1077 1064 fru-

196 1092 390 1128 mentum
420 1092 467 1128 et
497 1093 647 1128 cetera
681 1088 726 1128 id
758 1099 906 1141 genus,
934 1091 1079 1140 porta·

196 1151 318 1202 bant,
346 1150 494 1203 plures
522 1150 669 1193 mille:
698 1155 749 1191 nt
782 1150 916 1192 tradit
947 1148 1079 1191 Diod.

197 1212 510 1265 eodemlibro;
541 1226 639 1254 cum
675 1225 762 1267 quo
797 1213 997 1266 congruit
1031 1218 1080 1254 et

197 1268 480 1328 Plutarchus,
507 1276 620 1330 quod
646 1277 701 1317 ad
720 1277 917 1329 peditum
935 1288 1081 1317 nume-

196 1352 289 1381 rum
310 1340 492 1391 attinet3
519 1352 618 1381 nam
633 1340 688 1382 de
707 1347 856 1382 cetero
867 1345 1083 1393 apparatu

197 1402 360 1445 nullum
380 1403 495 1455 apud
514 1403 634 1443 illum
653 1404 845 1445 verbum.
874 1405 999 1445 Idem.

250 1465 372 1518 Apud
392 1465 652 1518 Crimessum]
695 1467 918 1507 Crinissum
937 1478 1082 1507 exem-

196 1529 295 1582 plar
310 1527 524 1582 scriptum
549 1528 697 1570 habet.
750 1528 844 1571 Sed.
861 1529 1082 1570 Crimesam

198 1604 253 1634 ex
286 1591 523 1633 Plutarcho
557 1591 885 1633 restituendum.
912 1593 1080 1644 Lougoi·

198 1656 286 1699 Qui
315 1656 430 1697 bunc
447 1654 623 1696 fiuvium
643 1654 839 1708 Κριμήσον
873 1657 1081 1709 appellat.

201 1720 270 1761 Ex
287 1719 420 1761 Diod.
439 1718 516 1759 lib.
534 1729 635 1759 xxx.
665 1718 760 1760 fere
795 1718 841 1758 in
869 1718 1084 1771 principio

197 1783 318 1836 (nam
336 1783 412 1824 lib.
433 1793 529 1823 ενι.
559 1783 632 1823 nbi
658 1783 738 1823 bac
767 1782 822 1822 de
854 1794 901 1822 re
921 1782 1082 1835 agitur,

197 1847 312 1887 hunc
329 1845 506 1886 fluvium
532 1846 703 1886 nomine
737 1846 906 1898 generis
933 1846 1084 1898 appel·

197 1907 504 1962 lat,·fluvium)
533 1908 786 1949 Cremissum.
861 1907 935 1949 Sic
969 1908 1082 1948 enim

197 1973 273 2014 ille
303 1972 376 2012 illo
400 1972 521 2013 loco:
551 1972 633 2012 καθ’
665 1971 711 2012 ὃν
740 1971 789 2020 δὴ
811 1968 953 2024 χρόνον
968 1970 1082 2021 Τιμο-

197 2034 301 2078 λέων
317 2035 389 2086 μὲν
414 2037 437 2075 ὁ
464 2035 659 2089 Κορίνθιος
676 2034 833 2084 νικήσας
850 2035 924 2083 τὴν
949 2034 1012 2074 ἐπὶ
1028 2035 1087 2086 τῷ

200 2101 410 2153 Κρημισσῷ·
421 2098 571 2152 μάχην,
583 2098 675 2141 τοὺς
694 2098 976 2152 Καρχηδονίους
991 2113 1084 2148 μετ-

199 2163 317 2208 έδωκε
360 2166 433 2213 τῆς
467 2165 509 2205 ἐν
562 2163 835 2218 Συρακουσίας
887 2161 1088 2204 πολιτείας

198 2229 298 2268 πᾶσι
308 2228 391 2268 τοῖς
404 2225 667 2277 βουλομένοις,
683 2229 767 2268 &c.
794 2225 975 2267 Lambin.
1018 2225 1086 2266 Ex

199 2291 381 2344 Dionys.
402 2289 628 2332 Halicarn.
646 2289 723 2331 lib.
739 2301 773 2331 1.
790 2289 1005 2331 Strabone
1021 2300 1087 2330 vr.

201 2360 248 2395 et
266 2353 414 2404 Suida,
429 2359 555 2405 paret
570 2353 800 2406 legendum
818 2364 914 2394 esse
937 2353 1086 2394 Crimi-

199 2429 285 2458 smn
311 2428 392 2469 per
415 2415 524 2457 ἰῶτα.
597 2415 729 2468 Apud
759 2415 1087 2469 Lycophronem

201 2492 321 2532 vero,
339 2484 386 2521 et
399 2481 575 2523 Zetze-
590 2479 685 2532 ejus
701 2479 983 2532 interpretem
1002 2490 1086 2519 vox

204 2543 433 2595 Crimisus,
482 2542 646 2595 duplici
679 2555 723 2594 σ,
765 2543 880 2596 quod
912 2547 959 2584 et
995 2543 1092 2595 Xy⁶

201 2607 353 2647 lauder
370 2605 635 2658 observavit,
664 2605 828 2658 scripta
858 2605 1088 2658 reperitur.

205 2669 388 2720 Magius.

258 2732 376 2785 Cepit
394 2732 515 2773 etiam
530 2731 795 2783 Mamercum]
824 2731 1089 2772 Plutarchus

201 2795 315 2836 bunc
329 2795 519 2837 Cataniae
538 2793 672 2836 fuisse
681 2795 946 2847 Tyrannum,
959 2795 1090 2847 scrip-

205 2866 295 2901 tum
315 2859 507 2912 reliquit.
529 2860 646 2910 Mag.
702 2858 815 2900 Vide
836 2859 1090 2911 Polyaennm

202 2922 279 2965 lib.
297 2922 678 2975 Strategematum.
707 2922 1026 2964 Commemorat
1044 2927 1091 2963 et

203 2985 314 3026 huuc
347 2985 614 3027 Mamercum
648 2985 868 3026 Diodorus
899 2984 976 3026 lib.
995 2995 1092 3026 xv1.

204 3047 279 3089 ubi
309 3052 451 3089 tamen
481 3048 685 3090 mendose
720 3048 880 3102 legitur
924 3046 1094 3106 Μάρκος,

204 3122 284 3163 pro
302 3109 517 3164 Μάμερκος.
545 3112 729 3152 Lambin.

260 3173 371 3214 cn».
390 3176 430 3213 8.
469 3173 625 3213 Deinde
661 3174 854 3215 Corintho
889 3175 1093 3215 arcessivit

207 3235 375 3287 colonos]
404 3234 489 3277 Qui
512 3241 636 3275 erant
657 3247 836 3277 numero
853 3241 977 3279 5000.
1012 3238 1093 3278 Di-

208 3298 383 3345 odorus,
402 3295 609 3347 ὑπεδέξατο
628 3296 671 3338 δὲ
684 3297 751 3338 καὶ
765 3298 858 3339 τοὺς
877 3299 951 3340 ὑπὸ
963 3304 1093 3352 Κοριν-

208 3361 298 3402 θίων
325 3358 611 3413 ἐκπεμφθέντας
639 3359 840 3413 οἰκήτορας
856 3361 1095 3415 φιλοφρόνως

214 3424 329 3465 ὄντας
347 3423 419 3464 τὸν
435 3422 592 3477 ἀριθμὸν
609 3424 959 3475 πεντακισχιλίους.

263 3487 375 3527 Bello
391 3487 636 3538 vacuefactas
650 3488 923 3540 possessiones]

315 3553 459 3604 Delph.
479 3559 518 3593 et
540 3554 633 3595 Var.
655 3555 764 3595 clas.

980 3489 1093 3528 Usus

1076 3554 1180 3606 Nep.

1913 253 2023 308 625

1138 392 1206 428 est
1224 388 1303 429 hac
1322 399 1432 429 voce
1451 397 1580 440 snpra
1597 386 1640 427 in
1662 385 1860 436 Cimone,
1896 384 2021 424 item-

1138 463 1219 505 que
1238 451 1393 493 Cicero
1411 450 1638 492 Catilinar.
1659 460 1691 491 1.
1720 453 1770 491 ut
1788 448 2022 502 legendum

1138 513 1288 554 docuit
1307 514 1461 556 Carrio
1478 514 1612 567 antiq.
1630 514 1732 555 lect.
1752 524 1784 554 1.
1803 515 1872 554 18.
1920 511 2022 553 Hoc

1137 578 1165 620 J
1170 578 1464 619 urisconsultis
1479 583 1546 619 est
1562 578 1575 600 ‘
1590 579 1632 618 in
1645 590 1825 619 vacuum
1844 575 2024 629 venire,'

1138 653 1235 682 cum
1256 642 1458 694 neglecta
1478 641 1684 694 possessio
1702 646 1832 695 atque
1847 640 2023 680 deserta

1139 710 1223 756 est,
1267 705 1512 757 praesertim
1563 704 1767 757 longioris
1814 703 2023 756 temporis

1138 767 1484 820 praescriptione.
1532 768 1731 809 Schottus.
1815 767 2023 808 Cimone:

1138 835 1150 855 ‘
1171 833 1350 884 Scyrum
1372 829 1646 872 vacuefecit.'
1700 831 1800 871 Val.
1828 831 1949 871 Max.
1969 841 2024 872 ιι.

1137 899 1178 936 7.
1201 899 1240 936 1.
1255 896 1269 918 ‘
1287 893 1568 936 vacuefactus
1579 893 1825 935 exercitus.’
1855 894 2024 934 Sauara.

1192 959 1356 1011 Deleta]
1384 959 1456 1000 Sic
1473 958 1724 1000 Lambinus.
1773 958 1934 999 Savaro
1960 959 2028 998 de-

1137 1029 1244 1066 serta
1277 1029 1436 1065 tuetur.
1506 1024 1721 1064 Neutrum
1767 1022 1811 1062 in
1866 1022 2025 1062 uostris

1141 1089 1306 1131 schedis
1322 1093 1519 1142 apparet.
1548 1088 1704 1130 Schott.
1743 1087 1878 1140 Supr.
1906 1088 1920 1110 ‘
1939 1087 2027 1127 De-

1140 1159 1278 1194 sertas
1314 1151 1441 1201 urbes
1478 1150 1649 1193 videret
1662 1151 1692 1192 :'
1750 1151 1794 1192 in
1830 1149 2023 1192 Hamilc.

1142 1217 1154 1240 ‘
1172 1216 1387 1268 Carthago
1416 1214 1618 1255 deserta!
1646 1213 1810 1255 Savaro.

1193 1280 1322 1332 Leges
1349 1279 1644 1330 libertatemque
1668 1277 1862 1329 reddidit]
1903 1277 2024 1317 Αὐτο·

1141 1343 1278 1394 νομίαν
1293 1341 1359 1383 καὶ
1376 1339 1646 1394 δημοκρατίαν.
1673 1341 1855 1381 Lambin.

1198 1407 1259 1448 Ut
1276 1406 1341 1447 hic
1358 1407 1468 1446 cond.
1487 1404 1662 1457 urbium]
1683 1404 1754 1445 Sic
1775 1405 1929 1456 Cicero
1946 1402 2026 1443 Ca-

1143 1469 1207 1511 til.
1226 1481 1299 1511 111.
1325 1469 1339 1491 ‘
1360 1469 1461 1510 Non
1479 1467 1619 1508 minus
1636 1466 1756 1508 nobis
1766 1466 1950 1519 jucundi
1965 1471 2029 1506 at-

1143 1545 1230 1587 que
1247 1532 1436 1574 illustres
1456 1536 1556 1572 sunt
1574 1531 1603 1572 ii
1623 1531 1733 1583 dies,
1754 1531 1907 1584 quibus
1926 1541 2029 1571 con-

1142 1607 1377 1647 servamur,
1394 1607 1521 1649 quam
1539 1595 1602 1635 illi
1617 1594 1768 1648 quibus
1782 1594 1999 1634 nascimur
2016 1606 2028 1633 ε

1143 1660 1258 1715 quod
1277 1660 1441 1711 salutis,
1474 1663 1598 1700 certa
1626 1658 1783 1699 laetitia
1814 1662 1906 1709 est;
1932 1669 2030 1697 nas-

1144 1722 1290 1775 cendi,
1309 1723 1477 1763 incerta
1497 1720 1712 1771 conditio;
1741 1725 1786 1761 et
1805 1719 1919 1774 quod
1937 1718 2029 1759 sine

1145 1799 1273 1827 sensu
1309 1784 1542 1836 nascimur,
1569 1796 1667 1824 cum
1687 1785 1910 1836 voluptate
1928 1794 2029 1823 con-

1145 1847 1391 1891 servamur.'
1419 1847 1620 1889 schottus.

1197 1913 1343 1954 Arcem
1360 1909 1590 1964 Syracusis]
1614 1910 1767 1949 Exstat
1785 1907 1840 1948 de
1859 1907 2028 1948 arcibus

1144 1978 1320 2029 elegans
1335 1974 1552 2015 Demetrii
1570 1972 1714 2014 Pharii
1727 1972 1892 2013 dictum
1913 1971 2030 2024 apud

1146 2039 1406 2081 Strabonem
1426 2037 1501 2077 lib.
1522 2047 1624 2078 vm.
1654 2035 1725 2076 ubi
1753 2040 1895 2076 tamen
1915 2036 2029 2075 male

1146 2102 1360 2144 Phalereo
1394 2099 1616 2150 tribuitur,
1662 2103 1712 2138 ut
1748 2097 1899 2138 docuit
1930 2097 2033 2138 Pet.

1147 2163 1368 2205 Victorius
1381 2163 1486 2202 Var.
1503 2162 1626 2203 Lect.
1639 2161 1713 2202 lib.
1730 2171 1813 2202 xx.
1827 2164 1870 2201 4.
1881 2160 2033 2203 Schott.

1148 2228 1216 2268 Ex
1247 2231 1433 2280 quatuor
1467 2225 1599 2266 veluti
1635 2224 1816 2266 urbibus
1849 2226 2032 2278 Syracu-

1149 2303 1217 2330 sas
1237 2295 1451 2341 constare,
1469 2288 1620 2329 scribit
1657 2288 1826 2339 Cice'ro,
1842 2300 1937 2342 quae
1957 2300 2032 2341 ap-

1147 2354 1363 2406 pellantur
1379 2353 1545 2404 Insula,
1560 2352 1792 2404 Acradina,
1803 2353 1966 2405 Tyche‚
1987 2357 2034 2393 et

1149 2417 1374 2471 Neapolis.
1430 2417 1578 2457 Insula
1603 2421 1747 2458 autem
1779 2417 1946 2469 potitus
1963 2416 2033 2456 Ti-

1147 2481 1316 2521 moleon
1332 2485 1383 2520 et*
1397 2478 1605 2531 castellis,
1618 2492 1714 2533 quae
1728 2485 1856 2521 antea
1868 2480 2034 2533 Diony-

1149 2545 1214 2586 sio
1252 2543 1486 2597 parebant;
1539 2555 1660 2585 arces
1698 2543 1903 2585 adversus
1937 2555 2033 2584 eam

1149 2613 1435 2660 comparatas,
1453 2611 1661 2660 certaque
1687 2606 1740 2647 τὰ
1769 2607 1972 2659 τυραννεῖα
1991 2605 2037 2646 ἐκ

1147 2668 1334 2721 θεμελίων
1350 2669 1578 2710 demolitus
1597 2675 1677 2711 est.
1730 2669 1950 2711 Diodorus
1970 2670 2036 2710 Si·

1149 2734 1288 2784 culus,
1315 2733 1440 2785 cujus
1467 2732 1689 2773 historiam
1724 2733 1871 2784 Nepos
1898 2733 2035 2773 conti-

1151 2807 1237 2836 nuo
1257 2795 1470 2848 sequitur:
1498 2794 1694 2846 Τιμολέων
1723 2794 1765 2836 δὲ
1794 2796 2036 2848 παραλαβὼν

1150 2859 1226 2906 τὴν
1270 2860 1403 2907 νῆσον,
1450 2858 1518 2899 καὶ
1558 2857 1719 2911 φρούρια
1757 2858 1810 2899 τὰ
1847 2859 2036 2909 Διονυσίῳ

1153 2920 1348 2975 (majori)
1371 2919 1558 2973 πρότερον
1588 2920 1846 2974 ὑπακούοντα,
1875 2922 1947 2963 τὰς
1963 2921 2035 2973 μὲν

1152 2984 1254 3025 κατὰ
1267 2986 1340 3033 τῆς
1358 2983 1478 3033 νήσου
1494 2984 1721 3038 ἀκροπόλεις
1737 2985 1801 3027 καὶ
1825 2986 1878 3027 τὰ
1895 3001 2033 3039 τυραν·

1152 3050 1237 3090 νεῖα
1266 3046 1503 3101 κατέσκαψε,
1535 3051 1618 3091 τοῖς
1650 3048 1692 3090 δὲ
1724 3048 1912 3103 φρουρίοις
1939 3048 2032 3090 ἀπέ-

1153 3115 1250 3153 amne
1276 3111 1351 3161 τὴν
1382 3112 1610 3166 ἐλευθερίαν.
1666 3113 1778 3152 Vide
1796 3111 2038 3165 sequentia.

1155 3177 1358 3217 Keachen.

1210 3239 1368 3279 Coetera
1387 3238 1611 3291 tyrannidis
1625 3236 1937 3290 propugnacula]
1983 3236 2039 3279 Iu

1155 3313 1331 3355 quornm
1350 3314 1454 3351 uno,
1486 3300 1599 3354 quod
1616 3301 1742 3342 hodie
1760 3305 1942 3342 vocatur
1958 3301 2038 3342 Ca·

1154 3367 1280 3403 atrum
1316 3364 1491 3414 Merkel,
1522 3375 1806 3405 marmoreum
1843 3368 2039 3416 stemma,

1157 3431 1271 3466 teste
1285 3424 1427 3467 Mario
1447 3426 1599 3468 Aretio
1620 3433 1666 3468 et
1687 3428 1840 3468 Franc.
1862 3428 2037 3468 Mauro-

1157 3489 1252 3539 lyco
1281 3489 1393 3541 apud
1430 3490 1709 3530 Gualtherum
1752 3490 1794 3530 in
1836 3489 2037 3541 Antiquis

1838 3561 1861 3595 2
1893 3556 1927 3594 R
