2326 3944
759 264 836 301 ιν.
903 263 1296 316 PAUSANJAM,
1335 266 1466 306 cAP.
1504 252 1557 307 1.

1962 253 2071 308 459

712 648 831 711 1v.
912 607 1611 726 PAUSANIAS.

281 831 390 873 CAP.
403 835 424 871 1
432 861 442 872 .
457 831 677 873 Pausanias
683 831 1018 884 Lacedoemonius]
1030 831 1123 873 Sui-

243 896 323 937 das
331 908 387 937 ex
398 896 635 949 Thucydid.
649 902 696 937 et
706 897 942 937 Plutarcho
952 898 1047 938 baec
1058 909 1126 938 re·

240 957 357 1003 fert:
378 958 601 1001 Παυσανίας
615 960 895 1014 Κλεομβρότου
905 960 970 1002 καὶ
985 961 1124 1012 Ἀγχιο

242 1021 348 1070 θέας,
357 1022 547 1070 βασιλεὺς
561 1023 880 1075 Λακεδαιμονίων.
921 1025 995 1066 Sic
1013 1023 1125 1066 infra

242 1099 415 1141 quoque
433 1100 511 1128 rex
526 1095 717 1130 vocatur.
732 1091 868 1130 Ernst.
910 1090 980 1130 De
997 1093 1126 1142 patre

243 1154 416 1193 constat
448 1155 663 1202 praeterea
698 1163 755 1192 ex
794 1152 1022 1192 Herodoto
1057 1161 1124 1192 rx.

244 1213 470 1254 Plutarch.
489 1213 534 1254 in
550 1213 770 1267 Apophtb.
788 1216 946 1256 Lacon.
973 1219 1020 1255 et
1037 1214 1127 1268 epi·

243 1286 378 1328 gram.
399 1277 540 1318 veteri
557 1278 674 1330 apud
691 1277 963 1319 Athenaeum.

298 1340 474 1392 Magum
486 1340 617 1393 homo]
635 1342 709 1382 Sic
725 1342 958 1396 loquuntur
970 1341 1127 1384 Latini.

246 1403 392 1446 Livius
411 1404 486 1446 lib.
501 1415 614 1446 xxx.
636 1409 701 1447 10.
726 1405 739 1431 ‘
761 1407 872 1449 Quae
892 1418 961 1446 res
987 1406 1127 1447 miuus

243 1467 454 1514 verendos
471 1480 648 1520 magnos
678 1469 870 1510 homines
889 1469 984 1522 ipsa
999 1470 1128 1509 satie-

242 1536 337 1573 tate
352 1529 490 1574 facit!
544 1532 721 1574 Sallust.
740 1532 870 1574 Orat.
883 1535 925 1573 2.
945 1532 1002 1573 ad
1016 1533 1128 1573 Caes.

240 1593 452 1636 {Hostem
468 1594 693 1636 adversum
711 1595 957 1648 deprimere
968 1594 1128 1635 homini

240 1657 548 1699 atreuuohaud
567 1656 771 1700 difficile!
801 1658 1002 1700 Gebhard.

239 1746 256 1757 ·
296 1719 381 1763 &a
396 1722 529 1762 vm
542 1721 710 1762 iniromm’
733 1733 878 1771 genere
901 1721 999 1766 oitoe
1020 1718 1128 1772 sitit]

243 1782 544 1826 Eruditissimo
559 1784 739 1826 Schotto
755 1796 842 1826 non
857 1782 1129 1825 assentior-rb

241 1846 338 1888 uitoe
355 1846 457 1889 hinc
475 1847 720 1900 ablegauti;
757 1860 856 1890 eum
873 1848 1008 1889 verba
1025 1847 1128 1889 inde

243 1909 443 1962 ambigua
475 1910 566 1952 sint
599 1922 806 1952 evasura:
852 1923 992 1966 neque
1027 1912 1128 1963 illis,

184 1984 192 1995 ’
244 1973 318 2027 qui
337 1975 503 2017 malunt
530 1986 668 2026 vanus,
698 1974 1129 2029 interpretanturque

242 2037 405 2088 χαῦνον.
473 2037 486 2060 ‘
506 2036 719 2079 Antonius
752 2037 899 2077 varius
926 2036 1127 2089 ingenio,’

242 2100 361 2144 nor.
381 2111 447 2143 xv.
486 2099 665 2141 Sueton.
684 2099 828 2141 Galba
846 2111 940 2153 cap.
959 2104 1000 2141 9.
1016 2100 1028 2122 ‘
1040 2100 1130 2141 Per

242 2169 343 2207 octo
360 2175 492 2207 annos
511 2163 628 2205 varie
658 2168 723 2211 et„
737 2163 1011 2217 inaequaliter
1030 2175 1128 2216 pro-

247 2226 590 2272 vinciamrexitss
654 2227 798 2269 Cicer.
829 2227 988 2268 Laelio:
1016 2227 1030 2250 ⁴
1047 2226 1129 2267 As·

242 2290 476 2333 mutatoria
496 2291 660 2332 animus
679 2290 852 2332 varius?
881 2291 1004 2332 Idem.

239 2386 246 2390 -
286 2354 496 2397 <Sicanis
521 2358 580 2396 est
607 2353 787 2406 obrutus]
839 2353 997 2407 Itaque
1015 2353 1128 2395 vitu·

243 2423 370 2472 perat
386 2431 483 2460 eum
504 2419 714 2461 acerrime
744 2416 878 2460 Diod.
894 2418 1027 2460 Sicul.
1054 2418 1128 2459 lib.

245 2493 311 2524 Χῖ.
331 2481 414 2523 Οὔκ
431 2480 597 2532 ἐάσομεν
623 2480 700 2530 τὴν
724 2479 948 2521 Παυσανίου
975 2479 1128 2528 κακίαν,

235 2544 310 2586 ,καὶ
339 2544 562 2599 τροδοσίαν·
579 2543 890 2598 ἀκατηγόρητον.
943 2544 1128 2586 Lambin.

246 2607 459 2663 Obrutus,
475 2609 518 2650 id
539 2614 626 2661 est,
650 2609 848 2651 obtectus
867 2613 914 2650 et
931 2609 1130 2650 obscura-

246 2676 345 2723 urs,-
364 2671 478 2724 quod
508 2670 754 2724 oppositum
786 2678 856 2713 est
878 2673 940 2722 ,τῷ
965 2672 1127 2713 elucere.

243 2733 364 2785 Ergo
381 2732 565 2774 obruere
581 2739 649 2773 est
664 2733 911 2775 obscurare.
963 2734 1128 2776 Statius

242 2795 386 2838 Theb.
414 2796 446 2837 l.
463 2807 497 2836 ι.
523 2795 538 2818 ‘
557 2796 776 2838 Quantum
803 2797 965 2838 virides
981 2798 1129 2838 Venus

245 2858 394 2905 addita
413 2858 635 2911 Nymphas
655 2858 847 2901 Obruit.'
899 2858 1047 2900 Tacit.
1057 2859 1130 2900 vi-

244 2927 295 2964 ta
324 2921 474 2974 Agric.
506 2925 572 2963 1¹1.
643 2922 714 2962 Ita
747 2922 894 2963 Graeci
929 2923 1131 2972 καταχοΰν

243 2990 473 3038 usurpant.
492 2983 667 3033 r¹2&vaqu
678 2986 791 3038 apud
801 2985 976 3027 Suidam
987 3001 998 3028 ε
1019 2991 1132 3029 Φιλο-

243 3047 366 3101 λογίφ
395 3062 444 3088 τε
471 3047 535 3088 καὶ
566 3047 745 3101 ἀτρύτοις
759 3047 892 3091 πόνοις
910 3048 1131 3100 ἐγκείμενος

244 3112 511 3166 εὐφυεστέραν
531 3113 596 3154 καὶ
613 3112 909 3167 τρεσβουτέρων
923 3112 1131 3166 κατέχωσε

243 3175 359 3227 δόξας
383 3178 440 3227 τῷ
470 3177 609 3218 ἑαυτοῦ
639 3175 812 3229 ὀνόματι,
829 3178 974 3219 obruit
989 3184 1036 3220 et
1054 3178 1130 3219 ob-

244 3241 452 3284 scuravit.
507 3241 689 3281 Memini
717 3242 781 3282 ita
809 3254 982 3295 quoque
1014 3242 1129 3295 loqui

245 3303 501 3345 Ciceronem
546 3309 594 3345 et
636 3303 665 3347 J
670 3303 858 3345 ustinum
903 3315 1039 3347 xvm.
1086 3310 1127 3346 6.

250 3365 451 3408 Gebhard.

302 3429 434 3479 Huius
449 3428 755 3472 illustrissimum
767 3434 825 3471 est
834 3430 1017 3482 proetium
1026 3431 1129 3483 apud

249 3492 445 3544 Placeas]
498 3493 563 3534 Ex
586 3493 810 3536 Herodoto
835 3494 917 3536 boc
937 3493 1127 3548 descrip-

1185 831 1268 873 sit:
1294 829 1492 880 Καὶνίιιην
1512 830 1672 885 (inquit
1697 830 1728 872 l.
1749 828 1842 883 lx.)
1859 827 2074 882 ἀναιρέεται

1183 893 1407 944 καλλίστην
1450 892 1648 946 ἁπασέων,
1687 896 1768 935 τῶν
1801 893 1911 944 ἡμεῖς
1944 894 2071 945 ἴδμεν,

1185 958 1407 1008 Παυσανίης
1436 959 1458 999 ὅ
1485 956 1764 1011 Κλεομβρότου
1792 959 1865 998 τοῦ
1892 958 2072 1011 Ἀναξαν-

1186 1023 1333 1077 δρίδεω.
1360 1023 1525 1074 Longoz.
1579 1022 1741 1064 Incidit
1761 1022 1868 1062 illud
1896 1022 1940 1062 in
1958 1022 2075 1062 Xan-

1185 1088 1357 1141 tippum
1390 1086 1580 1140 ἄρχοντα,
1633 1091 1680 1127 et
1718 1097 1803 1126 uno
1838 1085 2074 1137 eodemque

1187 1151 1259 1192 dle
1289 1150 1344 1191 ad
1376 1151 1593 1203 Mycalen.
1647 1149 1836 1192 Quidam
1860 1147 2075 1198 Anonym.

1185 1213 1234 1254 ‘H
1253 1212 1339 1266 περὶ
1355 1212 1560 1254 Πλαταιὰς
1574 1211 1703 1263 μάχη,
1728 1211 1795 1252 καὶ
1826 1211 1853 1261 ἦ
1878 1211 1966 1264 περὶ
1992 1217 2074 1251 Μυ-

1187 1274 1330 1327 κάλην,
1349 1276 1452 1316 κατὰ
1466 1276 1547 1324 τὴν
1560 1275 1683 1324 αὐτὴν
1700 1273 1858 1328 ἡμέραν.
1874 1309 1876 1312 .
1911 1274 2075 1316 Viden-

1187 1339 1268 1380 dus
1287 1350 1459 1392 quoque
1492 1338 1711 1379 Diodorus
1739 1339 1769 1379 l.
1786 1350 1851 1379 x1.
1904 1338 2077 1378 Plutar-

1188 1403 1292 1443 chus
1312 1402 1356 1442 in
1378 1401 1585 1452 Aristide,
1603 1402 1677 1442 ubi
1696 1402 1741 1441 iu
1761 1401 1913 1442 eadem
1935 1413 2076 1453 pugna

1189 1466 1506 1519 Xantippidem
1550 1477 1638 1506 non
1683 1465 1960 1518 Xantippum
2011 1478 2077 1505 ar·

1187 1530 1391 1570 chantem
1423 1529 1629 1570 nominat.
1671 1529 1887 1569 Mean-sius.
1960 1528 2077 1568 Illus-

1186 1592 1406 1633 vissimum
1422 1596 1480 1632 est
1496 1591 1698 1644 proelium]
1736 1591 1892 1632 Manet
1907 1590 2078 1630 clarissi-

1186 1667 1293 1697 mum
1310 1655 1531 1706 schottus,
1549 1655 1584 1695 si
1602 1655 1703 1695 libri
1722 1654 1935 1696 faverent.
1966 1657 2074 1707 Ego,

1187 1731 1288 1761 cum
1325 1719 1382 1760 de
1413 1719 1669 1761 celebritate
1701 1725 1748 1760 et
1780 1718 1897 1760 fama
1932 1721 2077 1772 potius

1186 1794 1318 1836 quam
1337 1781 1394 1822 de
1411 1782 1707 1835 magnitudine
1726 1784 1819 1836 ipsa
1831 1789 1877 1824 et
1890 1795 2081 1824 momen·

1190 1847 1246 1887 tis
1279 1846 1418 1900 praelii
1449 1846 1677 1899 accipitur,
1698 1858 1784 1888 non
1814 1847 1941 1888 video
1975 1847 2078 1901 quid

1188 1909 1351 1951 habeat
1395 1910 1672 1962 incommodi,
1707 1923 1804 1951 cnm
1849 1911 2079 1952 illustrandi

1188 1985 1276 2014 vox
1305 1978 1354 2014 et
1385 1973 1600 2013 illustrium
1633 1975 1716 2014 isto
1748 1986 1874 2014 sensu
1906 1974 2079 2027 placeat

1190 2040 1352 2077 nostro.
1404 2035 1533 2087 Supr.
1552 2046 1605 2077 u.
1626 2039 1667 2076 l.
1685 2035 1796 2089 ‘quo
1813 2035 1976 2078 factum
1996 2042 2088 2087 est,

1190 2104 1240 2139 ut
1270 2097 1392 2140 brevi
1421 2103 1616 2151 tempore
1648 2099 1965 2141 illustraretur!
2023 2099 2079 2140 Id

1189 2166 1273 2212 est,
1297 2159 1415 2202 fama
1445 2166 1493 2202 et
1524 2161 1786 2202 auctoritate
1818 2162 2079 2204 inclaresce-

1189 2229 1271 2266 ret.
1291 2235 1395 2266 xm.
1416 2227 1455 2265 l.
1482 2224 1496 2248 ‘
1518 2225 1660 2265 Multa
1677 2225 1804 2277 hujus
1835 2231 1937 2266 sunt
1967 2237 2078 2278 prae-

1188 2288 1309 2329 clare
1339 2285 1475 2339 facta,
1502 2287 1579 2328 sed
1614 2287 1710 2329 haec
1741 2289 1928 2330 maxime
1962 2290 2079 2330 illus.

1189 2352 1274 2393 tria
1290 2350 1320 2392 ι’
1348 2356 1396 2392 et
1414 2362 1515 2392 xxx.
1537 2355 1577 2392 1.
1633 2352 1770 2394 Boea.

1242 2414 1450 2466 Satrapes]
1477 2412 1739 2456 Praefectus.
1777 2416 1875 2456 Vox
1894 2420 1962 2456 est
1975 2416 2080 2456 Per-

1188 2478 1294 2520 sica.
1349 2478 1502 2520 Utitur
1524 2489 1587 2518 vea
1615 2484 1661 2520 et
1678 2480 1914 2521 Terentius
1931 2481 2077 2521 Heau-

1190 2548 1303 2585 tont.
1332 2546 1345 2567 ⁴
1364 2543 1573 2595 Satrapes
1601 2543 1638 2583 si
1670 2544 1755 2584 siet
1771 2543 1954 2585 Amator
1971 2556 2079 2584 nun-

1190 2621 1318 2662 quam
1356 2607 1538 2649 sufferre
1579 2609 1675 2661 ejus
1712 2614 1878 2650 sumtus
1914 2609 2078 2663 queat?

1189 2671 1406 2713 Isocrates
1425 2672 1642 2725 Panegyr.
1674 2674 1888 2725 Τοιγαροῦν
1905 2673 1942 2713 οἱ
1957 2688 2078 2713 κατα-

1189 2735 1393 2783 βαίνοντες
1423 2736 1552 2776 αὐτῶν
1579 2735 1634 2776 εἷς
1663 2737 1739 2784 τὴν
1769 2736 1985 2788 θάλατταν,
2012 2736 2077 2778 οὓς

1189 2801 1355 2840 καλοῦσι
1381 2796 1596 2851 σατράπας.
1665 2799 1738 2839 Sic
1755 2800 1924 2840 Probus
1945 2799 2076 2851 infra,

1190 2867 1236 2902 et
1265 2874 1382 2914 saepe
1413 2861 1529 2902 alibi.
1573 2861 1752 2903 Lambin.
1817 2864 2077 2904 Universum

1190 2924 1422 2965 Persarum
1455 2924 1682 2976 imperium
1718 2925 1763 2965 in
1792 2924 2078 2978 praefecturas

1190 2993 1238 3029 et
1255 2986 1514 3040 provincias,
1533 2999 1636 3040 quas
1663 2988 1727 3028 illi
1755 2989 1990 3042 satrapias,
2009 3002 2079 3030 ea-

1190 3062 1372 3104 tumque
1403 3054 1596 3091 rectores
1629 3050 1851 3104 Satrapas,
1889 3052 2082 3103 appella-

1190 3114 1312 3167 bant,
1330 3113 1609 3154 distributum
1628 3119 1736 3154 erat.
1791 3115 1990 3166 Satrapae
2009 3127 2076 3155 er·

1190 3191 1246 3232 go
1264 3177 1497 3232 provinciis
1522 3182 1758 3229 praeerant,
1777 3189 2009 3231 eorumque
2027 3178 2076 3218 fi-

1189 3242 1262 3282 dei
1281 3245 1328 3282 et
1346 3252 1462 3281 cnrae
1483 3239 1724 3279 Provinciae
1751 3241 2075 3282 committeban-

1190 3311 1275 3347 tur.
1330 3304 1497 3345 Horum
1513 3303 1680 3342 muneri
1696 3308 1742 3343 et
1755 3302 1897 3344 officio
1915 3304 2078 3345 incum-

1188 3367 1338 3419 bebat,
1368 3364 1701 3419 provincialibus
1739 3366 1969 3419 imperare,
2001 3379 2074 3407 eo-

1189 3441 1371 3484 rumque
1407 3428 1668 3470 utilitatibus
1703 3430 1966 3482 prospicere,
1999 3431 2074 3471 tri-

1191 3493 1296 3537 buta
1315 3503 1487 3546 cogere,
1519 3491 1750 3545 primisque
1775 3492 1979 3533 custodiis
1999 3493 2074 3535 sti·
