2306 3900
324 282 434 339 610

325 415 531 458 observat
546 413 864 454 Kirchmanuus
881 413 923 454 in
941 412 1212 455 Cancellario

323 492 388 522 lv.
421 484 463 521 2.
505 478 669 530 priscos
715 472 938 530 principes
977 477 1117 530 sigilli
1147 478 1214 519 sui

325 543 528 586 custodes
563 542 680 595 ipsos
718 540 866 583 fuisse.
939 541 1213 582 Hereditatis

322 612 469 649 autem
495 605 753 647 transmissas
785 605 991 647 indicium
1016 605 1062 646 id
1095 605 1212 646 habi·

324 676 434 723 tum,
462 683 517 712 ex
551 669 648 711 val.
679 670 803 710 Max.
821 681 905 710 vu.
926 673 963 711 8.
983 674 1025 712 5.
1044 674 1083 711 8.
1106 675 1152 711 et
1171 673 1212 710 9.

324 734 604 775 casaubonus
637 734 695 774 ad
723 733 975 783 Suetonium
994 733 1109 786 Aug.
1142 737 1210 775 94.

322 798 478 848 tradit,
496 803 710 852 putatque
725 798 770 838 id
785 810 948 838 caussae
967 795 1118 848 fuisse,
1135 809 1214 837 cur

323 863 496 904 Tiberio
515 863 712 904 morienti
739 862 868 904 Caius
898 860 1102 901 annulum
1121 859 1212 900 adi-

322 932 479 980 meret,
520 927 635 980 apud
673 925 922 968 Suetonium
959 927 1027 965 73.
1084 924 1212 966 Quod

323 1003 408 1032 nec
438 991 636 1043 analogia
668 990 827 1042 privati
851 988 964 1041 juris
997 992 1136 1039 caret,
1165 993 1214 1028 ut

322 1055 492 1095 scilicet
505 1055 567 1094 ita
580 1053 800 1094 videretur
817 1052 952 1093 totius
967 1051 1214 1104 patrimonii

316 1119 391 1171 jus
409 1118 630 1166 traditum,
659 1117 871 1171 quomodo
904 1114 1098 1156 clavibus
1128 1119 1213 1155 tra-

323 1181 425 1222 ditis
444 1180 652 1221 mercium
677 1181 722 1220 in
748 1179 913 1220 horreis
940 1177 1213 1219 conditarum

321 1245 536 1297 possessio
573 1244 733 1285 tradita
768 1243 956 1283 videtur.
985 1242 1060 1283 lib.
1089 1252 1214 1283 xmv.

322 1309 379 1350 de
413 1309 609 1350 contrah.
643 1314 776 1361 empt.
832 1309 948 1359 Ergo
977 1305 1213 1347 Alexandri

323 1375 526 1427 exemplo
556 1373 780 1427 Augustus
799 1371 1030 1413 undecimo
1061 1384 1213 1414 consu-

320 1431 655 1490 latu'aegrotans,
669 1436 877 1489 Agrippae
898 1436 1099 1476 annulum
1116 1448 1214 1489 por-

323 1499 466 1542 rexit:
500 1499 616 1552 apud
636 1500 864 1540 Zonaram.
918 1498 1032 1539 Vide
1054 1498 1212 1539 Kirch-

320 1577 470 1606 mann.
508 1563 563 1604 de
591 1563 776 1604 Annalis
812 1575 912 1614 cap.
933 1565 1003 1603 22.
1077 1561 1211 1615 Apud

323 1627 563 1668 Saracenos
582 1626 696 1666 idem
716 1625 934 1667 obtinuit:
963 1624 1078 1665 unde
1105 1626 1118 1648 ‘
1139 1637 1214 1665 an·

322 1692 449 1731 nulus
470 1688 721 1731 Chalifatus’
757 1689 915 1741 legitur
935 1687 1052 1741 apud
1072 1688 1214 1728 Elma-

322 1754 410 1795 cin.
447 1766 500 1797 11.
531 1758 573 1795 2.
602 1754 648 1794 in
686 1753 806 1794 caede
844 1753 1053 1794 Alaminiz
1083 1753 1213 1807 idque

321 1819 486 1870 signum
508 1830 601 1859 esse
618 1817 892 1871 principatus
913 1816 1030 1869 apud
1050 1815 1216 1870 Agare·

321 1893 416 1933 nos,
442 1881 502 1922 ait
516 1882 739 1922 Constant.
766 1881 1042 1934 Porphyrog.
1063 1881 1118 1922 de
1139 1881 1214 1923 ad-

321 1943 506 1984 ministr.
535 1943 650 1996 Imp.
682 1955 780 1996 cap.
806 1946 874 1984 21.
929 1945 988 1984 Et
1006 1945 1100 1985 haec
1121 1945 1215 1999 qui-

322 2008 422 2049 dem
439 2014 507 2049 est
521 2008 737 2049 communi
753 2008 1025 2060 Scriptorum
1044 2008 1216 2052 calculo

322 2073 488 2114 tradita
511 2073 718 2114 narratio.
748 2072 1057 2114 Freinshemius.
1112 2073 1215 2114 Dio-

323 2136 414 2177 dor.
443 2137 615 2177 Siculus
646 2137 719 2177 lib.
739 2148 855 2177 xvn.
884 2137 1056 2178 Πολλοῖς
1088 2135 1132 2177 δὲ
1149 2136 1217 2178 πό-

322 2214 400 2240 νοις
418 2200 484 2240 καὶ
497 2203 637 2241 δειναῖς
650 2199 845 2251 ἀλγηδόσι
865 2200 1072 2251 συσχεθεὶς
1102 2198 1215 2241 Ἀλέ-

321 2265 491 2316 ξανδρος,
506 2264 638 2312 ἐπειδὴ
656 2263 703 2303 τὸ
718 2263 793 2317 ζῇν
805 2263 976 2316 ἀπέγνω,
993 2262 1215 2316 περιελόμε-

323 2341 387 2368 νος
403 2326 475 2367 τὸν
502 2326 724 2376 δακτύλιον,
752 2326 870 2368 ἔδωκε
889 2327 1095 2381 Περδίκκᾳ.
1150 2329 1216 2369 si-

322 2391 425 2431 mile
441 2391 493 2431 de
508 2390 723 2431 Antiocho
742 2396 928 2431 testatur
947 2396 1099 2432 auctor
1115 2391 1215 2432 hist.

324 2453 530 2493 Machab.
550 2465 582 2494 1.
602 2458 645 2494 6.

376 2517 484 2557 Eum
514 2529 679 2568 regnum
697 2517 735 2558 ei
761 2517 1060 2571 commendasse]
1091 2518 1216 2560 Dici-

322 2584 396 2620 tur
433 2593 487 2621 ea
524 2579 705 2634 ἑμφάσει,
733 2594 818 2635 qua
842 2582 1038 2622 morituri
1067 2594 1215 2623 neces·

324 2643 535 2685 situdines
555 2657 667 2697 suas,
683 2645 848 2698 aliaque
864 2645 1010 2685 amicis
1029 2656 1217 2686 commen-

322 2710 419 2749 dare
439 2707 712 2750 dicebantur.
768 2709 881 2749 Vide
911 2710 1046 2751 Briss.
1073 2710 1216 2752 Form.

323 2783 407 2812 vu.
437 2773 571 2813 Boecl.
633 2773 735 2812 Eum
767 2785 931 2824 regnum
960 2773 999 2813 ei
1027 2786 1217 2814 commen·

322 2837 450 2889 dasse]
478 2837 682 2876 Schottus
716 2849 740 2876 e
775 2836 944 2877 schedis
981 2837 1216 2879 commisisse

322 2901 384 2939 vel
402 2901 694 2940 commendasse.
745 2900 830 2940 Sed
854 2901 922 2940 vel
943 2912 1062 2941 caeco
1084 2913 1218 2953 appa.

323 2966 394 3001 ret
425 2962 605 3001 alterum
626 2975 721 3002 esse
743 2963 1086 3014 interpretamen
1108 2966 1216 3004 alte·

323 3024 413 3064 rius
453 3037 479 3064 a
517 3025 660 3065 scriba
707 3025 941 3066 immissum
985 3026 1214 3067 dubitante

323 3091 467 3127 utrum
506 3093 622 3128 esset
659 3087 848 3139 probius.
921 3088 1028 3127 Mihi
1066 3088 1215 3139 placet

321 3152 555 3192 commisisse
573 3152 669 3192 loco
687 3152 759 3191 τοῦ
783 3153 1065 3192 commendasse
1080 3150 1211 3192 infer-

324 3216 373 3255 ri.
406 3216 608 3256 Gebhard.

380 3279 590 3330 Craterus]
619 3280 757 3322 Quem
777 3278 1043 3332 φιλοβασιλέα
1056 3289 1211 3333 cog-no-

323 3339 489 3380 minant
518 3343 679 3394 Graeci,
711 3345 823 3384 sicut
853 3345 1209 3396 Hephaestionem

323 3402 634 3455 φιλαλέξανδρον.
691 3407 934 3461 Utrumque
962 3407 1212 3449 Alexander

324 3465 552 3518 plurimum
574 3469 758 3511 amabat.
805 3466 981 3512 Curtius
998 3472 1072 3512 lib.
1091 3484 1154 3513 vt.
1171 3476 1210 3513 8.

325 3531 335 3551 ‘
358 3531 466 3571 Erat
488 3532 693 3572 Craterus
711 3534 799 3585 regi
830 3546 951 3575 carus
973 3535 1015 3575 in
1042 3536 1209 3588 paucis,

708 295 888 334 NOTAE
928 295 1266 336 vARloRUM
1307 297 1372 337 IN
1417 299 1471 338 Ο.
1510 298 1775 340 NEPOTIS

1274 419 1322 456 et
1339 414 1436 457 ideo
1451 416 1640 458 Philotae
1662 416 1718 459 ob
1738 415 2056 460 aemulationem
2067 418 2162 473 dig·-

1274 479 1424 521 nitatis
1443 480 1677 524 adversus?

1329 545 1560 597 Antipater]
1575 546 1682 587 Iolai
1695 546 1823 587 filius.
1865 548 1940 588 De
1953 559 2037 601 qno
2051 559 2163 601 pm·

1275 611 1344 648 ter
1360 608 1469 649 alios
1487 609 1719 662 Polyaenus
1733 610 1925 662 Strateg.
1946 609 2023 651 lib.
2038 622 2106 652 tv.

1329 673 1518 714 Mortuus
1541 678 1627 715 erat
1646 674 1898 726 Hephaestio]
1928 672 2000 714 Ad
2019 673 2163 715 Ecba-

1275 741 1388 778 tana.
1443 738 1598 779 AElian.
1625 739 1731 780 Var.
1757 749 1842 779 vn.
1873 741 1913 780 8.
1969 737 2165 779 Febrici-

1275 805 1387 842 tans.
1431 803 1552 843 Curt.
1572 813 1619 844 x.
1637 806 1681 843 4.
1725 802 1916 843 Mortem
1935 814 2030 842 eam
2051 813 2163 855 proe-

1275 864 1450 906 dixerat
1476 866 1748 919 Pythagoras
1776 871 1899 908 vates
1926 866 2042 919 apud
2071 865 2165 919 Ap·

1274 927 1449 979 pianum
1464 927 1520 968 de
1537 928 1654 969 bello
1670 929 1784 970 civil.
1802 929 1880 971 lib.
1895 940 1951 970 n.
1988 929 2165 972 Ari-ian.

1275 1001 1360 1031 vn.
1381 994 1421 1032 3.
1450 997 1497 1034 et
1514 992 1737 1034 Plutarch.
1756 1004 1855 1045 cap.
1875 995 1970 1032 124.

1330 1055 1506 1096 Plurimi
1527 1055 1704 1109 fecerat]
1734 1055 1884 1096 AElian.
1910 1054 2021 1096 Var.
2043 1054 2164 1097 nist.

1277 1127 1364 1158 xn.
1394 1121 1436 1158 7.
1476 1121 1489 1142 ‘
1515 1118 1765 1160 Alexander
1802 1117 1986 1159 Achillis
2014 1129 2166 1159 monn·

1275 1186 1468 1222 mentum
1497 1183 1732 1236 coronavit,
1764 1180 2053 1235 Hephaestion
2079 1180 2168 1222 Pa-

1277 1244 1431 1285 trocli:
1477 1244 1738 1298 significans,
1787 1257 1835 1285 se
1880 1244 1944 1285 ita
1989 1243 2165 1284 charum

1277 1305 1528 1348 Alexandro
1556 1319 1666 1360 esse,
1693 1313 1742 1348 ut
1758 1306 1992 1348 Patroclus
2010 1304 2167 1346 fuisset

1276 1368 1469 1412 Achilli!
1493 1370 1642 1425 Atque
1659 1370 1714 1412 ob
1731 1371 1822 1424 ejus
1836 1374 2020 1411 mortem
2031 1368 2166 1411 Alex-

1276 1433 1669 1475 ander-incredibili
1683 1433 1867 1475 affectus
1879 1433 2045 1482 dolore,
2059 1433 2168 1473 mul-

1276 1501 1338 1549 ta,
1367 1509 1465 1551 quae
1497 1499 1661 1550 regiam
1691 1498 1961 1550 majestatem
1992 1496 2167 1538 minime

1277 1559 1500 1613 decerent,
1533 1561 1755 1602 admisisse
1792 1560 1970 1601 dicitur.
2042 1561 2165 1602 curt.

1276 1624 1394 1666 Plnt.
1412 1626 1571 1667 Lucan.
1589 1625 1744 1666 Senec.
1793 1624 2002 1666 Miserum
2032 1622 2165 1665 etiam

1276 1688 1507 1738 medicum,
1537 1693 1740 1742 tanquam
1758 1688 1803 1728 in
1823 1686 2016 1728 curando
2033 1687 2168 1740 negli-

1278 1752 1450 1804 gentior
1467 1749 1638 1803 fuisset,
1654 1750 1855 1803 suspendi
1866 1750 2020 1804 jussit.
2060 1749 2167 1801 Geo-

1277 1815 1395 1856 hard.

1332 1878 1424 1919 Hoc
1441 1882 1612 1931 tempore
1630 1879 1727 1919 data
1745 1882 1804 1919 est
1825 1878 1994 1920 Eumeni
2012 1878 2168 1932 Cappa—

1277 1942 1404 1995 docia,
1428 1942 1511 1983 sive
1532 1943 1667 1995 potius
1691 1941 1819 1994 dicta]
1847 1942 1960 1983 Item
1979 1942 2167 1995 Paphla-

1278 2005 1409 2058 gonia
1426 2017 1525 2046 cum
1545 2005 1741 2059 subJecto
1760 2005 1867 2047 mari
1887 2005 2079 2047 Pontico
2099 2017 2168 2046 re-

1279 2070 1427 2122 gione,
1457 2069 1778 2122 Trapezuntem
1827 2081 1981 2123 usque,
2017 2074 2071 2110 ut
2104 2068 2170 2110 ait

1279 2133 1555 2175 Plutarchus.
1597 2133 1796 2175 Justinus
1816 2133 1892 2175 lib.
1910 2143 2017 2174 xm·-
2057 2132 2170 2185 Cap-

1279 2195 1502 2248 padociam
1531 2209 1630 2237 cum
1657 2196 1955 2249 Paphlagonia
1983 2197 2167 2239 Eumeni

1278 2259 1426 2300 datam
1446 2259 1577 2300 fuisse
1594 2260 1757 2302 scribit.
1801 2259 1926 2301 Infra
1943 2272 2048 2302 vero
2069 2261 2171 2313 ipsi,

1278 2328 1442 2375 praeter
1479 2323 1740 2375 provincias,
1776 2336 1882 2376 quas
1918 2330 2166 2377 acceperat,

1278 2386 1475 2438 adjectas
1514 2386 1636 2438 dicit,
1682 2386 2022 2438 Paphlagoniam
2069 2399 2166 2428 cum

1279 2449 1423 2501 Caria,
1463 2450 1612 2503 Lycia,
1651 2455 1698 2491 et
1727 2451 1932 2503 Phrygia.
1987 2451 2086 2494 Quo
2123 2452 2167 2491 in

1276 2513 1372 2554 loco
1401 2521 1654 2554 contextum
1687 2519 1938 2567 corruptum
1965 2527 2059 2557 esse
2075 2528 2169 2557 sus-

1277 2576 1415 2629 picor,
1431 2581 1561 2630 atque
1579 2577 1679 2618 ideo
1696 2579 1740 2623 iu
1758 2578 1901 2619 verbis
1918 2579 2169 2632 posteriori·

1277 2640 1370 2692 bus,
1383 2651 1461 2693 pro
1480 2641 1772 2694 Paphlagonia,
1784 2641 2027 2696 Lycaoniam
2045 2643 2168 2684 resti·

1278 2702 1510 2754 tuendam;
1539 2716 1636 2757 quaa
1655 2704 1774 2757 regio
1793 2710 1860 2746 est
1889 2704 1934 2746 in
1967 2704 2076 2746 Asia
2092 2706 2168 2747 mi-

1278 2778 1383 2807 nore
1420 2779 1556 2820 prope
1588 2768 1781 2822 Lyciam,
1815 2773 1866 2810 nt
1902 2769 2168 2811 Ptolemaeus

1277 2829 1352 2871 lib.
1379 2843 1433 2871 ιι.
1462 2831 1675 2885 scriptum
1710 2833 1901 2886 reliquit,
1927 2837 2080 2887 estque
2111 2844 2166 2874 ex

1278 2894 1372 2934 aliis
1392 2895 1499 2935 satis
1524 2900 1688 2937 notum.
1717 2895 1898 2947 Magius.

1334 2959 1442 2999 Nam
1462 2964 1547 3000 tum
1572 2960 1616 3000 iu
1641 2960 1812 3000 hostium
1842 2962 1928 2999 erat
1952 2958 2171 3011 potestate]

1279 3021 1434 3074 Neque
1455 3023 1568 3063 enim
1588 3023 1764 3063 suberat
1780 3021 2066 3063 Macedonico
2091 3022 2167 3062 im-

1278 3086 1418 3136 perio,
1447 3086 1560 3139 quod
1583 3086 1836 3128 Ariarathes
1857 3098 1932 3127 rex
1964 3092 2068 3127 tunc
2094 3087 2168 3127 ha-

1277 3149 1426 3190 bebat.
1455 3150 1620 3201 Lougoi.
1675 3151 1965 3191 Plutarchus:
1995 3149 2167 3203 Ἀριαρά·

1277 3217 1345 3262 οης
1359 3214 1437 3266 ’γὰρ
1456 3214 1576 3263 αὐτῆς
1592 3214 1862 3262 ἐβασίλευσεν.
1881 3215 2020 3257 Lamb.
2066 3215 2164 3256 Quo
2182 3212 2187 3217 “

1275 3277 1526 3331 interfecto,
1553 3278 1770 3331 ademptae
1787 3278 2017 3331 provinciae
2037 3276 2165 3317 Nica-

1275 3354 1356 3382 nor
1391 3341 1565 3395 quidam
1612 3341 1865 3396 proeficitur.
1933 3339 2163 3381 Postremo

1273 3407 1481 3447 Seleucus
1521 3407 1723 3454 obtinuit.
1793 3403 1998 3445 Arbitror
2033 3403 2167 3456 scrip-

1275 3471 1380 3511 sisse
1399 3475 1646 3523 potestatem,
1675 3475 1725 3510 ιιι
1743 3469 1787 3509 ίη
1805 3468 2003 3510 ciceron.
2024 3468 2165 3508 Mani-

1272 3535 1375 3576 lian.
1408 3534 1515 3586 legit
1536 3533 1731 3586 Agellius
1757 3531 1832 3575 lib.
1851 3543 1884 3573 1.
1903 3535 1942 3572 7.
1972 3531 2032 3573 sic
2060 3529 2164 3573 infr.
