2326 3944
278 268 389 324 444

279 397 480 455 πατρᾴονς
510 402 719 455 appellari
748 402 866 444 dicit.
933 401 1049 442 Hinc
1066 402 1162 443 Vir-

280 466 405 519 gilius
444 469 457 490 ‘
479 467 642 518 patrios
687 464 898 517 penates'
939 471 1078 518 vocat,
1118 471 1164 506 et

281 534 295 556 ‘
315 533 430 572 Deos
450 531 644 584 patrios.'
699 531 787 571 Ubi
806 530 1009 571 Servius:
1040 532 1052 554 ‘
1077 531 1163 573 Qui

282 595 457 646 singulis
490 594 736 634 civitatibus
763 600 971 646 praesunt,
1000 599 1049 634 ut
1081 595 1165 634 Mi-

280 667 414 698 nerva
435 657 632 708 Athenis,
651 658 680 699 J
685 670 767 697 uno
788 658 1069 710 Carthagini!
1096 659 1164 698 De

281 720 437 772 quibus
471 721 568 772 lege
600 721 809 761 Martian.
836 721 1059 773 Capellam
1080 721 1110 761 l.
1131 727 1164 761 1'.

281 783 477 825 Macrob.
512 785 683 825 Saturn.
719 797 790 825 111.
826 789 869 825 4.
910 786 1163 830 Varronem,

283 847 402 886 alios.
432 847 630 888 Keuchen.

337 909 704 961 Propugnacutum]
756 909 915 962 ’'l-:petua
935 910 999 961 ocal
1016 918 1166 962 φυλακ-

281 971 414 1025 τήριον
440 974 511 1020 τῆς
539 971 730 1014 Ἑλλάδος
759 974 950 1014 Pindaro
983 980 1029 1013 et
1047 974 1166 1014 Aris-

282 1037 364 1079 tidi
383 1037 438 1077 ob
459 1037 502 1076 id
523 1039 701 1078 dictum.
731 1039 913 1078 Boecler.
967 1043 1165 1090 Προπολε-

282 1098 481 1150 μητήριον.
538 1099 608 1139 Ita
630 1105 755 1139 vocat
774 1100 985 1140 Diodorus
1019 1101 1048 1141 l.
1067 1111 1164 1141 xlv.

284 1163 507 1216 Rhegium.
552 1163 750 1203 Gebhard.
803 1163 871 1204 Ὦς
889 1162 1086 1216 πρόβολον
1104 1164 1169 1204 καὶ

284 1225 480 1278 φρούριον,
496 1227 564 1266 vel
585 1225 862 1277 ἐπιτειχισμόν.
919 1228 1071 1268 Cicero
1089 1241 1166 1280 pro

284 1290 410 1330 Font.
437 1292 449 1313 ‘
476 1290 621 1331 Narbo
655 1291 841 1331 Martius
871 1303 1167 1343 propugnacu-

283 1353 371 1393 lum
402 1353 495 1393 istis
525 1353 625 1404 ipsis
657 1353 901 1394 nationibus
924 1355 1167 1406 oppositum

286 1421 333 1456 et
352 1415 601 1468 objectum.'
629 1416 813 1456 Lambin.

342 1480 514 1520 Fecisset
554 1479 829 1530 naufragium]
885 1481 1055 1522 Fuisset
1091 1481 1165 1522 de-

285 1554 435 1595 pressa
455 1548 530 1582 aut
549 1542 750 1594 disjecta.
819 1544 887 1583 Ita
905 1544 1049 1584 Graeci
1069 1557 1169 1597 quo-

286 1619 370 1660 que
389 1608 635 1659 loquuntur.
702 1606 962 1647 Plutarchus
985 1622 994 1648 :
1023 1609 1072 1648 At
1090 1609 1169 1648 ἐπι-

287 1672 422 1721 φανεῖς
455 1669 591 1721 τύχαι,
622 1668 794 1723 καθάπερ
829 1671 865 1710 οἱ
900 1671 1061 1724 σφοδροὶ
1093 1675 1172 1713 τῶν

288 1732 436 1784 ἀνέμων
461 1732 619 1784 μεγάλα
636 1735 787 1774 ποιοῦσι
806 1733 985 1785 ναυάγια.
1044 1736 1171 1776 Gema.

292 1832 296 1835 Α
341 1799 453 1838 Male
469 1803 510 1839 et
527 1798 833 1851 injustefacere]
858 1799 1033 1840 Ἀδικεῖν.
1057 1800 1173 1840 Lam·

288 1854 368 1903 bin.
440 1862 668 1902 Sallustius
703 1863 948 1914 Jugurtha:
996 1865 1009 1887 ‘
1031 1864 1082 1904 P.
1119 1865 1171 1905 R.

288 1937 428 1977 neque
449 1930 569 1965 recte
600 1937 739 1978 neque
776 1938 852 1978 pro
886 1926 998 1968 bono
1033 1927 1171 1968 factu·

290 2000 398 2039 rum,
419 1988 451 2027 si
484 2000 507 2029 a
531 1989 633 2040 jure
651 1988 839 2040 gentium
871 2002 916 2029 se
951 1991 1172 2042 prohibue-

289 2050 375 2091 rit?
410 2051 610 2090 Gebhard.

343 2114 392 2155 Si
407 2127 495 2154 suos
513 2116 662 2165 legatos
680 2115 850 2167 recipere
881 2116 1039 2168 vellent]
1098 2117 1169 2157 De

290 2189 338 2217 re
354 2178 480 2216 simili
499 2178 644 2218 Caesar
662 2178 716 2217 de
732 2179 784 2218 B.
803 2179 859 2219 G.
876 2191 945 2219 ιιι.
961 2183 1000 2219 8.
1018 2183 1029 2203 ‘
1048 2181 1173 2220 Com-

290 2253 461 2281 munem
500 2242 758 2293 legationem
806 2242 860 2282 ad
890 2243 941 2283 P.
972 2243 1174 2284 Crassum

291 2306 488 2356 mittunt,
503 2306 538 2346 si
551 2306 657 2346 velit
671 2319 766 2347 suos
778 2308 990 2361 recipere,
1000 2309 1171 2349 obsides

291 2368 373 2409 sibi
402 2367 627 2409 remittat!

344 2432 482 2473 Aliter
508 2434 597 2473 illos
626 2444 821 2485 nunquam
847 2433 890 2473 in
915 2434 1089 2485 patriam
1111 2446 1173 2474 re-

289 2496 459 2548 cepturi]
515 2497 639 2539 Quod
666 2497 793 2549 vulgo
826 2497 1016 2548 additur,
1033 2501 1174 2548 essene,

292 2559 505 2611 glossema
522 2563 602 2600 est.
638 2559 874 2600 Gronovius.

347 2622 459 2664 Car.
479 2625 518 2662 8.
573 2622 657 2662 Hic
686 2626 818 2663 tamen
848 2635 924 2663 non
955 2622 1098 2676 effugit
1122 2623 1175 2663 ci·

292 2685 397 2727 viam
413 2698 568 2726 suorum
587 2685 795 2738 invidiam]
849 2686 959 2727 Haec
990 2699 1175 2727 commu-

292 2749 358 2789 nis
377 2755 443 2789 est
461 2749 570 2789 bene
596 2749 650 2789 de
682 2749 908 2802 republica
924 2751 1175 2791 meritorum

295 2825 402 2863 sors,
439 2817 488 2852 ut
526 2813 738 2865 ingratam
770 2813 956 2866 plebem,
990 2814 1175 2855 belluam

293 2877 524 2916 multorum
544 2877 751 2929 capitum,
776 2876 868 2918 fere
898 2879 1178 2931 experiantur

294 2951 456 2980 omnes.
511 2941 609 2982 Qua
637 2940 690 2980 de
720 2953 767 2980 re
786 2942 882 2981 Val.
902 2943 1118 2983 Maximus
1149 2944 1176 2984 1.

295 3013 338 3044 v.
363 3005 403 3043 3.
454 3002 651 3043 Schottue.
720 3003 864 3045 Quare
890 3003 1177 3046 Athenienses

293 3065 490 3118 egregios
506 3066 621 3106 cives
641 3070 686 3106 et
704 3066 813 3107 bene
829 3068 1004 3108 meritos
1019 3071 1176 3120 saepius

295 3130 351 3172 ob
372 3130 593 3182 virtutem,
612 3142 665 3169 ne
698 3130 791 3183 quis
817 3131 998 3182 amplius
1019 3133 1176 3172 emine·

295 3201 377 3244 ret,
412 3197 575 3236 testula
612 3196 882 3247 ablegarunt.
954 3197 1176 3249 Siquidem

296 3264 457 3312 praeter
489 3260 711 3310 Theseum,
752 3270 876 3311 quem
916 3259 959 3298 in
997 3261 1175 3313 Scyrum

297 3326 550 3371 exegerunt,
577 3321 709 3360 Solon
737 3321 849 3360 lator
878 3322 1039 3373 legum,
1059 3322 1177 3363 Aris-

295 3382 426 3433 tides,
452 3394 534 3434 quo
551 3394 675 3422 nemo
687 3382 866 3435 justior,
884 3390 930 3424 et
946 3385 1177 3426 Themisto-

297 3447 402 3494 cles,
436 3445 593 3498 aliique
626 3446 681 3485 ob
713 3446 884 3486 illorum
921 3449 1179 3500 magnitudi-

299 3522 398 3551 nem
415 3509 459 3550 in
478 3509 652 3549 exilium
672 3509 759 3550 acti
779 3516 905 3553 suut:
934 3511 1178 3553 Miltiadem

658 281 838 324 No'rAE
881 282 1215 324 VARIORUM
1255 283 1320 323 m
1364 284 1423 326 G.
1457 281 1721 325 NEPOTIS

1223 405 1326 443 iero
1344 403 1450 444 mori
1469 402 1718 455 coegerunt.
1786 401 1839 442 Id
1859 401 1971 443 enim
1988 402 2104 457 o'pti-

1225 479 1294 507 mo
1314 467 1469 520 cuique
1497 465 1677 507 Athenis
1703 468 1783 505 'usu
1816 466 2031 519 veniebat,
2053 473 2104 517 ut

1224 530 1270 569 in'
1305 531 1480 570 exilium
1525 530 1580 570 ob
1617 529 1890 570 eminentiam
1932 530 2104 570 virtutis

1226 595 1476 646 pelleretur.
1531 593 1659 634 Alex.
1679 593 1733 633 ab
1753 592 1881 634 Alex.
1933 591 2106 634 Alludit

1226 656 1439 696 Lucianus
1459 657 1501 696 in
1520 656 1726 706 Dialogo:
1769 655 1855 708 περὶ
1871 656 1943 695 τοῦ
1958 655 2013 706 μὴ
2037 655 2105 709 ρᾳ-

1226 718 1312 759 atvs
1327 718 1523 758 πιστὲύειν
1539 720 1721 771 διαβολῇ.

1280 783 1525 822 matularum
1578 781 1805 834 suff-agiis]
1887 781 2107 823 Archonte

1193 835 1199 842 ⁶
1227 845 1484 896 Praxiergo,
1510 857 1638 897 quem
1657 845 1728 884 alii
1745 846 2016 897 Prexurgum
2034 859 2108 886 vo·

1229 913 1345 946 cant.
1401 908 1472 946 De
1506 908 1578 946 illo
1608 913 1802 958 tempore
1830 907 2104 960 Anonymus:

1227 971 1496 1020 Θεμιστοκλῆς
1541 968 1830 1022 ἐξοστρακίσθη.
1895 970 2108 1021 Mennim.

1227 1033 1348 1074 Infra
1385 1034 1429 1073 in
1463 1034 1666 1075 Cimone:
1712 1034 1725 1057 ‘
1749 1033 1862 1073 Nam
1900 1039 2110 1076 testarum

1229 1096 1455 1150 suffragiis,
1494 1098 1610 1151 quod
1646 1098 1710 1137 illi
1738 1096 1999 1150 ὄστρωασμὸν
2033 1111 2110 1147 voe

1228 1168 1344 1213 cant,
1374 1162 1524 1202 decem
1544 1174 1748 1202 annorum
1775 1162 1907 1202 exilio
1934 1163 2112 1204 mulcta-

1229 1233 1298 1268 tus
1332 1226 1427 1268 est!
1491 1227 1554 1267 Ut
1585 1226 1685 1279 quid
1714 1227 1779 1266 his
1813 1227 1920 1266 locis
1961 1232 2111 1267 auctor

1229 1289 1471 1342 significare
1530 1290 1730 1340 voluerit,
1789 1290 1961 1342 planum
2018 1288 2110 1341 fiat,

1229 1355 1340 1395 haud
1390 1359 1459 1395 est
1496 1355 1791 1406 ignorandum,
1836 1361 1991 1394 testam
2035 1354 2111 1395 ras

1229 1418 1361 1458 fictile
1381 1417 1651 1470 significare3
1689 1419 1895 1458 testulam
1914 1430 2017 1458 vero
2036 1417 2111 1459 fic·

1232 1483 1308 1522 tile
1342 1494 1536 1534 parvum,
1568 1482 1636 1521 vel
1672 1481 1815 1522 fictilis
1841 1481 2040 1532 furatum,
2067 1481 2112 1521 in

1231 1557 1355 1598 quam
1377 1544 1730 1596 significationem
1750 1558 1775 1584 a
1791 1545 1958 1586 Graecis
1975 1543 2114 1598 ὄστρα·

1232 1623 1299 1649 κος
1325 1607 1483 1648 dicitur
1514 1608 1585 1662 (nt
1613 1614 1802 1648 testatur
1833 1609 1940 1648 Pius
1957 1609 2052 1661 cap.
2071 1612 2113 1649 9.

1233 1685 1403 1712 suarum
1418 1671 1789 1724 Annotationum)‚
1800 1684 1895 1726 quae
1914 1685 1999 1712 vox
2014 1684 2114 1725 pro·

1233 1737 1327 1788 prie
1358 1735 1571 1788 loquendo
1603 1736 1813 1775 calculum
1844 1748 1928 1775 non
1957 1733 2115 1786 signifi-

1234 1805 1322 1852 cat,
1353 1801 1426 1853 qui
1455 1798 1583 1851 ψήφος
1611 1806 1897 1851 nuncupatur.
1952 1792 2114 1839 Verum

1234 1876 1330 1904 cum
1360 1865 1472 1916 apud
1502 1863 1788 1903 Athenienses
1819 1861 2029 1915 suffragiis
2052 1861 2117 1912 fe·

1233 1927 1379 1967 rendis
1395 1927 1555 1977 astraei,
1588 1927 1633 1967 id
1664 1931 1747 1976 est,
1776 1927 1946 1977 testulae,
1964 1926 2050 1976 vel,
2065 1927 2117 1967 ⁴nt

1235 1990 1327 2039 aliis
1347 1990 1506 2040 placet,
1523 1988 1661 2028 calculi
1680 1988 1839 2027 viritim
1859 1987 1902 2026 in
1933 1987 2116 2028 concilio

1234 2054 1457 2103 darentur,
1474 2057 1520 2092 ut
1554 2052 1595 2091 in
1630 2051 1690 2091 eis
1709 2063 1835 2104 quem
1854 2051 2031 2104 quisque
2059 2062 2116 2091 ex

1235 2117 1397 2158 civibus
1417 2116 1523 2156 urbe
1541 2115 1697 2156 cedere
1721 2115 1868 2163 vellet,
1886 2113 2115 2163 indicaret,

1235 2181 1289 2220 ab
1310 2185 1496 2229 ostraco,
1514 2177 1771 2230 ὀστρακισμὸς
1800 2183 1868 2217 est
1892 2177 2047 2229 dictus,
2070 2177 2115 2217 id

1235 2250 1317 2294 est,
1345 2244 1576 2283 testularum
1606 2241 1856 2295 mffmgim‚
1889 2247 1934 2280 et
1966 2240 2115 2281 horum

1235 2305 1536 2359 suffragiorum
1568 2305 1658 2345 dies
1689 2302 1987 2357 ὀστρακοφορία.
2046 2304 2118 2344 Ut

1237 2369 1352 2422 apud
1398 2368 1571 2410 Snidam
1609 2368 1782 2420 legitur,
1820 2368 1982 2420 duplex
2023 2372 2117 2407 erat

1238 2431 1546 2481 Ostracismus,
1578 2430 1745 2471 scilicet
1782 2429 1911 2482 Phigi
1936 2435 1982 2471 et
1999 2429 2118 2482 Apo·

1237 2501 1457 2537 staturum.
1521 2494 1675 2534 Priore
1707 2494 1750 2534 in
1781 2490 1955 2534 exilium
1972 2493 2119 2534 mitte-

1236 2560 1412 2611 bantur,
1444 2558 1517 2611 qui
1546 2557 1716 2610 dignam
1750 2558 1910 2598 delicto
1946 2569 2117 2610 poenam

1238 2624 1377 2664 vitare
1394 2623 1642 2672 voluissent,
1654 2622 1804 2675 quibus
1821 2621 1995 2674 publice
2009 2621 2120 2662 bona

1238 2687 1537 2729 demebantur.
1600 2686 1864 2737 Posteriore,
1892 2685 2121 2738 Apostatis

1240 2756 1287 2792 et
1303 2752 1422 2791 locus
1442 2757 1488 2791 et
1507 2757 1677 2802 tempus
1696 2751 1981 2790 statuebatur.
2037 2750 2122 2790 Ea·

1242 2815 1337 2856 (lem
1353 2815 1434 2855 hac
1453 2813 1508 2854 de
1525 2826 1570 2853 re
1590 2815 1632 2853 in
1652 2814 1808 2865 lingnae
1824 2813 1991 2854 Graecae
2007 2824 2122 2853 eom·

1241 2879 1451 2919 mentaria
1471 2878 1691 2918 transtulit
1710 2876 2124 2928 BudaeuS,siippres-

1241 2954 1288 2982 so
1330 2947 1473 2982 tamen
1509 2941 1653 2982 Suidae
1700 2940 1883 2980 nomine.
1940 2939 2119 2990 Magius.

1242 3006 1457 3046 Caeterum
1475 3003 1764 3044 Ostracismus
1793 3008 1892 3055 post
1917 3008 2120 3043 exactum

1241 3068 1447 3120 Hippiam
1479 3073 1704 3120 tyrannum
1735 3066 1956 3106 Pisistrati
1985 3065 2121 3107 filium

1241 3131 1422 3183 sumpsit
1438 3130 1627 3170 initium.
1675 3129 1815 3169 Causa
1837 3129 2040 3180 instituti,
2063 3141 2122 3170 ne

1243 3193 1335 3246 quis
1369 3194 1423 3234 ob
1450 3193 1621 3233 nimiam
1653 3193 1892 3244 potentiam
1917 3192 2122 3233 libertate

1241 3269 1446 3309 oppressa
1463 3256 1734 3308 tyrannidem
1754 3261 2005 3307 occuparet.
2031 3254 2122 3296 An-

1242 3319 1442 3360 docides:
1474 3318 1616 3371 νομίζω
1634 3318 1675 3359 δὲ
1694 3318 1757 3359 καὶ
1775 3317 1891 3358 θέντα
1917 3316 1988 3358 τὸν
2005 3316 2122 3368 νόμον

1240 3381 1390 3432 ταύτην
1406 3383 1479 3431 τὴν
1495 3382 1664 3424 διάνοιαν
1690 3381 1811 3434 ἔχειν,
1838 3379 2122 3430 ἀποβλέψαντα

1242 3450 1320 3488 τῶν
1351 3450 1524 3488 πολιτῶν
1557 3446 1652 3499 πρὸς
1692 3445 1784 3487 τοὺς
1810 3444 2008 3499 κρείττους
2043 3448 2123 3488 τᾶν

1243 3509 1445 3565 ἀρχόντων
1460 3510 1525 3552 καὶ
1541 3512 1621 3552 τῶν
1633 3508 1772 3564 νόμων,
1785 3508 1916 3560 ἐπειδὴ
1926 3509 2031 3563 παρὰ
2042 3511 2122 3556 τᾶν
