2306 3900
732 304 889 346 xxv,
955 305 1257 358 ArTmUM,
1300 307 1434 347 GAP.
1473 294 1528 347 3.

217 426 339 480 scita]
381 427 610 470 Civitatem
638 428 871 469 Romanam
889 431 1017 468 vocat
1028 427 1102 480 Jus

218 491 373 531 civium
403 492 707 546 Romanorum.
763 490 872 531 Inde
889 490 1003 543 apud
1023 490 1102 533 Ju-

218 553 511 604 risconsultos,
540 555 553 577 ‘
575 554 761 595 Civitate
781 553 971 595 donare.'
1019 554 1103 594 Illa

219 618 514 670 amittebatur,
532 619 568 658 si
598 618 814 658 Romanus
845 618 950 660 civis
982 618 1102 658 urbis

215 685 395 726 alterius
424 685 528 738 jura
580 684 857 724 adscisceret.
896 683 1102 735 ‚Quippe

219 748 398 790 duarum
431 748 655 789 civitatum
679 747 778 801 jure
825 746 943 787 civili
977 757 1103 786 nemo

216 811 476 854 censebatur
515 812 636 854 civis·
682 811 880 853 Keucheu.
947 811 1102 864 Neque

217 875 333 916 enim
356 876 459 929 jure
495 876 731 920 Quiritium
776 876 891 918 idem
922 876 1102 917 duarum

217 938 443 980 civitatum
459 939 566 981 civis
587 951 681 981 esse
706 944 894 993 poterat.
948 941 1102 982 Cicero

216 1014 298 1054 pro
335 1003 553 1055 Oaecinna‚
580 1009 628 1044 et
657 1015 736 1056 pro
768 1003 898 1045 Corn.
936 1003 1099 1045 Balbo:

214 1061 228 1088 ¹
250 1065 440 1106 Duarum
459 1066 682 1107 civitatum
701 1065 807 1108 civis
834 1079 928 1107 esse
954 1073 1103 1108 nostro

208 1128 308 1181 jure
328 1129 445 1171 civili
462 1141 587 1171 nemo
606 1136 780 1183 potest:
811 1141 896 1172 non
912 1142 1008 1171 esse
1027 1131 1101 1171 hu-

207 1194 281 1245 303
298 1194 490 1236 civitatis
510 1196 634 1247 civis,
655 1197 727 1250 qui
753 1208 799 1238 se
831 1197 903 1238 alii
932 1197 1101 1239 civitati

212 1257 386 1309 dicarit,
404 1259 580 1311 potest?
611 1260 722 1302 Vide
744 1260 908 1303 Anton.
929 1261 1100 1303 Govea-

211 1329 333 1368 num,
351 1321 395 1363 J.
415 1321 465 1363 C.
483 1323 588 1364 Var.
606 1323 728 1365 Lect.
745 1323 840 1367 Jur.
858 1325 984 1366 Civil.
1001 1337 1039 1367 c.
1057 1329 1098 1367 6.

215 1384 373 1426 Schott.
671 1407 674 1410 ⁴

269 1447 411 1501 Itaque
421 1449 570 1501 aliquot
585 1450 664 1502 ipsi
673 1454 712 1491 et
728 1450 870 1491 Philioe
883 1451 977 1491 locis
987 1463 1096 1492 sonc-

210 1511 380 1554 'tissimis
392 1513 622 1566 posuerunt]
651 1514 816 1555 Extant
835 1516 965 1556 variae
993 1515 1095 1557 doc-

213 1579 355 1617 torum
369 1576 424 1618 de
439 1577 631 1619 hocloco
647 1579 958 1621 contentiones.
986 1580 1096 1621 Cum

213 1638 322 1679 Mss.
351 1639 540 1681 habeant
570 1641 745 1693 Phidiae,
777 1647 923 1683 natum
951 1644 1098 1684 est-vi-

210 1702 486 1744 tiosissimum
513 1705 620 1745 illud
642 1706 776 1758 Pilioe,
807 1718 935 1760 quam
954 1711 1099 1749 tamen

214 1765 432 1819 aliquanto
447 1773 544 1820 post
563 1767 745 1808 Athenis
759 1779 1000 1821 regressum
1017 1771 1100 1811 Ro-

211 1840 322 1870 mam
341 1829 512 1871 demum
531 1830 671 1874 duxit.
728 1833 904 1880 Fulvius
920 1833 1100 1876 Ursinus

207 1892 416 1934 eliciebat
422 1894 546 1948 filice.
566 1895 757 1938 Quidam
774 1895 937 1949 Philioe,
951 1896 997 1937 id
1014 1904 1099 1950 est,

213 1956 437 2008 amicitiae;
467 1957 580 2011 quod
602 1958 802 1999 amicitiae
822 1961 964 2001 cultor
985 1967 1101 2003 esset

211 2022 609 2063 constantissimus:
652 2035 780 2076 quam
811 2023 970 2064 Divam
1002 2023 1100 2066 doc-

210 2084 345 2126 tiores
376 2086 421 2127 in
441 2091 637 2127 veterum
666 2088 953 2129 monumentis
982 2088 1099 2142 igno-

210 2154 324 2190 rant.
362 2149 530 2203 Lipsius
561 2150 639 2202 ipsi
671 2155 710 2191 et
739 2149 855 2191 Fidei
882 2150 1099 2193 divinabat

210 2211 355 2253 Elect.
373 2223 406 2254 1.
426 2215 493 2254 14.
550 2213 677 2256 Quod
709 2213 912 2255 Schottus
940 2214 1097 2268 impro-

210 2274 303 2328 bat,
318 2288 458 2331 neque
477 2277 628 2318 melius
647 2276 749 2331 qnid
769 2278 984 2320 extundit.
1021 2279 1097 2320 Et-

209 2338 249 2379 si
266 2349 485 2393 nunquam
501 2351 583 2392 ego
603 2339 647 2380 id
665 2351 810 2381 verum
835 2340 1097 2393 judicarim3

210 2407 356 2451 tamen
369 2409 469 2444 ante
481 2402 820 2457 quinquennium
838 2404 964 2447 Anno
975 2409 1096 2447 1625.

208 2465 255 2507 in
274 2464 475 2507 familiari
503 2466 716 2521 colloquio
747 2467 948 2521 Lugduni
967 2469 1098 2510 Bata-

208 2537 362 2569 vorum
380 2540 644 2582 magnopere
661 2530 763 2570 mihi
782 2531 1098 2574 commendavit

209 2590 569 2632 Emendationem
605 2592 704 2634 Jani
749 2593 978 2648 Rutgersl,
1018 2595 1096 2636 viri

210 2654 404 2708 longiore
437 2655 527 2696 vita
558 2655 813 2708 dignissimi,
851 2657 988 2709 Itaque
1023 2659 1095 2699 ali·

210 2722 303 2771 quot
340 2719 474 2772 Pnyce
493 2723 531 2760 et
556 2719 702 2760 Poecile
717 2719 812 2760 locis
827 2721 1096 2770 sanctissimis,

212 2781 383 2823 Clariss.
430 2788 477 2823 et
524 2783 718 2823 Doctiss.
757 2783 811 2826 P.
840 2783 1095 2828 Scriverius.

210 2845 403 2898 Vulgata
419 2846 607 2887 lectione
621 2846 834 2900 deceptus
852 2847 909 2888 V.
935 2849 1000 2890 el.
1019 2849 1096 2892 Jo-

211 2922 346 2952 anues
362 2911 575 2952 Meursius
597 2917 722 2965 putat
741 2924 892 2955 revera
908 2918 1095 2956 statuam

207 2974 334 3016 Piliae
368 2975 551 3028 positam
581 2975 692 3017 libro
722 2986 791 3018 111.
810 2979 852 3018 8.
907 2976 1096 3020 Athena-

209 3049 304 3079 rum
324 3038 465 3080 Attic.
504 3038 705 3080 Gebhard.

265 3101 387 3142 Hunc
402 3101 517 3153 euim,
536 3101 623 3154 qua]
665 3102 777 3144 Haec
804 3102 858 3144 ad
892 3103 1094 3147 Phidiam

209 3163 322 3218 (sive
340 3163 454 3204 aliud
475 3163 551 3204 sed
572 3165 650 3205 viri
682 3177 838 3207 nomen
858 3165 966 3221 fuit)
985 3167 1094 3210 refe-

210 3229 346 3270 renda
397 3235 503 3282 puto
550 3242 647 3271 cum
692 3232 907 3274 Manutio.
977 3234 1093 3276 Sane

206 3303 294 3333 non
321 3291 404 3333 fuit
432 3303 537 3332 uxor
555 3291 694 3335 Attici
712 3294 872 3336 honore
892 3307 1093 3349 superva-

190 3366 290 3396 ‘cuo
310 3361 355 3395 et
369 3353 580 3395 immerito
598 3356 826 3397 oneranda.
860 3356 1040 3400 Boecler.

264 3418 448 3459 Actorem
485 3417 771 3470 auctoremque]
810 3418 895 3460 Ms.
925 3419 1095 3463 Schotti

210 3479 381 3522 inverso
418 3481 568 3523 ordine
618 3486 812 3522 auctorem
838 3486 1093 3537 actoremque.

209 3542 377 3596 Bosius.
446 3546 584 3587 Recte
641 3551 770 3587 vocat
814 3549 1014 3596 actorem5
1060 3548 1094 3588 is

1940 296 2049 350 679

1165 426 1277 469 euim
1312 428 1528 469 communi
1561 427 1763 470 mandato
1800 440 1972 470 caussas
2004 436 2049 471 et

1164 492 1264 532 lites
1281 492 1574 534 universitatis
1589 492 1941 546 persequebatur.
1978 492 2048 534 Ab

1165 554 1500 596 Atheniensibus
1551 556 1852 608 appellabatur
1889 556 2049 610 ἔκδικος,

1164 618 1235 671 qui
1250 618 1361 659 Gaio
1373 618 1400 659 J
1406 619 1488 659 Cto
1500 617 1586 660 fuit
1596 619 1803 673 syndicus
1816 621 1891 662 lib.
1907 632 1942 662 r.
1958 634 2046 663 sec.

1167 685 1206 721 l.
1244 681 1303 723 D.
1359 682 1486 724 Quod
1520 683 1815 736 cujuscunque
1860 685 2046 726 univers.

1163 754 1277 784 nom.
1310 749 1476 796 agatur.
1521 745 1660 786 Ernst.
1717 747 1817 787 Non
1853 747 2047 789 dissimu-

1163 806 1296 847 landa
1321 807 1585 860 quorundam
1604 807 1709 850 libb.
1735 809 1864 851 lectio
1878 810 1922 852 in
1942 812 2049 852 omni

1161 871 1437 923 procuratione
1483 872 1586 924 reip.
1627 872 1826 925 publicum
1859 878 2042 916 actorem.

1164 935 1314 976 Boecl.
1350 935 1516 977 Tollius
1534 936 1708 978 innotis
1727 936 1782 977 ad
1811 936 2047 980 Ausonium

1164 998 1348 1039 alterum
1359 1011 1382 1039 a
1396 998 1582 1041 librariis
1593 999 1787 1041 additum
1797 1002 2050 1054 suspicatur.

1165 1061 1375 1103 Solebant
1407 1062 1523 1103 enim
1557 1062 1620 1103 illi
1670 1064 1811 1105 varias
1844 1065 2048 1106 lectiones

1163 1126 1344 1178 margini
1378 1126 1563 1178 illinere,
1595 1139 1691 1181 quae
1710 1127 1867 1170 deinde
1887 1129 1929 1170 in
1947 1141 2048 1170 con-

1164 1197 1330 1232 textum
1356 1191 1610 1244 migravere.
1663 1193 1717 1233 In
1736 1193 1883 1246 primis
1903 1199 2047 1235 autem

1155 1255 1206 1295 in
1239 1255 1308 1309 iis,
1343 1255 1419 1296 ubi
1445 1256 1572 1297 litera
1600 1270 1627 1297 u
1655 1269 1752 1297 cum
1786 1257 1925 1298 vocali
1962 1258 2046 1298 alia

1163 1320 1454 1372 conjungitur.
1531 1321 1630 1361 Non
1667 1321 1782 1362 enim
1819 1333 1872 1362 ea
1918 1322 2047 1363 seriei

1161 1389 1401 1426 ceterarum
1453 1383 1674 1424 literarum
1723 1385 2045 1436 includebatur,

1160 1445 1241 1487 sed
1273 1457 1404 1498 supra
1441 1453 1610 1488 ceteras
1649 1448 1936 1501 scribebatur,
1964 1450 2045 1489 hoc

1156 1562 1286 1605 modo
1308 1527 1493 1606 «retorem.
1548 1563 1676 1606 Unde
1707 1571 1808 1618 post
1840 1572 1949 1608 ortae
1970 1566 2047 1606 du-

1160 1629 1405 1682 bitationes,
1423 1635 1470 1671 et
1487 1630 1816 1672 allucinationes
1837 1632 2048 1684 plurima,

1159 1691 1427 1746 fugientibus
1446 1694 1689 1748 praesertim
1707 1703 1799 1748 prae
1827 1701 2046 1737 vetustate

1159 1756 1314 1799 literis.

1213 1820 1515 1875 Auctoremque]
1529 1821 1720 1864 Subaudi
1732 1824 1955 1865 secuudum.
1969 1824 2004 1864 A
2012 1830 2047 1865 t>-

1163 1885 1236 1939 qui
1253 1885 1314 1927 sic
1332 1886 1496 1940 optime
1516 1899 1613 1928 cum
1645 1887 1922 1940 praecedente
1942 1901 2047 1929 voce

1161 1950 1378 1992 convenit.
1447 1949 1663 1991 Auctores
1696 1957 1841 1992 autem
1869 1953 2046 1993 secundi

1160 2012 1433 2066 fidejussores
1449 2020 1574 2055 erant
1592 2014 1647 2055 ob
1661 2015 1920 2056 evictionem
1941 2017 2046 2057 dati.

1164 2077 1277 2120 Quae
1317 2089 1401 2118 vox
1433 2077 1589 2118 deinde
1641 2079 1850 2119 translata
1884 2087 1951 2121 est
1992 2082 2046 2121 ad

1164 2151 1289 2181 omne
1320 2152 1453 2192 genus
1482 2142 1812 2192 procurationis.
1868 2143 1954 2184 Adi
1975 2146 2049 2185 Ul-

1163 2202 1277 2256 pian.
1294 2203 1337 2244 iu
1354 2203 1429 2246 lib.
1448 2214 1511 2244 ιν.
1539 2204 1594 2245 D.
1614 2205 1668 2245 de
1686 2206 1831 2247 Evict.
1865 2207 2001 2249 Ernst.

1215 2266 1267 2307 In
1305 2279 1382 2319 qua
1414 2267 1654 2309 domicilium
1688 2269 1793 2309 orbis
1828 2272 2044 2324 terr-amm]

1163 2327 1312 2370 Infra:
1342 2331 1355 2353 ‘
1377 2330 1484 2371 Cum
1505 2343 1552 2371 se
1573 2338 1755 2386 uterque
1782 2334 2047 2387 Principem,

1160 2404 1247 2434 non
1285 2394 1423 2435 solum
1459 2395 1578 2436 urbis
1623 2397 1786 2449 Romae,
1821 2399 1897 2438 sed
1932 2400 2047 2440 orbis

1161 2463 1372 2498 terrarum
1401 2471 1496 2500 esse
1533 2460 1765 2503 crederet!
1807 2463 2019 2503 Martialis
2036 2479 2044 2504 :

1159 2522 1173 2544 ⁴
1201 2523 1425 2564 Terrarum
1451 2524 1550 2564 Dea
1581 2525 1858 2578 gentiumque
1893 2526 2047 2578 Roma,

1162 2585 1244 2626 Cui
1263 2598 1343 2638 par
1361 2591 1428 2627 est
1445 2586 1566 2638 nihil,
1585 2593 1630 2627 et
1654 2588 1760 2627 nihil
1779 2590 2044 2630 secundum!

1163 2648 1232 2690 Ad
1253 2649 1367 2702 quod
1387 2651 1580 2703 respexit
1599 2652 1694 2692 Sex.
1708 2652 1736 2693 J
1742 2653 1798 2692 ul.
1814 2654 2044 2694 Frontinus

1160 2711 1236 2754 lib.
1257 2723 1310 2753 ιι.
1324 2712 1381 2754 de
1396 2713 1721 2766 aquaeductibus
1737 2714 1852 2755 urbis
1870 2717 2015 2757 Romae
2032 2731 2043 2759 :

1159 2778 1172 2800 ‘
1193 2777 1366 2830 Sentit,'
1381 2777 1538 2831 inquit,
1568 2778 1580 2800 ‘
1599 2779 1708 2820 hanc
1733 2791 1878 2820 curam
1899 2780 2043 2833 Impe-

1160 2841 1318 2881 ratoris
1350 2841 1527 2894 piissimi
1559 2842 1719 2884 Nervae
1751 2844 1959 2898 principis
1979 2847 2044 2886 sui

1161 2904 1326 2957 Regina
1353 2910 1399 2946 et
1417 2904 1606 2946 Domina
1627 2906 1742 2947 orbis
1769 2907 1936 2958 indies;
1965 2910 2044 2962 [le-

1159 2979 1215 3021 go
1232 2968 1423 3021 indigem]
1459 2970 1570 3011 Quas
1589 2974 1803 3010 terrarum
1823 2971 1918 3012 Dea
1942 2985 2043 3014 con-

1158 3031 1292 3084 sistit,
1318 3032 1390 3073 cui
1423 3044 1504 3085 par
1532 3037 1602 3073 est
1631 3033 1752 3085 nihil,
1782 3039 1827 3074 et
1847 3035 1950 3075 nihil
1978 3048 2041 3076 se-

1157 3094 1376 3136 cundum!
1416 3095 1570 3137 Schott.
1638 3097 1820 3138 Cicero:
1865 3100 1878 3121 ‘
1900 3098 2041 3139 Roma

1157 3170 1234 3198 arx
1252 3158 1442 3199 omnium
1462 3159 1704 3199 terrarum!
1734 3160 1791 3199 Et
1807 3160 1849 3200 in
1868 3161 2042 3205 Catiliu.

1157 3224 1169 3245 ‘
1190 3223 1283 3263 Lux
1303 3223 1436 3263 Orbis
1454 3229 1735 3274 terrarum,et
1755 3236 1831 3265 arx
1851 3226 2038 3268 omnium

1158 3286 1377 3338 gentium)
1403 3286 1590 3339 Philipp.
1604 3297 1668 3327 vr.
1696 3288 1709 3310 ⁴
1729 3288 1836 3331 Quis
1853 3302 2039 3345 uuquam

1158 3352 1290 3392 tantis
1309 3351 1478 3404 opibus,
1498 3354 1630 3394 tantis
1650 3354 1777 3396 rebus
1791 3357 1924 3409 gestis
1944 3358 2042 3408 fuit,

1157 3415 1230 3469 qui
1250 3427 1296 3456 se
1316 3414 1367 3458 P.
1382 3416 1435 3457 R.
1449 3417 1658 3471 victoriis,
1669 3418 1941 3476 dominaeque
1954 3437 2039 3465 om-

1157 3476 1273 3518 nium
1293 3479 1480 3532 gentium
1501 3486 1726 3532 patronum
1741 3484 1888 3526 dicere
1909 3489 2037 3527 aude-

1158 3542 1265 3583 ret?’
1286 3542 1812 3588 Horat.0d.1v.4.Lamb.
1836 3550 1904 3589 Do
1919 3550 2036 3601 cnjus
