2306 3900
322 255 433 311 618

322 388 641 441 ἀποσφάττουσιν
659 388 789 431 αὐτόν.
819 389 943 431 Idem.

375 454 415 493 A
436 453 676 505 custodibus]
702 453 867 495 Quibus
888 453 1094 505 assignari
1114 465 1213 494 eum

320 515 567 567 Antigonus
594 521 884 570 praeceperat.
928 517 1031 559 vid.
1049 517 1212 560 Justin.

321 590 420 621 xiv.
436 583 477 620 4.

376 642 490 684 CAP.
509 645 576 683 13.
605 642 763 696 Septem
789 635 911 684 mos
930 643 1118 696 Philippo
1142 655 1211 695 up·

319 706 555 759 punisset]-
593 708 702 748 Mss.
733 707 934 748 Boecleri
961 714 1009 748 et
1038 706 1213 760 quidam

319 771 428 812 editi
476 772 698 825 paruisset.-
755 773 870 826 quod
905 773 1081 825 Magius
1119 784 1214 812 cor-

320 841 499 888 ruptum
513 842 653 888 putat.
693 836 706 859 ‘
726 836 893 877 Parere
907 835 920 854 ⁹
938 841 1083 876 tamen
1097 835 1212 876 idem

319 911 417 941 esse
447 900 561 954 qnod
589 911 818 952 apparere,
847 900 1008 941 dudum
1052 900 1213 942 eruditi

320 967 594 1003 monuerunt.
631 962 793 1004 Rosius.

382 1025 484 1076 Uni]
531 1025 771 1066 Verissima
796 1027 1010 1068 correctio
1041 1026 1211 1068 Freins-

318 1088 450 1129 hemii
463 1101 542 1141 pro
553 1089 748 1142 uni,vur.
763 1089 843 1144 (sc.
861 1088 1015 1144 annos)
1025 1090 1211 1143 legentis

316 1153 361 1193 in
373 1159 604 1194 comment.
619 1153 674 1194 ad
688 1154 900 1196 Curtium.
933 1153 1082 1195 Annos
1096 1154 1210 1195 enim

318 1222 461 1269 putat,
480 1222 530 1257 et
555 1217 660 1257 nihil
693 1216 860 1259 facilius
889 1217 990 1270 fuit,
1007 1231 1133 1273 quam
1159 1223 1211 1259 nt

320 1286 426 1322 nota
438 1281 603 1321 numeri
617 1283 824 1322 transiret
837 1283 879 1322 in
892 1295 1057 1324 vocem.
1075 1284 1211 1324 Boed-

374 1345 637 1386 Macedonum
665 1345 861 1398 perjurio]
914 1345 957 1387 A
992 1359 1077 1400 quo
1113 1348 1209 1399 ipse

318 1407 403 1450 sibi
420 1415 575 1462 postea
592 1411 747 1450 metuit
765 1409 1014 1463 Antigonus
1030 1424 1044 1461 ;
1074 1423 1209 1464 qnare

317 1484 394 1514 eos
423 1474 582 1514 callida
598 1473 765 1514 ratione
784 1474 1003 1526 separavit
1025 1479 1073 1515 et
1091 1475 1210 1527 quasi

316 1548 376 1578 ex
408 1537 544 1578 oculis
573 1538 748 1579 amovit.
799 1538 992 1590 Polyaen.
1020 1538 1066 1579 in
1088 1538 1211 1579 Anti-

322 1613 436 1653 gono
466 1601 541 1642 lib.
564 1613 628 1643 ιν.
659 1606 726 1643 15.
771 1601 991 1653 Ἀντίγονος
1016 1601 1107 1644 τοὺς
1133 1602 1218 1655 Ἀρ-

321 1663 578 1718 Ύυράσπιδας,
593 1663 631 1706 οἳ
644 1664 715 1705 τὸν
731 1665 880 1716 Εὐμενῆ
901 1665 1101 1716 δεσμώτην
1117 1666 1221 1717 αὐτῷ

320 1726 562 1781 παρέδωκαν,
577 1727 736 1779 ἐτίμησε
746 1730 912 1782 δωρεαῖς.
938 1727 993 1770 Τὸ
1003 1727 1046 1770 δὲ
1056 1727 1222 1770 ἄπιστον

324 1791 455 1850 αὐτῶν
484 1790 789 1843 φυλαττόμενος,
813 1792 964 1844 χιλίους
988 1792 1062 1844 μὲν
1090 1793 1216 1835 αὐτῶν

321 1855 443 1901 ἔδωκε
472 1858 699 1912 συμμάχους
725 1858 821 1901 εἶναι
848 1860 1033 1914 Σιγυρτίῳ
1058 1863 1115 1912 τῷ
1141 1873 1215 1901 σα-

320 1924 451 1979 τράπῃ
469 1927 542 1973 τῆς
553 1924 806 1978 Ἀραχωσίας.
821 1925 1132 1979 Inquirendum
1147 1930 1216 1966 est

319 1989 365 2029 in
399 2001 550 2029 verum
581 2000 737 2029 nomen
775 1989 866 2041 ejus
901 1989 1112 2042 Satrapis,
1141 1988 1214 2042 qni

319 2052 567 2094 Arachosiis
593 2057 696 2093 tunc
718 2060 922 2105 praeerat,
939 2058 984 2093 et
1002 2053 1071 2093 cui
1090 2052 1208 2094 mille

318 2117 659 2170 Argyraspidum
696 2116 921 2168 suppetias
962 2115 1093 2157 missi:
1167 2114 1209 2156 A

319 2180 526 2232 Polyaeno
549 2180 794 2232 appellatur
812 2177 1026 2233 Σιγύρηος.
1076 2178 1210 2219 Diod.

320 2242 397 2284 lib.
430 2253 528 2284 xlx.
569 2241 768 2296 Σιβύρτιος
814 2241 900 2293 μὲν,
946 2242 1105 2296 inquit,
1141 2243 1211 2290 τῆς

318 2305 564 2359 Ἀραχωσίας
596 2305 810 2357 ἡγούμενος
835 2305 1043 2360 παρείχετο
1071 2305 1215 2358 πεζοὺς

320 2367 394 2424 μὲν
428 2368 593 2420 χιλίους.
655 2369 844 2420 Propius
886 2370 942 2409 ad
974 2380 1137 2421 verum,
1166 2374 1214 2409 et

319 2432 438 2474 uude
456 2445 629 2486 quoqne
647 2432 702 2473 de
719 2432 823 2473 vitio
851 2432 991 2485 liquet
1011 2433 1211 2473 lectionis

321 2496 438 2549 apud
455 2497 710 2549 Polyaenum
727 2497 800 2544 τῆς
813 2493 1006 2548 Ἀραβίας.
1041 2496 1214 2536 Plutar-

320 2559 424 2599 chus
439 2570 610 2611 quoque
629 2564 856 2611 corruptus
871 2558 953 2599 hoc
969 2558 1016 2598 in
1039 2558 1212 2599 nomine

320 2630 391 2667 est
410 2639 421 2666 z
441 2624 538 2666 Τοὺς
550 2623 852 2678 Ἀρνγυράσπιδας
862 2622 1080 2678 παρέδωκεν
1089 2625 1211 2678 Ἰβρυ-

324 2690 395 2741 τίῳ
412 2691 470 2740 τῳ·
488 2690 685 2730 διοικοῦντι
696 2688 769 2738 τὴν
779 2687 1035 2742 Ἀραχωσίαν.
1056 2690 1211 2742 Neque

319 2765 405 2794 non
421 2759 467 2794 et
482 2752 712 2795 Arrianus:
741 2752 895 2794 Θόαντα
904 2751 946 2793 δὲ
960 2752 1213 2806 σατραπεύειν

315 2820 398 2858 τῶν
413 2817 539 2873 ταύτῃ
558 2816 679 2870 ἔταξε.
725 2816 871 2860 Τούτου
896 2817 939 2859 δὲ
958 2817 1057 2871 νόσῳ
1079 2825 1210 2859 τελευ-

687 270 868 310 No'rAE
913 268 1250 310 VAmoRUM
1293 270 1355 310 IN
1401 271 1457 312 C.
1496 270 1760 316 NEPO'I'IS

1276 389 1496 441 τησαμένου
1521 390 1710 448 Σιβίρνιος
1745 389 1819 439 τὴν
1842 391 2076 444 σατραπείαν
2106 393 2168 434 ἐκ·

1280 453 1452 506 δέχεται.
1498 455 1746 508 Legendum
1765 455 1880 508 apud
1901 456 2004 496 istos
2021 467 2168 498 omnes

1280 517 1495 571 Σιβύρτιος.
1540 519 1738 560 Fundum
1763 520 1901 560 habeo
1928 520 2057 572 hujus
2077 533 2170 562 cor-

1279 581 1482 622 rectionis
1498 582 1553 625 Ω.
1575 583 1699 623 Curt.
1714 583 1791 623 lib.
1805 586 1951 623 1253.
1977 583 2170 636 ‘Propo-

1279 644 1364 684 sito
1392 645 1526 698 igitur
1556 645 1722 698 regioni
1749 646 1940 687 Siburtio
1965 646 2168 701 (namque

1277 708 1487 750 Memnon
1506 708 1742 762 praefectus
1759 709 1850 762 ejus
1869 722 2008 762 nuper
2024 709 2171 751 interi-

1276 777 1374 812 erat
1392 772 1562 826 morbo)
1580 774 1626 813 in
1653 774 1925 815 Carmaniam
1956 776 2050 827 ipse
2071 787 2169 828 pro-

1279 838 1439 878 cessit.’
1474 838 1708 879 Sciendum
1739 845 1886 880 autem
1910 844 1988 880 -est
2012 852 2068 880 ex
2093 840 2169 880 lib.

1283 911 1365 942 vu.
1385 904 1452 942 16.
1501 901 1777 942 Memnonem
1797 914 1824 942 a
1843 902 1963 955 Rege
1984 901 2170 944 Aracho-

1279 965 1353 1006 siis
1367 969 1604 1017 praetorem
1624 965 1771 1005 datum
1784 970 1969 1018 quatuor
1981 965 2169 1008 niuibus

1278 1030 1475 1083 peditum
1517 1035 1564 1070 et
1598 1029 1818 1070 sexcentis
1863 1029 2083 1084 equitibus
2124 1030 2170 1071 in

1278 1094 1525 1148 praesidium
1562 1093 1742 1135 relictis.
1769 1125 1776 1133 „
1813 1093 2040 1136 Praeterea
2066 1094 2170 1137 Dio-

1276 1157 1425 1208 dorus,
1445 1157 1602 1210 ipsum,
1631 1156 1747 1209 apud
1772 1169 1899 1210 quem
1917 1157 2044 1210 hujus
2075 1169 2174 1210 pur·

1276 1221 1423 1274 pnrati
1446 1232 1603 1261 nomeu
1636 1220 1856 1272 integrum
1887 1221 2067 1274 restitit,
2093 1221 2169 1262 lib.

1278 1295 1415 1326 XVIII.
1466 1283 1544 1324 Καὶ
1575 1285 1766 1337 Σιβυρτίῳ
1796 1283 1868 1336 μὲν
1897 1284 2038 1327 ἔδωκεν
2060 1285 2173 1339 Ἀρα-

1277 1347 1431 1401 χωσίαν
1451 1348 1516 1389 καὶ
1531 1347 1764 1402 Κεδρωσίαν.
1791 1349 1996 1404 Denique
2007 1351 2038 1393 J
2042 1351 2169 1392 nstin.

1279 1413 1354 1453 lib.
1375 1424 1482 1454 xm.
1513 1416 1556 1454 4.
1614 1413 1628 1435 ⁴
1647 1412 1876 1454 Arachosii
1903 1414 2170 1470 Gedrosique

1277 1476 1471 1529 Sibyrtio
1495 1476 1754 1517 traduntur!
1789 1476 1991 1519 Gebhard.

1335 1539 1455 1585 Quod
1489 1552 1598 1580 nemo
1628 1541 1802 1581 Eumene
1829 1541 1918 1582 vivo
1943 1553 2017 1583 rex
2043 1543 2172 1595 appel·

1284 1604 1388 1644 latus
1416 1602 1495 1654 est]
1560 1603 1673 1646 Quia
1710 1604 1805 1657 ipse
1840 1606 2057 1646 Eumenes
2091 1616 2170 1646 rex

1285 1671 1408 1707 erat:
1437 1677 1572 1719 quare
1591 1678 1618 1706 a
1638 1666 1774 1708 Snida
1790 1673 1970 1710 vocatur
1985 1667 2173 1715 βασιλεὺς

1286 1726 1532 1770 Μακεδόνων.
1585 1729 1644 1769 Et
1670 1730 1817 1781 paullo
1844 1736 1971 1783 pontt
2004 1730 2103 1784 ἀνὴρ
2129 1733 2172 1772 ἐν

1282 1792 1356 1844 μὲν
1385 1793 1471 1836 τοῖς
1487 1791 1689 1835 πλείστοις
1713 1792 1866 1835 οὐδενὸς
1891 1792 2069 1848 δεύτερος
2092 1797 2173 1836 τῦν

1282 1858 1366 1899 καθ’
1401 1857 1521 1899 αὑτὸν
1553 1855 1754 1904 βασιλέων
1780 1858 2000 1909 γενόμενος.
2057 1861 2170 1903 Vide

1281 1923 1444 1964 ibidem
1465 1923 1604 1975 plura.
1646 1923 1846 1964 Ennius.

1335 1986 1578 2039 Propinquus
1590 1985 1674 2035 <ius
1683 1985 1963 2039 sepeliendumJ
1982 1987 2170 2040 Propter

1283 2049 1534 2101 amicitiam,
1563 2061 1691 2103 quam
1716 2049 1818 2090 olim
1847 2062 1946 2091 cum
1974 2051 2168 2093 Eumene

1276 2115 1375 2155 vivo
1407 2117 1699 2155 contraxerat.
1750 2113 1831 2154 Διὰ
1855 2112 1900 2154 δὲ
1927 2114 2003 2163 τὴν
2029 2129 2170 2170 *pove-

1279 2174 1651 2228 Ὺενημένηνφιλίαν.
1679 2176 1975 2219 Βίοᾶοῐ.ΧῐΧ.
2003 2178 2168 2221 Confer

1280 2240 1579 2283 Plutarchum.
2047 2276 2050 2280 .

1334 2303 1403 2344 Aa
1436 2307 1619 2355 matrem,
1647 2308 1766 2357 utque
1796 2306 1981 2359 uxorem]
2035 2305 2168 2348 Diod.

1281 2365 1385 2418 Πρὸς
1400 2364 1495 2406 τοὺς
1506 2364 1680 2409 οἰκείους.
1707 2368 1934 2410 Plutarch.
1969 2371 2166 2424 Τῇγιναι-

1282 2430 1338 2483 oei,
1370 2430 1514 2471 ἐντοῖς
1537 2429 1661 2471 παισί.
1705 2432 1828 2472 Uxor
1851 2437 1948 2474 erat
1964 2433 2166 2485 Barsine,

1276 2495 1451 2536 natione
1485 2493 1684 2547 Persica,
1717 2495 1928 2538 Artabazi
1971 2496 2076 2550 filia,
2109 2510 2166 2538 ex

1278 2570 1364 2613 qua
1380 2558 1516 2600 filium
1546 2558 1784 2599 Herculem
1814 2559 2006 2613 suscepit
2033 2560 2165 2602 Alex-

1278 2621 1429 2663 ander.
1479 2621 1682 2662 Meminit
1715 2622 1838 2663 Curt.
1864 2632 1913 2664 x.
1932 2625 1975 2663 6.
2004 2629 2053 2664 et
2077 2624 2165 2665 alii.

1279 2685 1367 2728 Sed
1387 2685 1503 2739 apud
1521 2685 1810 2739 Porphyrium
1828 2691 2030 2741 corrupte
2046 2687 2164 2739 legas

1278 2749 1477 2805 Μαιοσίνης
1495 2762 1574 2805 pro
1590 2749 1789 2803 nepetam.
