2306 3900
339 232 447 285 708

342 359 487 411 brum,
506 359 647 399 omnia
667 371 764 412 quae
798 371 877 411 per
913 359 1008 399 dies
1039 364 1222 412 quatuor

339 425 470 464 latius
491 423 679 474 dixerat,
701 427 917 463 coartasse
956 422 1064 463 dicit
1099 423 1222 464 Cice·

342 498 508 536 ronem,
544 485 694 537 Nepos
725 497 839 526 vero·
866 485 1034 537 iisdem,
1069 486 1221 539 quibus

341 548 462 588 edita
496 554 565 588 est
598 547 756 598 verbis,
785 553 1044 600 peroratam.
1111 549 1222 590 Quae

342 623 535 664 pugnare
551 611 764 651 videntur.
791 611 995 652 Meminit
1009 611 1102 663 ejus
1113 611 1224 653 Ora·

343 673 492 723 tionis,
510 678 669 726 praeter
685 673 1038 715 Fortunatianum
1052 679 1097 728 et
1108 675 1226 715 Mar·

342 736 490 776 cianus
523 736 704 788 Capella
743 736 787 776 in
822 737 1002 778 Rhetor.
1044 744 1225 790 uterque

340 800 430 851 ille,
464 799 552 839 Pro
583 800 784 843 Cornelio
817 799 1067 851 Majestatis
1088 807 1225 841 vocat.

345 863 447 913 Hic,
468 864 512 903 in
534 866 747 916 oratione,
772 864 924 917 inquit,
958 865 1047 904 Pro
1067 865 1226 905 Corne·

343 926 416 978 lio,
432 926 572 979 primo
593 926 784 967 refutata
803 932 904 968 sunt
918 926 1114 979 crimina,
1131 939 1228 979 quae

349 996 500 1030 secuta
520 995 619 1030 sunt
634 989 916 1030 Tribunatum
934 1003 945 1030 ι
976 995 1074 1042 post
1093 989 1148 1030 ad
1164 990 1228 1042 ip·

345 1064 436 1093 sum
454 1052 738 1093 Tribunatum
759 1065 956 1093 recursus
987 1059 1055 1092 est
1073 1051 1227 1103 factus,

345 1127 439 1168 quae
456 1115 680 1168 dispositio
699 1115 952 1167 artificialis,
968 1120 1017 1155 ut
1029 1115 1229 1166 diximus,

343 1179 600 1218 nominatur.
657 1179 899 1219 Secundam
919 1179 1050 1219 etiam
1071 1191 1150 1230 pro
1177 1179 1226 1219 C.

349 1242 568 1292 Cornelio,
589 1256 612 1282 a
633 1242 845 1295 Pediano,
871 1242 944 1283 ubi
964 1242 1018 1282 de
1034 1242 1144 1282 illius
1164 1254 1229 1281 se-

345 1303 502 1344 ditioso
535 1305 788 1356 Tribunatu,
834 1305 1012 1358 aliisque
1062 1304 1229 1345 laudari

349 1367 491 1409 video.
521 1368 674 1408 Schott.

430 1505 581 1546 Eersr.
610 1516 672 1546 AD
701 1503 924 1544 ClcERou.
982 1505 1085 1546 Lm.
1115 1515 1146 1544 1.

399 1633 444 1661 v.
476 1621 717 1672 Magistrum
735 1633 814 1661 esse
829 1625 963 1672 putem
980 1621 1074 1661 vitoe
1098 1622 1231 1662 Philo·

344 1685 541 1737 sophiam]
570 1683 779 1724 Alludere
806 1683 980 1723 videtur
1013 1683 1068 1723 ad
1089 1682 1246 1724 locum>

345 1749 565 1789 Ciceronis
585 1748 747 1800 Nepos,
773 1748 846 1800 qui
874 1752 1017 1787 exstat
1047 1747 1092 1786 in
1121 1747 1229 1787 Tus-

349 1812 511 1852 culanis
532 1810 884 1853 Quaestionibus:
914 1810 926 1832 ‘
941 1811 981 1852 Ο
1012 1811 1111 1851 vitae
1132 1811 1232 1851 Phi-

345 1874 544 1926 losophia
562 1874 677 1915 dux:
709 1887 734 1914 o
768 1874 940 1914 virtutis
973 1873 1238 1926 indagatrix,

344 1939 648 1992 expultrixque
692 1939 894 1979 vitiorum
920 1952 931 1979 t
988 1938 1090 1991 quid
1147 1951 1230 1979 non

347 2003 475 2043 modo
495 2015 582 2054 nos,
613 2002 688 2042 sed
708 2003 878 2042 omnino
906 2003 996 2042 vita
1013 2002 1231 2056 hominum

350 2065 445 2105 sine
483 2070 529 2105 te
567 2076 661 2104 esse
701 2064 947 2117 potuisset?
1009 2065 1066 2104 Et
1103 2077 1229 2104 mox:

348 2127 441 2166 ‘Tu
482 2127 701 2167 inventrix
736 2128 895 2179 legum,
943 2133 991 2167 tu
1029 2128 1233 2177 magistra

346 2201 514 2230 morum
531 2196 579 2230 et
598 2189 839 2241 disciplinae
860 2189 1008 2231 fuisti!
1067 2191 1159 2231 Lib.
1180 2202 1232 2231 11.

346 2252 359 2275 ‘
375 2253 427 2292 In
449 2265 499 2292 eo
520 2253 726 2304 magistra
746 2254 848 2292 vitae
879 2258 947 2294 tot
963 2255 1110 2294 secula
1140 2267 1233 2306 per-

346 2322 542 2356 maneret
562 2316 872 2367 Philosophia.'
900 2316 1051 2359 Schott.

400 2380 618 2431 Beatoeque
650 2379 746 2419 υἱέα.»
770 2378 1064 2431 perfectricem]
1120 2379 1233 2420 Vide

347 2440 588 2481 Arnobium
619 2441 694 2481 lib.
726 2453 776 2482 u.
824 2441 1028 2483 adversus
1066 2448 1232 2495 gentes.

350 2505 435 2546 Qui
465 2505 476 2527 ‘
498 2502 755 2544 fermentum
774 2503 988 2556 quoddam
1009 2506 1108 2545 vitae
1123 2505 1135 2523 ’
1165 2519 1234 2546 vo·

347 2575 421 2610 cat
445 2570 536 2621 ejus
569 2569 872 2622 cognitionem.
931 2570 1161 2612 Hierocles
1191 2571 1234 2611 in

350 2630 671 2684 Pythagoram:
702 2633 918 2684 Φιλοσοφία
942 2633 1027 2674 ἐστὶ
1050 2633 1152 2685 ζωῆς
1169 2635 1234 2675 ἇν-

352 2697 540 2749 θρωπίνης
558 2695 754 2749 κώταρσις,
773 2698 836 2738 καὶ
853 2698 1067 2748 τελειότης.
1097 2699 1236 2753 adrap-

350 2774 411 2801 σις
424 2761 511 2812 μὲν,
545 2760 621 2801 ἀπὸ
639 2763 710 2809 τῆς
732 2763 864 2810 ὑλικῆς
892 2763 1055 2813 ἀλογίας
1083 2763 1235 2804 καὶτοῦ

349 2826 593 2873 θνητοειδοῦς
623 2824 814 2875 σώματος.
854 2825 1053 2875 τελειότης
1081 2826 1123 2867 δὲ’
1162 2829 1234 2875 τῆς

352 2887 493 2928 οἰκείας
514 2887 672 2939 εὐζωΐας
695 2887 899 2940 ἀνάληψις,
921 2890 1015 2941 πρὸς
1043 2890 1118 2938 τὴν
1132 2890 1235 2931 θείαν

351 2950 533 3002 ῦμοίωσιν
552 2951 813 3002 hammonem.
844 2953 1045 2994 Keachen.

405 3016 572 3056 Eosdem
590 3016 634 3055 in
664 3016 836 3055 omnium
862 3015 1068 3056 libidinum
1086 3017 1233 3068 cupidi-

346 3079 498 3119 tatibus
512 3077 659 3130 vivere]
688 3077 741 3117 In
774 3077 954 3118 eandem
976 3079 1234 3120 sententiam

349 3142 500 3182 Cicero
534 3142 643 3193 ipse,
671 3153 746 3180 seu
776 3141 967 3194 quisquis
985 3142 1090 3182 alius
1111 3142 1234 3182 indu-

349 3205 464 3245 citur
500 3205 543 3244 in
575 3204 835 3253 Hortensi03
864 3204 908 3244 in
943 3216 1027 3257 quo
1055 3204 1109 3244 de
1143 3205 1234 3244 uni-

349 3274 472 3307 versa
491 3267 787 3319 Philosophia,
804 3273 1075 3320 quantopere
1095 3273 1142 3308 et
1163 3279 1235 3307 ex·

350 3329 539 3379 petenda
554 3337 600 3369 et
620 3330 803 3370 colenda
821 3337 934 3370 esset
951 3342 960 3368 ε
1007 3332 1018 3352 ‘
1034 3330 1232 3382 praecipi·

350 3396 427 3431 unt
447 3393 525 3431 hoc
546 3393 631 3443 isti,
665 3401 710 3434 et
739 3393 845 3435 facit
875 3386 1031 3435 nemo!
1079 3394 1232 3439 Schott.

350 3454 467 3506 Lege
486 3467 577 3507 quae
593 3456 644 3494 ad
665 3455 948 3507 Pomponium
967 3456 1233 3504 notabamus,-

724 246 904 285 NOTAE
945 245 1276 301 vAmonUM
1321 245 1385 284 ΙΝ
1427 246 1480 285 C.
1527 246 1789 286 NEPOTIS

1287 378 1510 420 cremon.
1539 380 1690 420 Eprs‘r.
1718 390 1782 423 An
1812 379 2017 421 Consul..
2047 380 2164 422 Nm».

1555 443 1710 484 Epls‘r.
1733 450 1827 484 mn.
1847 453 1899 482 11.

1340 549 1484 601 Itaque
1501 550 1648 601 nostri]
1694 549 1820 591 Adeo
1849 560 1994 590 carum
2017 550 2164 602 Nepo-

1287 616 1376 653 tem
1395 613 1548 654 Cicero
1566 613 1736 665 habuit,
1753 619 1803 653 ut
1823 613 2042 665 jocoseria
2065 625 2166 655 cum

1288 677 1362 716 illo
1394 688 1483 728 prae
1519 679 1690 718 caeteris
1721 679 1909 719 libenter
1938 678 2170 718 communi-

1289 739 1412 780 carit.
1444 739 1558 780 Vide
1579 741 1722 793 Epist.
1745 742 1799 782 ad
1817 742 1954 782 Attic.
1971 741 2049 782 lib.
2067 753 2165 783 xvr.

1287 806 1328 842 5.
1369 803 1625 843 Ciceronem
1658 815 1761 844 vero
1796 810 1951 844 natura
1976 804 2168 844 dicacem

1289 863 1440 916 fuisse,
1456 871 1501 906 et
1527 866 1811 918 jocularibus,
1839 879 1935 919 quae
1957 872 2004 907 et
2033 866 2171 907 denti·

1291 929 1370 970 bus
1402 941 1487 970 non
1517 935 1734 981 carerent,
1766 931 1947 970 mirifice
1981 930 2171 971 delecta·

1291 999 1396 1044 tum,
1425 1005 1478 1033 ex
1506 993 1618 1046 jocis
1638 994 1712 1034 lib.
1731 1005 1783 1034 ιι.
1813 993 1867 1034 de
1881 993 2068 1034 Oratore
2086 993 2172 1034 dis·

1291 1068 1375 1097 cas.
1448 1057 1696 1098 Macrobius
1724 1059 1854 1098 etiam
1890 1057 2169 1098 Consularem

1292 1132 1482 1160 scurram
1504 1120 1557 1161 ab
1574 1120 1772 1172 inimicis,
1786 1126 1833 1161 ut
1849 1133 1874 1161 a
1891 1121 2082 1172 Vatinio,
2098 1132 2171 1160 au·

1292 1183 1438 1236 diisse‚
1452 1190 1498 1224 et
1517 1197 1542 1224 a
1561 1184 1612 1225 L.
1628 1185 1806 1237 Papirio
1823 1183 1963 1236 Paeto,
1982 1195 2172 1224 scurram

1292 1248 1466 1288 velitem
1483 1247 1768 1300 appellatum,
1798 1247 1997 1288 adfirmat
2024 1247 2172 1289 Satur-

1292 1310 1377 1351 nal.
1395 1310 1470 1350 lib.
1491 1314 1604 1364 ¹¹21·
1633 1310 1784 1352 Schott.

1346 1373 1548 1424 Dicteria]
1595 1373 1756 1415 Nescio
1791 1373 1837 1414 in
1867 1373 2020 1428 quibus
2052 1374 2171 1415 libris

1290 1437 1495 1477 Schottus
1514 1437 1622 1477 hanc
1635 1449 1784 1477 vocem
1801 1438 2029 1478 invenerit.
2058 1439 2172 1479 Nam

1291 1500 1334 1539 in
1366 1499 1542 1552 optimis
1581 1500 1678 1540 edd.
1706 1501 1802 1541 heic
1833 1506 1879 1541 et
1906 1506 2001 1542 toto
2033 1501 2172 1542 isthoc

1293 1563 1438 1615 capite
1458 1565 1567 1604 dicta
1602 1575 1805 1605 excusum
1836 1564 1978 1605 video.
2033 1564 2173 1618 quue

1293 1633 1431 1666 recte.
1488 1629 1586 1668 Uno
1606 1631 1748 1667 tamen
1778 1629 1874 1668 loco
1905 1628 2128 1669 Pontanus
2147 1640 2172 1668 e

1293 1690 1380 1731 Ms.
1401 1690 1508 1732 Cod.
1542 1691 1709 1731 dicteria
1739 1691 1888 1743 reponi
1914 1692 2064 1733 voluit.
2094 1692 2173 1732 Βο-

1294 1766 1395 1795 sius.

1374 1859 1448 1907 An
1477 1872 1669 1902 EUNDEM
1699 1872 1760 1902 nx
1790 1862 1888 1902 Lm.
1917 1870 2101 1902 mezur.

1347 1945 1600 1997 Aggreaerer
1636 1944 1765 1997 donis]
1816 1945 2004 1986 ‘Passive
2047 1945 2174 1996 dixit,

1295 2009 1512 2061 ἐνεδρευθῶ,
1530 2009 1672 2061 inquit
1690 2008 1938 2048 Priscianus
1957 2008 2011 2049 de
2030 2009 2176 2061 signif.

1297 2072 1364 2112 vel
1385 2083 1532 2123 gener.
1561 2070 1746 2112 Verbor.
1775 2070 1901 2110 Idem.

1347 2133 1609 2186 Aspernatur]
1638 2132 1815 2174 Passive
1832 2132 1958 2183 dixit,
1977 2133 2177 2183 ἐξουθενεῖ-

1293 2213 1373 2240 ται.
1448 2198 1571 2239 Idem
1610 2198 1766 2239 Cicero
1803 2209 1856 2238 ex
1897 2196 2176 2238 OEcouomico

1294 2262 1618 2313 Xenophontis:
1646 2262 1816 2302 ‘Homo
1843 2273 1898 2302 ex
1931 2273 1983 2302 eo
2001 2273 2177 2301 numero

1294 2324 1527 2375 hominum,
1554 2324 1627 2376 qui
1661 2324 1774 2375 apud
1809 2335 1886 2362 nos
1905 2323 1986 2363 hoc
2005 2323 2176 2363 nomine

1295 2387 1556 2439 dignantnrf
1585 2387 1755 2439 passive
1775 2386 1975 2436 ἀξιοῦνται.
2004 2385 2116 2426 Vide
2129 2387 2174 2426 id

1296 2460 1428 2501 genus
1457 2449 1681 2490 innumera
1718 2449 1833 2502 apud
1862 2449 2069 2491 Priscian.
2102 2451 2176 2492 lib.

1296 2521 1400 2552 xm.
1430 2511 1584 2552 Schott.

1353 2574 1454 2620 Quis
1470 2576 1678 2615 sententiis
1705 2579 1775 2615 aut
1804 2575 1971 2627 acutior,
1997 2580 2066 2617 aut
2094 2588 2177 2617 cre·

1296 2637 1423 2689 brior]
1465 2637 1588 2678 Idem
1607 2638 1759 2679 Cicero
1777 2638 1834 2679 ad
1850 2639 2178 2692 Brut-:mmm-

1298 2707 1412 2742 tores
1430 2713 1699 2753 enumerans,
1718 2706 1850 2753 negat
1870 2713 1917 2742 se
1929 2701 2093 2752 videre,
2106 2703 2177 2742 cui

1298 2765 1443 2805 Caesar
1480 2764 1639 2805 debeat
1673 2765 1844 2805 cedere.
1911 2765 1969 2804 Et
2003 2763 2177 2805 Atticus

1297 2828 1455 2868 ibidem
1467 2828 1712 2881 judicabat,
1744 2829 1863 2868 illum
1878 2827 2066 2868 omnium
2083 2826 2177 2869 fere

1294 2885 1681 2931 oratorum'Latine
1697 2891 1816 2944 loqui
1831 2891 2150 2942 elegantissime
2165 2905 2177 2941 ς

1297 2953 1517 3005 scripsisse
1533 2959 1579 2992 et
1609 2953 1663 2993 de
1682 2953 1879 3004 analogia
1907 2951 1961 2992 ad
1991 2953 2056 2993 M.
2075 2953 2178 2993 Tul·

1296 3017 1421 3066 lium;
1451 3015 1764 3068 verborumque
1793 3015 2028 3067 delectum,
2050 3016 2178 3068 origi·

1296 3085 1396 3119 nem
1414 3090 1509 3119 esse
1525 3078 1796 3131 eloquentiae,
1828 3079 1972 3119 dicere
1990 3079 2176 3119 solitum.

1297 3141 1384 3181 Sed
1402 3142 1455 3181 de
1475 3141 1539 3181 his
1558 3142 1680 3181 multi
1707 3143 1858 3182 multa.
1888 3141 2011 3182 Idem.
2066 3140 2178 3181 vide

1294 3204 1490 3244 Tacitum
1506 3203 1549 3243 in
1564 3204 1754 3256 Dialogo
1771 3204 1827 3244 de
1848 3204 2053 3244 Oratore.

1350 3266 1473 3307 Nulla
1502 3268 1632 3319 potuit
1664 3278 1743 3307 esse
1762 3264 1963 3316 felicitas]
2005 3265 2072 3304 De
2099 3265 2177 3305 bac

1296 3330 1389 3383 ipsa
1408 3331 1589 3371 Caesaris
1617 3329 1824 3370 felicitate
1843 3330 1997 3370 Cicero
2014 3328 2178 3381 Philip-

1297 3394 1394 3446 pica
1414 3406 1464 3434 11.
1493 3395 1504 3416 ‘
1526 3395 1671 3434 Caesar
1704 3390 2010 3431 Alexandriam
2042 3403 2087 3431 se
2113 3404 2176 3432 re-

1296 3457 1432 3509 cepit,
1458 3456 1578 3507 felix,
1610 3461 1657 3495 ut
1692 3454 1900 3507 siquidem
1920 3453 2174 3495 videbatur:
