2306 3900
732 263 958 304 RERUM
1002 264 1077 303 BT
1122 263 1487 304 VERBORUM.

211 422 228 440 ¹„
255 390 442 443 medimn.
460 395 472 414 ⁸
486 396 637 444 septem
649 389 804 438 modiis’
824 397 1002 432 constare
1020 391 1082 432 di·

257 451 322 483 cat

201 444 383 547 Moenia,
402 498 448 539 L.
465 498 491 539 J
494 499 609 547 olins,
627 503 769 551 praetor
795 511 886 545 xxv,
909 502 959 538 11

201 549 566 605 Μοάἰοει.ςιιρθΙΙεκ
593 566 684 600 xxV,
699 555 751 592 ls
797 552 918 604 (opp.
932 551 1082 604 multa)

203 601 384 645 Modus:
413 606 682 646 admirandum
713 605 755 644 in
785 606 944 645 modum
971 619 1038 652 xv,
1058 609 1083 650 3

255 659 340 710 pari
376 659 497 700 modo.
520 658 599 706 xiv,
619 662 672 700 10
726 672 809 698 non
844 660 928 711 pari
965 659 1085 698 modo

212 753 217 756 .
256 713 324 760 ix,
345 717 366 753 1
395 713 464 752 tali
482 713 600 752 modo
628 726 718 759 xxv,
733 716 785 753 21
835 713 996 751 modum
1013 713 1085 751 ad-

254 766 390 806 hibere
424 765 532 819 (scil.
567 765 611 806 in
646 765 910 819 proferendo)
956 779 1021 812 xv,
1058 770 1085 807 4

255 820 397 867 modus
423 820 547 859 hastae
576 818 821 874 (quantitas)
848 820 903 867 xi,
923 823 947 860 1
991 819 1084 859 Sic:

208 898 226 915 .·
256 873 397 913 modus
411 887 718 921 mensuraexxv,
750 878 777 915 2
820 873 908 927 (Sic
927 886 1086 926 quoque

474 927 484 936 “
583 932 596 951 ι

257 927 402 1028 {2¹:5³⁶}ss
405 927 586 1033 2331}oe
599 927 760 1020 «ἶῖἒῖἕέ
769 926 1087 1033 ῗῖἶιωῗῗῗῖἑῖἒῖῑ

259 1041 272 1058 ’
286 1034 456 1082 tumuli,’
474 1039 487 1058 ‘
501 1034 644 1083 olivae:
663 1034 739 1075 διο.
766 1048 805 1074 v.
887 1034 969 1074 odii
987 1035 1087 1074 Lex-

257 1089 309 1129 ic.
326 1088 644 1141 Scribonianum)

206 1143 358 1182 Moenia
374 1141 506 1194 lignea
518 1141 784 1196 (aenigmatice
797 1142 848 1182 de
861 1141 1015 1196 navib.)
1043 1141 1088 1190 ii,

256 1200 285 1238 2
332 1196 522 1236 moenibus
553 1195 793 1236 circumdare
819 1196 864 1244 ii,
883 1201 910 1236 6
957 1210 999 1236 se
1017 1197 1088 1248 de-v

257 1249 419 1290 fendere
435 1248 554 1303 (opp.
571 1249 726 1290 obviam
745 1250 801 1290 irc
826 1249 954 1304 hosti)
981 1249 1027 1299 ii,
1045 1254 1087 1292 4.

260 1304 292 1350 i,
309 1308 336 1345 4
608 1326 610 1328 ·

207 1353 423 1398 Molestum
452 1370 536 1396 non
565 1371 650 1398 esse
678 1357 795 1399 alicui
829 1356 877 1411 (i.
904 1370 941 1397 e.
960 1356 1089 1397 nullas

259 1410 380 1451 alicui
397 1410 584 1462 pecunias
600 1410 813 1464 imperare)
839 1425 931 1459 xxv,
951 1415 977 1452 ⁷

206 1465 342 1505 Moliri
371 1463 445 1512 (de
477 1471 621 1504 conatu
652 1465 706 1504 rei
725 1464 906 1518 magnae)
947 1464 1014 1510 vii,
1035 1467 1088 1504 10

260 1519 335 1573 (de
367 1517 541 1558 factiosis
578 1516 783 1570 consiliis).
803 1518 857 1566 vi,
890 1522 912 1558 1
960 1516 1089 1557 moliri

262 1571 386 1618 multa
412 1573 487 1626 (de
516 1572 703 1625 Philippo
729 1573 893 1612 Maced.
911 1571 1089 1610 domina-

261 1625 409 1665 tionem
446 1626 652 1678 moliente)
681 1625 764 1674 xiii,
794 1630 819 1668 3
866 1625 1090 1666 molitiones

259 1679 406 1719 viribus
423 1678 589 1731 majores
613 1681 667 1725 ix,
685 1684 710 1719 5

209 1733 375 1773 Molossi
394 1730 512 1786 (gens
530 1731 754 1786 Epirotica)
785 1731 830 1780 ii,
847 1735 874 1773 8

209 1786 407 1827 Momenti
442 1786 601 1839 nullius·
621 1800 706 1828 esse
742 1785 996 1841 (auctoritate
1035 1799 1090 1827 sc.

262 1839 425 1894 amissa)
451 1840 519 1887 vii,
533 1844 560 1881 8

207 1895 377 1936 Monere
395 1893 694 1948 (significanter,
713 1907 802 1934 cum
826 1893 1094 1934 denuntiatio·

264 1961 316 1987 ne
331 1947 509 1998 monere)
535 1948 604 1995 vii,
622 1952 648 1989 8

210 2002 357 2041 Mons:
404 2002 455 2041 ad
481 2002 635 2042 infimos
663 2007 815 2042 montes
842 2001 950 2050 xviii,
969 2005 997 2042 9
1031 2001 1093 2056 (ν.

240 2074 242 2077 v
264 2055 451 2106 Infimns)

212 2109 517 2150 Monumentum
577 2108 844 2164 (sepulcrum)
901 2123 994 2156 xxv,
1039 2112 1098 2153 22

262 2169 558 2203 monumentum
588 2164 754 2215 sepulcri
783 2177 823 2210 x,
845 2167 895 2203 10
953 2177 1094 2202 monu-

265 2222 398 2256 menta
415 2215 584 2270 (iudicia
609 2217 665 2256 rei
689 2217 911 2256 memoriam
939 2230 1095 2256 conser-

266 2268 420 2322 vantia)
446 2269 489 2317 ii,
509 2273 562 2311 10
607 2271 653 2324 (a
678 2271 875 2310 monendo
901 2270 1005 2310 enim
1026 2271 1095 2311 de-

270 2322 383 2363 ducit
402 2322 537 2363 Varro.
556 2323 717 2376 Boecl.)

213 2376 369 2416 Moram
387 2376 772 2417 Lacedaemoniorum
781 2375 979 2419 interfecit
991 2377 1096 2432 (ma-

266 2443 376 2479 num,
409 2430 631 2483 cohortem)
659 2430 713 2478 xi,
743 2434 769 2471 2
817 2430 935 2484 (Erat
965 2439 1096 2473 autem

265 2483 381 2538 μόρα,
398 2484 481 2524 sive
511 2487 640 2537 μοῖρα,
658 2483 870 2523 multitudo
903 2489 998 2526 500.
1029 2492 1098 2525 aut

269 2542 366 2578 900.
410 2537 547 2576 Lamb.
565 2537 676 2576 Add.
696 2537 812 2589 Crag.
831 2538 882 2576 de
899 2551 982 2590 rep.
1002 2537 1096 2578 Lac.

268 2590 325 2638 iv,
343 2594 384 2631 4.
412 2597 455 2629 et
468 2588 616 2630 Mcurs.
636 2591 728 2630 lect.
744 2589 867 2629 Attio.
895 2591 923 2638 i,
941 2590 1013 2646 16)

215 2645 333 2684 Mora
359 2643 470 2684 nulla
497 2650 559 2684 est
585 2645 639 2691 ix,
658 2648 683 2685 8
730 2644 809 2698 (sc.
838 2644 879 2683 in
909 2657 988 2692 me,
1020 2645 1097 2692 vel,

270 2710 342 2750 per
370 2711 447 2744 me,
467 2697 797 2750 quemadmodum
817 2696 883 2737 alii
903 2699 1020 2751 plene
1039 2699 1098 2738 lo-

271 2752 366 2792 cuti.
385 2750 571 2804 Virgilius
589 2751 675 2792 Ecl.
702 2752 743 2799 v,
761 2755 816 2792 62
846 2757 857 2774 ‘
874 2751 915 2791 in
935 2766 995 2792 me
1013 2767 1099 2792 mo-

272 2819 313 2846 ra
332 2819 413 2845 non
431 2804 507 2845 erit
525 2805 630 2845 ulla.'
658 2804 816 2845 Terent.
835 2804 963 2846 Andr.
981 2807 1038 2854 iii,
1055 2811 1097 2855 4,

273 2864 324 2901 14
355 2866 366 2883 ‘
381 2872 450 2912 per
466 2860 571 2899 hunc
588 2858 698 2899 nulla
714 2871 820 2898 mora
837 2859 931 2912 est')

220 2914 370 2954 Morari
386 2912 529 2954 alicubi
557 2913 661 2960 xxiv,
681 2917 722 2954 2.
751 2911 821 2961 xii,
840 2916 864 2954 3
897 2912 939 2953 in
956 2913 1098 2954 monti-

273 2968 344 3007 bus
373 2966 479 3014 xxiii,
499 2972 523 3008 5

219 3021 386 3060 Morbus
405 3020 605 3060 oculorum
634 3019 739 3068 xxiii,
754 3025 781 3062 4
811 3021 944 3061 morbo
957 3034 1099 3062 consu·

272 3073 326 3113 mi
354 3073 432 3121 xxi,
451 3077 479 3114 2
520 3074 654 3113 morbo
683 3075 780 3114 mori
807 3075 849 3123 ii,
871 3079 922 3116 10
965 3076 1100 3115 morbo

273 3127 397 3179 perire
424 3127 505 3173 xxi,
524 3131 549 3168 3
595 3128 751 3168 morbus
777 3129 900 3168 levior
917 3142 1002 3170 esse
1020 3143 1100 3169 coe-

273 3180 336 3234 pit
361 3193 450 3228 xxV,
469 3184 523 3220 22
563 3179 606 3219 in
623 3182 798 3221 morbum
814 3181 989 3223 incidere
1018 3197 1058 3230 x,
1073 3187 1099 3223 2

274 3234 408 3273 morbo
446 3233 611 3286 graviter
646 3234 878 3282 conflictari,
915 3235 1012 3275 ibid.
1058 3236 1100 3274 in

273 3288 450 3328 morbum
470 3286 683 3339 implicitus
709 3301 749 3335 v,
765 3292 806 3328 3.
850 3287 946 3336 xvii,
965 3292 991 3328 8
1037 3288 1099 3342 (v.

274 3341 336 3382 Im
368 3340 431 3380 lic.

223 3355 366 3436 Mor-¹2³
389 3340 590 3433 hoinestam
606 3398 768 3433 mortem
787 3399 967 3447 praestare
997 3394 1102 3447 turpi

275 3448 367 3488 vita
401 3448 595 3488 existimat
629 3447 815 3488 Chabrias
842 3446 912 3495 xii,
930 3450 957 3487 4
1000 3461 1101 3487 mors

212 3548 214 3551 f
276 3500 433 3543 heroica
445 3500 730 3555 Epaminondae
758 3514 821 3549 xv,
840 3505 883 3555 9,
902 3514 1002 3541 mors
1023 3507 1101 3540 tur-

334 3567 479 3620 Delph.
492 3572 532 3609 et
555 3568 649 3611 Ver.
671 3569 777 3608 Clas.

1875 250 2033 307 xcvii

1199 390 1260 442 pis
1305 391 1359 439 iv,
1395 394 1420 430 6
1474 403 1522 428 ex
1558 388 1794 441 ingratorum
1826 386 2028 427 hominum

1199 458 1294 484 cons
1323 450 1414 484 ectu
1438 450 1562 483 morte
1580 443 1771 483 decedere
1789 441 1868 497 (sc.
1888 441 2027 480 volun-

1199 459 1322 550 tatia&²
1340 511 1403 544 xx,
1420 502 1442 539 1
1473 510 1562 550 quae
1575 497 1636 536 lex
1655 502 1779 536 morte
1797 495 2027 543 mulctabat,

1199 550 1233 590 si
1264 550 1352 603 quis
1386 551 1462 590 διο.
1490 565 1555 598 xv,
1584 554 1609 591 7
1656 556 1780 589 morte
1813 550 1863 588 ab
1896 549 2030 603 aliquo

1199 602 1381 645 mulctari
1409 617 1475 651 ιν,
1490 608 1516 645 8

1145 656 1338 699 Mortales
1364 656 1420 705 ix,
1437 663 1462 698 5
1509 657 1601 710 (per
1634 655 1921 710 Synecdochen
1958 669 2029 708 pro
2080 660 2083 662 '

1199 711 1436 758 hominibus,
1457 710 1656 763 quomodo
1686 717 1728 749 et
1754 709 1836 752 alii.
1861 711 2001 751 Cicero
2021 727 2031 750 :

1201 769 1214 787 ‘
1235 778 1338 804 unus
1373 765 1548 805 omnium
1579 763 1799 803 mortalium
1833 764 1917 802 sine
1951 764 2032 802 ulla

1157 865 1163 869 1
1201 818 1450 858 dubitatione
1478 816 1735 858 deterrimus.’
1781 817 1935 856 Plinius
1963 817 2032 865 xii,

1202 876 1255 912 1⁷
1295 878 1433 911 ‘tanta
1465 869 1690 911 mortalibus
1721 884 1877 910 suarum
1906 884 2032 910 rerum

1163 955 1168 965 s
1201 924 1359 966 satietas
1377 924 1465 965 est!
1491 925 1698 965 Sallustius
1715 924 1767 965 B.
1784 924 1811 965 J
1813 938 1878 976 ug·
1905 929 1918 948 ‘
1932 924 2031 964 mul-

1202 984 1264 1019 tos
1298 979 1479 1019 mortales
1510 993 1600 1020 cum
1633 992 1775 1032 pecore
1807 985 1927 1032 atque
1956 978 2033 1018 alia

1201 1033 1336 1084 praeda
1355 1032 1502 1086 capit’)

1148 1085 1401 1126 Mortiferum
1430 1086 1573 1141 vulnus
1602 1085 1801 1141 (mortale,
1821 1085 1953 1133 letale,
1971 1089 2036 1127 θα-

1207 1138 1392 1194 νάσιμον)
1421 1154 1485 1188 xv,
1504 1144 1533 1182 0
2072 1184 2082 1187 ,

1150 1194 1244 1234 Mos
1262 1207 1287 1234 a
1303 1193 1516 1248 majoribus
1542 1193 1706 1234 traditus
1731 1192 1825 1240 xvii,
1848 1197 1870 1234 1
1922 1193 2038 1232 moris

1204 1247 1395 1301 majorum
1406 1261 1578 1288 summus
1590 1248 1762 1287 imitator
1772 1261 1862 1295 xxv,
1875 1252 1925 1288 18
1945 1247 2011 1288 Sic
2024 1263 2034 1286 z

1206 1316 1314 1342 more
1333 1302 1523 1356 majorum
1554 1303 1721 1350 honores
1740 1308 1872 1354 petere
1899 1315 1990 1348 xxv,
2009 1305 2038 1342 6

1204 1355 1280 1409 (sc.
1295 1356 1379 1396 siue
1397 1357 1490 1397 fuco
1501 1362 1543 1396 et
1554 1354 1734 1402 fallaciis,
1748 1362 1794 1394 ut
1809 1354 1949 1395 Cicero
1968 1369 2037 1394 ex·

1204 1410 1341 1461 plicat.
1354 1410 1637 1462 provocabatur
1645 1415 1776 1448 autem
1785 1408 1828 1448 in
1841 1408 2037 1461 plerisque

1206 1464 1322 1504 rebus
1340 1477 1430 1504 cum
1455 1464 1630 1516 pondere
1648 1468 1690 1502 et
1718 1462 1951 1515 proverbiali
1970 1477 2039 1502 ve-

1205 1516 1280 1556 luti
1298 1517 1479 1564 formula,
1498 1518 1550 1556 ad
1577 1521 1589 1540 ‘
1603 1529 1748 1556 morem
1767 1515 1988 1569 majorum,'
2007 1517 2036 1557 i.

1206 1584 1244 1610 e.
1258 1571 1437 1611 instituta
1455 1572 1549 1611 inde
1567 1584 1592 1610 a
1610 1570 1825 1623 majoribus
1844 1583 2038 1623 propaga-

1207 1630 1261 1665 ta.
1289 1624 1451 1677 Boecl.)
1507 1637 1587 1664 non
1615 1625 1737 1677 magis
1755 1637 1900 1672 amore,
1920 1637 2039 1676 quam

1207 1691 1314 1718 more
1345 1679 1486 1719 ductus
1516 1678 1838 1733 (consuetudine,
1856 1678 2038 1718 instituto

1208 1731 1359 1784 legibus
1393 1730 1602 1785 permisso)
1642 1745 1682 1778 ν,
1711 1736 1733 1773 1
1786 1731 1847 1785 (v.
1878 1730 2038 1783 Amor).

1209 1799 1334 1826 mores
1353 1786 1524 1827 civitatis
1551 1799 1641 1832 xxV,
1660 1789 1696 1825 6>
1733 1798 1840 1825 more
1869 1784 2039 1825 Atheni-

1208 1840 1360 1880 ensium
1397 1840 1508 1880 nefas
1535 1840 1611 1879 hoc
1645 1843 1706 1878 est
1740 1838 1810 1886 vii,
1844 1842 1870 1880 3
1932 1852 2040 1879 more

1208 1893 1413 1933 Persarum
1459 1894 1539 1941 xiV,
1559 1897 1612 1935 10
1657 1894 1828 1936 moribus
1866 1893 2039 1946 ipsorum

1208 1948 1285 1986 hoc
1320 1947 1520 1995 convenit,
1538 1945 1655 1987 Praef.
1713 1947 1884 1987 moribus
1916 1947 2041 1989 Lace-

1209 2002 1437 2041 daemonior.
1470 2014 1621 2042 summa
1635 2002 1757 2039 virtus
1782 2000 1825 2041 in
1851 2000 2042 2052 patientia

1208 2056 1426 2106 ponebatur
1465 2055 1704 2109 (secundum
1750 2067 1874 2093 mores
1918 2054 2042 2094 Lace-

1209 2110 1348 2162 daem.)
1380 2109 1449 2156 vii,
1472 2113 1519 2150 11
1579 2108 1670 2147 Sic:
1700 2108 1842 2148 nostris
1870 2109 2041 2148 moribus

1209 2163 1356 2203 musice
1382 2163 1492 2202 abest
1516 2175 1542 2202 a
1565 2160 1751 2214 principis
1779 2174 1948 2255 ffisona
1974 2175 2042 2209 xv,

1213 2221 1234 2257 1
1265 2217 1436 2256 moribus
1447 2215 1588 2257 nostris
1602 2217 1713 2256 nefas
1727 2217 1779 2255 ha
1814 2219 1815 2222 ’
1848 2229 1906 2263 ur,
1920 2216 2040 2256 Praef.

1211 2270 1381 2310 moribus
1393 2270 1534 2310 nostris
1547 2271 1624 2309 hoc
1636 2270 1821 2309 decorum
1833 2275 1908 2317 est,
1925 2269 2043 2309 Praef.

1211 2323 1347 2363 morib.
1374 2317 1509 2364 e'orum
1535 2323 1578 2362 id
1596 2337 1675 2363 non
1701 2323 1747 2361 fit
1773 2323 1866 2370 xxii,
1887 2327 1912 2364 3
1959 2337 2044 2362 mo-

1210 2389 1277 2430 res
1290 2377 1437 2430 patrios
1461 2382 1612 2417 mutare
1629 2377 1954 2430 (consuetudines
1973 2390 2042 2430 pa-

1212 2431 1319 2477 trias,
1339 2431 1516 2471 instituta
1536 2430 1684 2483 patria)
1713 2431 1766 2477 iv,
1781 2433 1820 2471 3'
1839 2431 1929 2470 Sic:
1959 2445 2045 2470 mo-

1212 2495 1272 2523 res
1285 2484 1512 2525 Graecorum
1525 2484 1637 2536 sequi
1649 2484 1691 2523 in
1703 2485 1910 2531 narrando,
1926 2484 2043 2524 Praef.

1212 2550 1319 2576 more
1352 2537 1521 2577 civitatis
1555 2550 1636 2576 suae
1671 2537 1784 2589 fungi
1826 2537 1881 2584 ix,
1901 2541 1925 2577 3
1982 2538 2046 2591 (v.

1211 2590 1377 2644 Fungi).
1420 2604 1569 2630 morum
1594 2590 1808 2630 similitudo
1825 2590 1912 2642 plus
1940 2592 2046 2631 valet

1213 2644 1254 2683 in
1274 2644 1460 2692 amicitia,
1477 2657 1594 2698 quam
1611 2643 1778 2684 affinitas
1805 2658 1896 2692 xxv,
1915 2649 1939 2685 5
1974 2658 2046 2683 vo-

1212 2699 1328 2738 cabat
1354 2712 1437 2747 eos,
1470 2711 1636 2752 quorum
1670 2711 1794 2738 mores
1825 2711 1848 2737 a
1867 2699 1945 2738 suis
1963 2712 2045 2738 non

1214 2753 1474 2792 abhorrebant
1502 2766 1595 2799 xxv,
1617 2755 1670 2792 14
1703 2765 1864 2802 *morum
1885 2753 2047 2804 praefec-

1215 2812 1278 2846 tus
1305 2806 1400 2855 xxii,
1417 2810 1440 2847 8
1470 2806 1667 2847 fortunam
1682 2805 1744 2845 sui
1758 2805 1902 2859 cuique
1920 2820 2047 2846 mores

1214 2859 1371 2912 fingunt
1398 2874 1488 2908 xxV,
1510 2863 1576 2901 11.
1592 2863 1644 2901 19
1682 2860 1739 2912 (v.
1770 2858 1920 2899 Erasm.
1941 2860 2046 2901 Chil.

1212 2917 1252 2954 2.
1273 2919 1377 2954 cent.
1393 2919 1433 2956 4.
1453 2914 1630 2966 proverb.
1646 2913 1734 2965 80).
1755 2926 1897 2953 morem
1915 2927 2046 2966 gerere

1215 2967 1381 3021 alicujus
1415 2968 1609 3007 voluntati
1653 2967 1856 3022 (obedire)
1901 2969 1980 3014 xiv,
2017 2971 2044 3008 4

1214 3019 1304 3061 Sic:
1335 3034 1418 3062 mos
1434 3023 1470 3062 ei
1491 3027 1621 3073 gestus
1640 3026 1700 3060 est
1726 3021 1768 3068 ii,
1789 3025 1813 3062 7
1861 3034 1943 3060 mos
1959 3034 2045 3060 cru-

1215 3074 1394 3115 delitatis
1409 3075 1482 3128 (de
1502 3074 1731 3114 crudelitate
1747 3072 1852 3126 ipsa)
1882 3076 1963 3119 viii,
1981 3078 2006 3114 3

1161 3126 1328 3168 Movere
1343 3143 1384 3168 se
1403 3129 1481 3183 (sc.
1498 3142 1545 3168 ex
1561 3128 1722 3180 pristina
1735 3127 1921 3179 habitat.)
1938 3126 2047 3175 xviii,

1216 3185 1243 3221 6
1288 3195 1418 3234 neque
1450 3195 1490 3221 se
1510 3194 1708 3234 quoquam
1735 3180 1856 3220 movit
1874 3193 1921 3219 ex
1952 3181 2046 3221 urbe

1215 3240 1348 3283 xxv,7
1399 3235 1611 3288 Phrygiam
1644 3234 1749 3286 prius
1781 3234 2045 3287 depopulatus

1215 3294 1290 3335 est,
1303 3301 1421 3341 quam
1433 3288 1711 3339 Tissaphernes
1725 3299 1888 3339 usquam
1908 3302 1950 3327 se
1965 3302 2046 3328 mo-

1214 3349 1322 3380 veret
1349 3341 1443 3388 xvii,
1473 3345 1497 3381 3
1545 3354 1698 3382 movere
1731 3348 1856 3382 castra
1894 3342 1974 3389 xiv,
2005 3347 2045 3382 8.

1216 3394 1326 3443 xviii,
1358 3398 1408 3435 12
1455 3407 1610 3434 movere
1638 3394 1916 3449 (persuadere)
1946 3395 1987 3442 ii,
2017 3399 2042 3435 4

1216 3448 1293 3488 boc
1311 3448 1451 3488 nuntio
1469 3454 1598 3488 motus
1616 3449 1776 3489 domum
1800 3447 1917 3489 rediit
1945 3450 1997 3494 iv,
2019 3452 2043 3487 3

1217 3507 1369 3544 tantum
1404 3502 1634 3544 auctoritate
1655 3501 1741 3555 ejus
1762 3509 1889 3542 motus
1908 3508 1981 3546 cst,
2004 3507 2045 3540 ut

1051 3567 1139 3608 Ind-
1161 3569 1251 3622 Nep
1912 3580 1934 3607 n
