2326 3944
706 270 1351 329 u.'rnssM1s¹roci.nM‚
1390 268 1527 309 cAr.
1565 253 1616 306 6.

252 403 381 449 mea
408 394 532 437 aliam
549 392 933 442 circumstantiam,
960 401 1056 443 qnae
1083 388 1138 429 ad

258 461 482 503 victoriam
499 470 584 499 non
611 457 831 497 minimum
851 454 1033 496 contulit
1048 465 1137 493 mo-

257 530 466 570 mentum,
511 522 708 562 omissam
754 518 937 571 Nepoti:
991 516 1005 539 ‘
1040 517 1139 559 Qua

258 586 454 636 ratione,'
469 583 655 637 iuquit,‘
675 581 836 631 effecit,
850 586 901 620 ut
921 579 1139 620 exercitus

257 649 536 691 barbarorum
579 647 761 698 primum
808 644 1140 697 inquietaretur,

255 715 358 756 dum
378 719 470 754 tota
495 717 625 752 nocte
653 711 697 750 in
725 709 912 762 statione
942 705 1139 748 custodia

256 784 353 819 est:
397 775 569 823 deinde,
607 779 656 814 ut
692 772 756 813 sui
798 783 922 812 mane
958 769 1139 820 integris

256 840 416 882 viribus
450 850 546 880 curn
592 836 720 877 dictis
764 834 957 876 barbaris
992 831 1140 884 vigilia

255 902 548 945 marcentibus
569 898 882 952 confligerent.'
924 896 1121 938 Gebhard.

315 968 371 1008 Ut
398 964 604 1017 ingratiis]
649 963 918 1004 Membranae
953 960 1141 1012 ingratis,

257 1030 372 1084 quod
405 1028 581 1082 perinde
610 1027 711 1067 mihi
739 1030 818 1066 est.
875 1025 1136 1076 Polyaenus:

256 1094 295 1134 οἷ
323 1092 365 1134 δὲ
397 1090 562 1140 ἕλληνες
605 1089 766 1130 ἄκοντες
797 1087 990 1136 ἐνίκησαν.
1034 1088 1136 1127 Fre·

255 1169 388 1211 quens
407 1156 552 1196 Plaut.
598 1154 710 1194 vide
729 1144 979 1193 Frontinum
1008 1149 1081 1190 lib.
1102 1162 1136 1189 1.

256 1221 356 1262 Non
389 1219 592 1260 abhorret
628 1217 683 1258 ab
715 1217 796 1256 hac
835 1227 940 1255 voce
976 1214 1064 1254 Cic.
1092 1213 1136 1252 in

254 1284 453 1334 -Verrem,
498 1281 510 1303 ‘
530 1281 696 1321 Dicent
724 1291 818 1332 quae
848 1289 1024 1318 necesse
1052 1275 1136 1317 erit

253 1343 477 1399 ingratiis?
507 1345 631 1384 Idem.

307 1407 556 1449 Auaissimo
564 1406 667 1458 loco]
688 1404 976 1458 Iniquissimo.
993 1404 1135 1456 Supra

254 1473 471 1514 Miltiade.
501 1473 649 1513 Caesar
667 1471 720 1511 de
739 1471 850 1510 Bell.
869 1469 986 1510 Gall.
1004 1467 1076 1508 lib.
1099 1480 1133 1508 1.

256 1541 322 1579 15.
379 1537 392 1559 ‘
410 1537 496 1580 Qui
533 1535 731 1587 cupidius
761 1533 1034 1574 novissimum
1064 1545 1136 1584 ag-

254 1613 353 1641 men
366 1599 551 1641 insecuti
564 1599 701 1639 alieno
715 1598 812 1637 loco
825 1608 922 1637 cum
938 1594 1133 1648 equitatu

255 1664 556 1705 Helvetiorum
596 1661 790 1715 praelium
828 1658 1133 1700 committunt.'

255 1727 456 1769 Gebhard.

310 1774 484 1831 Consilio
507 1788 788 1840 stemistoclis]
814 1786 1132 1842 Στρατηγήματι.

254 1856 510 1897 Frontinus:
540 1856 553 1878 ‘
569 1855 770 1906 solertia,'
783 1854 917 1896 dicit:
946 1857 998 1908 τῇ
1015 1852 1135 1906 σοφίᾳ

254 1921 327 1961 τοῦ
353 1921 590 1973 στρατηγοῦ.
620 1921 795 1972 Polym.
859 1919 1132 1960 Lacedaemo-

253 1984 417 2024 niorum
430 1983 745 2024 obtrectatione
758 1981 986 2023 etinvidia.
1001 1981 1129 2022 Diod.

253 2047 382 2088 Sicul.
411 2046 497 2087 lib.
530 2057 584 2086 ιι.
630 2045 761 2085 Lamb.
802 2045 998 2085 Gebhard.
1046 2044 1135 2084 Alii

253 2113 352 2154 alia.
394 2111 532 2151 Vetus
552 2109 747 2161 scriptor
777 2108 891 2161 apud
925 2108 1134 2160 interpre-

253 2180 342 2216 tem
382 2173 680 2225 Aristophanis
721 2171 930 2212 Victoriae
977 2170 1136 2222 primas

254 2238 408 2280 tribuit
432 2236 637 2277 Deabus:
667 2233 766 2283 Φησὶ
782 2234 1025 2288 (praecessit
1045 2233 1134 2273 He-

254 2301 449 2353 rodotus)
473 2300 551 2353 ’γὰρ
571 2300 612 2340 ἐν
628 2301 679 2353 τῇ
694 2299 800 2351 παρὰ
825 2300 1031 2348 Σαλαμῖνα
1048 2313 1135 2338 ναν·

253 2364 392 2418 μαχίᾳ,
419 2363 522 2405 πολὺ
548 2362 780 2414 λειπομένου
805 2363 876 2402 τοῦ
898 2363 1131 2411 Ἑλληνικοῦ

252 2428 424 2477 πλήθους
446 2431 524 2469 τῶν
556 2430 650 2468 νεῶν
685 2429 764 2467 τῶν
781 2429 995 2480 Περσικῶν,
1032 2440 1126 2476 συμ-

251 2496 430 2545 μαχῆσαι
461 2492 674 2542 Ἀθηναίοις
705 2491 776 2532 τὰς
808 2491 911 2543 θεὰς,
944 2489 1134 2540 μέγιστον

252 2560 324 2607 τῆς
337 2555 561 2608 συμμαχίας
579 2553 860 2606 ἐπιδειξαμένοις
870 2554 934 2595 καὶ
948 2552 1131 2607 ἐναργέσ-

251 2637 373 2663 τατον
403 2619 621 2673 τεκμήριον.
670 2619 899 2669 μελλόντων
933 2618 1012 2671 ’γὰρ
1055 2620 1134 2657 τῶν

248 2684 451 2733 Ἑλλήνων
481 2684 545 2724 καὶ
573 2685 651 2723 τῶν
677 2681 884 2736 βαρβάρων
915 2681 969 2722 εἷς
998 2683 1135 2734 χεῖρας

252 2749 369 2800 ἥξειν,
375 2750 525 2800 πρῶτον
534 2746 606 2797 μὲν
617 2748 808 2787 πλεῖστον
829 2746 921 2786 ὅσον
938 2745 1135 2799 κονίορτον

255 2811 452 2864 αἰρόμενον
486 2809 564 2850 ἀπὸ
591 2811 812 2850 Ἐλευσῖνος
845 2809 906 2849 ἐπὶ
932 2809 1006 2856 τὴν
1040 2823 1134 2858 συμ·

253 2877 394 2925 βολὴν,
413 2874 530 2916 παντὶ
546 2876 603 2925 τῷ
621 2876 776 2926 στρατῷ
796 2875 919 2921 δῆλον
934 2871 1133 2924 γενέσθαι.

252 2939 347 2981 Εἶτα.
362 2941 503 2981 τοῦτον
524 2937 577 2979 εἷς
586 2937 755 2990 Αοὔρεινδν.
768 2936 924 2979 &view-ra
938 2937 1002 2977 καὶ
1010 2936 1136 2989 ψόφον

252 3003 468 3056 γινόμενον,
505 3002 567 3043 διὰ
598 3001 720 3053 μέσου
753 3004 826 3042 τοῦ
870 3001 1136 3054 στρατοπέδου

251 3070 466 3122 χωροῦντα,
491 3067 562 3108 τὸν
585 3061 749 3119 Ἴαιεχον
775 3069 889 3120 βοᾷν,
906 3070 983 3108 &c.
1027 3067 1130 3107 Geb-

252 3134 363 3175 hard.
613 3160 616 3162 -

307 3198 413 3238 CAP.
429 3201 465 3236 6.
484 3196 649 3236 Interim
665 3199 794 3236 tamen
808 3196 855 3235 ab
869 3197 996 3236 eodem
1003 3198 1135 3246 gradu

251 3261 430 3313 depulsus
446 3259 523 3311 est]
571 3259 689 3299 Edit.
718 3259 948 3312 Ultraject.
976 3260 1133 3300 iterum.

251 3323 406 3364 Placet
416 3322 653 3375 ⁴vulgatum.
697 3322 941 3362 Translatio
960 3335 985 3362 a
1001 3322 1134 3374 gladi·

253 3386 443 3428 atoribus
463 3386 609 3427 ducta.
640 3384 768 3425 Unde
785 3384 967 3426 Ovidius
986 3397 997 3424 τ
1029 3386 1043 3408 ‘
1064 3385 1135 3425 In·

253 3461 338 3502 que
356 3448 491 3502 gradu
516 3448 715 3489 stetimus
732 3447 759 3487 :'
797 3447 910 3500 quod
939 3446 1135 3501 explicat

253 3511 395 3554 Faber
423 3510 499 3552 lib.
530 3521 565 3552 1.
615 3509 810 3563 Agonist.
840 3522 881 3552 c.
910 3513 972 3551 11.
1011 3509 1134 3551 ‘vide

1977 250 2085 317 439

1199 386 1403 441 proverb.
1433 386 1446 410 ‘
1467 385 1524 427 de
1539 383 1674 438 gradu
1689 381 1849 436 dejici!
1877 380 2084 421 Germani

1200 451 1365 502 dicunt,
1400 449 1547 511 aas&
1579 453 1691 502 nem
1707 443 1951 512 matthat
1972 448 2082 508 uer.

1203 515 1373 571 richen
1397 520 1614 570 nattum.
1667 526 1831 567 Eadem
1847 525 1989 578 figura
2007 524 2084 565 Se-

1198 605 1309 634 neca
1347 592 1572 644 Hippolyt.
1610 603 1701 631 ver.
1735 594 1831 630 720.
1870 591 1882 612 ‘
1901 589 2084 629 Tutissi-

1198 667 1312 695 mum
1332 659 1399 694 est
1413 651 1588 702 inferre,
1598 665 1694 693 cum
1710 653 1859 692 timeas
1875 649 2084 704 gradum!

1198 717 1392 758 Valerius
1424 716 1546 756 Max.
1578 715 1654 755 lib.
1675 726 1750 755 ιιι.
1783 718 1824 754 6.
1846 718 1883 755 1.
1931 714 2083 755 Cicero

1200 782 1338 834 Epist.
1358 779 1435 821 lib.
1454 791 1549 820 xvi.
1570 781 1636 819 14.
1663 778 1676 801 ‘
1691 779 1844 830 Leptae
1860 777 2084 816 literarum

1200 845 1442 896 exemplum
1481 841 1561 882 tibi
1605 839 1716 892 misi,
1765 852 1821 879 ex
1863 851 1947 892 quo
1981 838 2084 879 mihi

1200 907 1373 947 videtur
1400 902 1678 958 στρατηλάτης
1706 903 1779 943 illc
1803 902 1999 955 dejectus
2027 902 2083 942 de

1200 969 1334 1023 gradu
1352 968 1379 1010 :'
1409 974 1454 1010 et
1474 980 1626 1009 revera
1654 972 1722 1008 est
1739 966 1971 1007 castrensis
1995 964 2083 1005 for·

1199 1034 1337 1083 mula;
1366 1031 1465 1072 inde
1497 1043 1575 1084 per
1604 1030 1930 1071 translationem
1964 1028 2082 1069 idem

1199 1098 1273 1139 lib.
1294 1109 1323 1138 ι.
1364 1095 1491 1138 offic.
1535 1096 1706 1136 ‘Fortis
1739 1107 1843 1135 vero
1872 1094 2000 1135 animi
2037 1098 2085 1135 et

1199 1160 1434 1202 constantis
1448 1165 1528 1212 est,
1540 1172 1625 1200 uon
1641 1158 1882 1211 perturbari
1897 1158 1939 1198 iu
1955 1157 2083 1198 rebus

1200 1224 1377 1277 asperis,
1395 1225 1482 1264 nec*
1498 1223 1831 1263 tumultuantem
1858 1221 1913 1261 de
1947 1220 2084 1273 gradu

1199 1287 1342 1341 dejici,
1360 1293 1408 1327 ut
1426 1285 1613 1326 dicitur-3
1668 1285 1864 1325 Gebhard.

1254 1349 1470 1390 Certiorem
1506 1361 1590 1389 eum
1610 1347 1736 1400 fecit]
1786 1347 1874 1387 Per
1895 1344 2080 1386 eundem

1197 1425 1381 1454 servum.
1401 1412 1591 1453 Herodoe.
1623 1410 1711 1451 Alii
1728 1410 1922 1450 Arsacen
1940 1408 2081 1448 Eunu·

1197 1476 1321 1516 chum
1355 1475 1529 1515 missum
1548 1486 1640 1514 esse
1672 1473 1861 1514 tradunt.
1910 1472 2083 1524 Polyae-

1197 1553 1275 1581 nus
1289 1555 1299 1581 :
1313 1537 1454 1590 πὲμπει
1468 1536 1509 1579 δὲ
1523 1536 1643 1578 πάλιν
1655 1538 1705 1578 ὥς
1713 1534 1884 1584 βασιλέα
1896 1535 2082 1586 εὐνοῦχον

1197 1603 1324 1645 ἄλλον
1352 1601 1559 1656 Ἀρσάκην.
1606 1601 1787 1642 Lambin.
1859 1599 2081 1641 Diodorus

1196 1668 1327 1709 etiam
1355 1669 1468 1708 hunc
1489 1680 1514 1708 a
1543 1665 1765 1718 superiore
1785 1663 1999 1705 diversum
2019 1661 2081 1703 fa-

1195 1744 1296 1773 cere
1309 1731 1493 1784 videtur,
1509 1730 1584 1771 lib.
1604 1742 1656 1770 11.
1680 1733 1744 1770 17.
1771 1735 1816 1770 et
1834 1733 1897 1769 19.

1251 1797 1377 1843 Quem
1390 1796 1456 1836 iue
1469 1795 1513 1835 in
1534 1794 1783 1846 Hellesponto
1787 1792 1963 1845 fecerat]
1989 1792 2083 1833 Pli-

1194 1863 1308 1902 nius:
1352 1860 1545 1902 ‘Primus
1577 1858 1795 1910 angustias
1814 1857 2080 1908 ‘Hellespon-

1195 1931 1286 1967 tum
1317 1928 1500 1966 vocant:
1547 1923 1628 1962 hac
1658 1920 1828 1960 Xerxes
1856 1922 2081 1960 constrato

1194 1989 1372 2029 navibus
1396 1991 1527 2039 ponte
1538 1984 1662 2024 duxit
1677 1981 1943 2023 exercitum!
1965 1981 2080 2022 Vide

1197 2053 1464 2094 Marcianum
1486 2055 1532 2090 et
1551 2048 1740 2088 Solinum
1760 2056 1842 2086 xn.

1249 2112 1560 2164 Dissolceretur]
1645 2111 1736 2150 Per
1781 2108 2080 2150 Themistoclis

1196 2180 1348 2221 socios.
1389 2175 1579 2218 Frontin.
1610 2186 1657 2214 11.
1681 2177 1720 2214 6.
1753 2172 1916 2212 Herod.
1948 2171 2079 2222 Poly-

1198 2257 1281 2285 aen.
1323 2241 1482 2285 Justin.
1502 2239 1571 2280 lib.
1593 2250 1626 2278 1.
1661 2237 1820 2277 Savum.

1250 2307 1387 2348 Minus
1403 2303 1538 2344 diebus
1551 2299 1740 2352 triginta]
1763 2300 1902 2339 Tanto
1916 2297 2080 2348 majore

1196 2370 1422 2412 celeritate
1442 2379 1540 2407 usus
1572 2370 1639 2405 est
1668 2364 1711 2403 in
1731 2361 1833 2414 fuga
1856 2371 2082 2413 capessen-

1195 2436 1264 2484 da,
1278 2446 1402 2487 quam
1417 2432 1459 2472 in
1472 2431 1583 2471 bello
1595 2426 1834 2469 inferendo.
1855 2426 2083 2466 Lambinus.

1194 2497 1383 2540 Βασιλεὺς
1402 2496 1539 2543 ἔδεισε,
1569 2493 1634 2534 καὶ
1657 2490 1812 2543 φθάσας
1838 2490 1886 2529 τὸ
1902 2490 2082 2536 εΕλληνι-

1195 2562 1278 2615 κὸν,
1303 2560 1413 2608 διέβη
1435 2558 1484 2598 τὸ
1502 2557 1670 2609 ζεῦγμα,
1701 2555 1765 2595 καὶ
1784 2554 1918 2606 φυγὼν
1935 2553 2078 2604 ᾤχετο.

1196 2625 1464 2677 Θεμιστοκλῆς
1501 2621 1545 2662 δὲ
1575 2622 1658 2661 τοῖς
1677 2619 1876 2667 Ἕλλησιν
1911 2615 2081 2669 ἐφύλαξε

1194 2690 1268 2738 τὴν
1286 2687 1395 2735 νίκην
1411 2685 1623 2726 ἀκίνδυνον.
1669 2685 1734 2723 De
1762 2681 1864 2733 fuga
1884 2681 2081 2733 Pompeii

1198 2755 1344 2795 Caesar
1366 2751 1490 2791 Civil.
1513 2749 1584 2788 lib.
1608 2757 1681 2787 111.
1727 2747 1966 2797 Utrumque
1987 2749 2081 2783 tan·

1197 2816 1261 2868 git
1280 2815 1433 2854 Florus
1455 2823 1515 2852 rv.
1531 2815 1572 2850 8.
1609 2808 1756 2850 Simile
1771 2808 1871 2861 quid
1888 2808 1941 2846 de
1961 2806 2081 2846 Han·

1196 2879 1341 2919 nibale
1361 2876 1494 2916 tradit
1509 2874 1672 2915 Noster
1689 2873 1730 2911 in
1744 2871 1846 2911 vita.
1877 2870 2078 2909 Keucheir.

1253 2943 1353 2982 Post
1386 2939 1582 2980 hominum
1613 2933 1856 2986 memoriam]
1901 2934 1973 2974 Sic
2021 2933 2082 2972 lo·

1198 3004 1342 3058 quitur
1373 3007 1419 3042 et
1455 2999 1665 3041 Aristide.
1723 2998 1818 3038 Nec
1848 3009 1930 3036 non
1957 2996 2081 3036 Cice-

1198 3080 1247 3108 ro
1285 3067 1329 3106 in
1364 3066 1544 3105 Verrem
1563 3077 1572 3102 :
1615 3063 1628 3084 ‘
1660 3060 1789 3103 Quod
1828 3072 1951 3099 nemo
2002 3069 2078 3097 un·

1197 3144 1322 3185 quam
1339 3135 1432 3182 post
1448 3127 1663 3167 hominum
1677 3124 1924 3165 memoriam
1940 3120 2080 3163 fecit.’

1200 3194 1398 3235 Gebhard.

1252 3259 1360 3299 CAP.
1387 3259 1425 3295 6.
1465 3255 1599 3305 Neque
1616 3251 1744 3291 minor·
1758 3249 1801 3289 in
1819 3247 1933 3301 pace]
1977 3247 2076 3288 Duo

1198 3322 1324 3374 Reip.
1339 3326 1535 3371 tempora
1545 3315 1786 3368 sunt,pacis
1807 3314 2005 3363 alterum,
2020 3313 2080 3353 al·

1197 3392 1334 3426 terum
1346 3381 1444 3424 belli
1456 3394 1468 3430 ς
1486 3380 1529 3419 in
1542 3386 1770 3430 utrumque
1783 3387 1934 3429 sapere
1950 3380 1994 3416 et
2007 3386 2079 3416 va-

1198 3449 1287 3487 lere
1306 3448 1497 3498 oportet,
1515 3441 1586 3496 qui
1606 3441 1645 3481 ei
1662 3446 1781 3481 reete
1801 3450 1986 3492 praeesse
2005 3451 2077 3478 ve·

1196 3511 1273 3553 lit:
1298 3520 1397 3550 raro
1411 3512 1555 3549 tamen
1575 3505 1617 3546 in
1639 3516 1765 3547 unum
1784 3502 1996 3545 hominem
2008 3512 2077 3546 ca-
