2306 3900
309 279 419 333 642

305 413 504 465 jumenta
551 409 698 450 attulit
743 408 798 449 ad
847 415 916 449 res
969 407 1196 460 gerendas,

312 480 492 528 propter
511 473 593 514 loci
611 472 982 525 opportunitatem
992 471 1196 523 maxime,

311 543 402 577 tum
423 536 476 576 ad
497 545 566 575 res
580 534 904 587 Hispanienses,
921 539 1012 575 tum
1026 533 1192 575 Africa·

234 631 236 634 -
310 612 401 640 nas.
434 598 589 651 Polyb.
608 610 661 639 ιι.

364 662 422 701 Et
457 660 670 713 Princeps]
726 659 795 700 Ἐκ
828 662 907 700 τῶν
941 661 1013 708 τῆς
1043 660 1193 702 πόλεως

310 724 481 778 πρώτων.
538 725 751 777 Princeps
769 723 866 765 heic
892 723 1008 765 idem
1025 724 1193 765 obtinet

308 789 423 844 quod
442 788 616 843 primus,
642 800 738 841 quae
757 788 874 829 vocis
907 799 1110 839 germana
1129 799 1193 827 ra-

307 853 383 894 tio.
438 851 622 894 Locutio
658 851 879 904 frequens,
907 849 1022 903 apud
1061 851 1193 891 Tran-

307 916 485 970 quillum
505 923 551 956 et
567 915 686 956 alios.
715 914 868 955 Κακὴ.

360 981 595 1032 Lurgitione
628 983 797 1019 vetustos
840 976 1033 1030 pervertit
1068 988 1194 1017 mores

310 1041 706 1094 Carthaginensium]
749 1042 813 1082 Ut
832 1040 920 1081 suis
957 1039 1112 1091 coeptis
1145 1045 1192 1080 et

306 1110 478 1162 placitis
489 1108 754 1162 approbator
764 1112 878 1149 esset
893 1107 1077 1160 populus
1091 1117 1192 1147 con·

305 1178 376 1212 tra
402 1171 592 1212 infensos
625 1171 827 1212 Barcinae
858 1169 1052 1211 factioni.
1084 1169 1191 1210 Geb-

304 1237 462 1277 hardus.
489 1236 618 1276 Titus
637 1235 781 1276 Livius
798 1234 910 1275 Ann.
930 1244 1027 1274 xxt.
1046 1234 1191 1286 paullo

306 1299 435 1339 aliter
454 1311 545 1339 rem
565 1303 727 1339 narrat.
784 1297 856 1339 Ita
874 1297 968 1338 ille:
998 1298 1011 1320 ⁴
1032 1296 1076 1338 Is
1096 1297 1190 1349 plu·

305 1376 354 1403 ra
373 1362 567 1413 consilio,
586 1373 711 1416 quam
730 1361 772 1402 vi
792 1373 963 1412 gerens,
988 1359 1189 1411 auspiciis

304 1427 550 1478 regulorum
565 1425 715 1477 magis,
724 1422 1089 1476 conciliandisque
1109 1433 1190 1474 per

305 1489 537 1530 amicitiam
558 1488 800 1540 principum
835 1486 956 1527 novis
973 1485 1190 1538 gentibus,

304 1565 432 1606 quam
461 1551 575 1592 bello
595 1556 670 1591 aut
689 1549 817 1590 armis
843 1561 934 1590 rem
963 1547 1189 1600 Carthagi-

304 1616 498 1656 nensium
519 1613 668 1655 auxit.'
695 1612 836 1654 Lamb.

358 1680 621 1731 Eiusdemque
662 1681 754 1729 post
805 1675 988 1728 morem]
1058 1675 1187 1721 Quali

303 1743 453 1783 mortis
472 1753 629 1794 genere
643 1740 799 1782 obierit
819 1738 1083 1791 Hasdrubal,
1100 1750 1187 1778 non

303 1810 610 1847 commemorat
635 1799 716 1844 hoc
747 1804 844 1844 loco
874 1803 1042 1855 Nepos.
1097 1801 1187 1843 Alii

303 1870 523 1922 ambigere
558 1880 635 1908 nos
674 1878 760 1907 non
802 1866 962 1906 sinunt.
1030 1864 1188 1906 Tradit

302 1933 512 1983 Justinus,
536 1932 676 1983 ipsum
696 1943 721 1971 a
739 1941 864 1970 servo
897 1929 1082 1981 Hispani
1113 1941 1188 1970 eu-

296 1996 487 2048 jusdam,
525 1993 762 2035 ulciscente
793 1992 952 2033 domini
983 1992 1186 2045 injustam

302 2071 469 2110 necem,
501 2056 778 2099 interfectum
815 2067 924 2096 esse.
977 2054 1187 2108 Polybius

302 2123 498 2163 disertim
534 2126 740 2172 testatur,
772 2119 814 2160 in
838 2118 1076 2159 diversorio
1107 2130 1186 2159 suo

301 2193 433 2227 noctu
453 2199 478 2225 a
499 2184 682 2238 quodam
703 2183 877 2223 natione
895 2181 1025 2222 Gallo
1045 2179 1186 2233 priva-

302 2254 443 2289 tarum
470 2247 724 2300 injuriarum
751 2256 878 2285 causa
895 2243 1024 2285 fuisse
1052 2245 1186 2285 inter-

302 2318 511 2363 emptum.
566 2309 775 2351 Nonnulli
802 2309 968 2354 volunt,
996 2308 1039 2347 in
1058 2318 1185 2347 vena-

302 2374 420 2415 tione
439 2385 590 2413 necem
618 2372 702 2424 ipsi
726 2371 905 2411 illatam.
932 2369 1184 2422 Appianas:

298 2437 541 2490 Ἀσδροΰβιιν
556 2433 618 2486 δὲ,
647 2433 712 2473 ἐπὶ
741 2434 825 2474 τοῖς
855 2430 898 2471 δὲ
927 2430 1098 2484 Ἰβηρίας
1114 2429 1185 2471 τὸν

304 2500 377 2540 ὑπὸ
397 2496 673 2552 Καρχηδονίοις
686 2493 980 2547 καθιστάμενον,
994 2493 1090 2547 ἀνὴρ
1102 2494 1185 2533 δοῦ-

301 2571 387 2614 λος,
424 2559 470 2602 οὗ
498 2560 572 2601 τὸν
602 2557 798 2607 δεσπότην
819 2557 927 2607 dm&
955 2555 1183 2609 διεφθάρκει,

302 2627 432 2667 λαθὼν
446 2626 486 2666 ἐν
504 2621 747 2674 κυνηγεσίοις
763 2619 919 2672 ἀναιρεῖ.
965 2618 1036 2660 Ad
1055 2630 1183 2672 quem

301 2690 474 2731 accedit
492 2688 637 2730 Livius
655 2684 770 2727 Ann.
790 2695 892 2725 xxi.
947 2683 1048 2724 Non
1080 2693 1184 2734 ergo

301 2751 584 2795 dubitandum
602 2749 790 2800 videtur,
809 2746 915 2800 quin
935 2746 1015 2787 hoe
1033 2745 1184 2787 mortis

302 2828 462 2868 genere
510 2811 764 2854 interfectus
810 2811 870 2852 sit
920 2808 1182 2850 Hasdrubal.

300 2880 474 2920 Praeter
493 2877 604 2918 enim
637 2874 828 2917 adducta
862 2873 1183 2914 Historicorum

301 2942 563 2993 testimonia,
577 2940 711 2980 multa
728 2938 814 2979 alia
824 2943 938 2988 sunt,
957 2949 1011 2977 ex
1030 2936 1182 2990 quibus

299 3006 464 3060 liquido
500 3005 545 3045 id
575 3003 722 3044 videre
757 3006 838 3042 est.
895 2999 1059 3041 Incidit
1089 3000 1183 3052 ejus

300 3081 416 3111 mors
443 3067 489 3109 in
525 3079 682 3108 annum
716 3065 827 3107 Urb.
855 3062 1105 3105 Cond.582.
1134 3068 1185 3105 ut

302 3138 539 3186 supputant
557 3129 829 3182 chronologi.
857 3128 1058 3168 Kenchen.

357 3195 562 3235 Hannibal
590 3194 639 3235 ab
657 3194 833 3234 exercitu
860 3191 1008 3243 accepit
1026 3190 1185 3242 imperi-

302 3259 387 3310 um]
414 3259 637 3303 Justinus2
673 3259 686 3281 ‘
704 3256 847 3308 Major
863 3261 1045 3308 utroque
1066 3253 1184 3294 Han-

302 3320 418 3360 nibal
471 3322 720 3374 imperator‚
764 3318 1024 3361 Hamilcaris
1073 3317 1184 3358 filius

305 3383 526 3423 succedit?
565 3383 809 3435 Appianus:
837 3382 885 3422 Ἢ
928 3380 1114 3433 στρατεία
1139 3379 1183 3421 δὲ

304 3444 374 3486 τὸν
412 3445 607 3494 Ἀννίβαν,
627 3445 762 3497 καίπερ
790 3446 884 3485 ὄντα
915 3446 1050 3497 κομιδῇ
1082 3442 1183 3495 νέον,

302 3507 519 3562 ἀρέσκοντα
554 3507 594 3548 δὲ
626 3507 807 3560 ἰσχυρῶς,
835 3506 1059 3560 στρατηγὸν
1092 3506 1184 3548 ἀπέ-

303 3575 424 3629 δειξεν
442 3570 574 3626 αὐτὸν,
606 3570 670 3612 καὶ
701 3572 726 3621 ἡ
758 3571 1025 3623 Καρχηδονίων
1057 3571 1186 3620 βουλὴ

696 291 873 332 NOTAE
912 283 1247 330 VARloRU'M
1289 290 1354 329 IN
1396 290 1446 329 G.
1487 290 1749 331 NEPo'ris

1254 406 1449 450 συνέθετο,

1308 475 1570 528 Posteaquam
1599 487 1707 515 mare
1738 471 1916 523 transiit]
1959 473 2133 514 Fretum

1255 538 1533 590 Gaditanum,
1592 543 1864 579 transvectus
1916 538 2135 578 columnas

1255 600 1473 642 Herculis.
1503 602 1658 654 Polyb.

1306 664 1507 706 Adversus
1531 666 1731 719 Vettones]
1772 665 1843 706 Sic
1864 664 2135 706 scribendum

1254 726 1415 779 duplici
1450 731 1513 776 tt,-
1569 740 1656 770 non
1709 730 1904 770 Vectem.
1975 728 2135 770 Graece

1253 787 1468 832 Οὐέττονες
1486 792 1634 844 populi
1653 797 1753 833 sunt
1783 792 2012 844 Hispaniae
2030 792 2134 833 cite-

1253 853 1379 894 rioris
1406 854 1521 894 intra
1557 853 1695 895 Anam
1725 860 1772 896 et
1797 856 1961 908 Tagum
1980 853 2135 896 fluvios

1254 915 1310 958 ad
1363 916 1589 958 Orientale
1644 918 1952 960 Toletanorum
2003 919 2134 960 latus.

1254 977 1410 1019 Strabo
1428 990 1501 1021 ιιι.
1556 978 1624 1021 Ἐν
1653 978 1696 1021 δὲ
1725 981 1810 1022 τοῖς
1827 979 1905 1022 ἅνω
1922 980 2052 1034 μέρεσι
2069 981 2139 1022 καὶ

1254 1042 1518 1096 Rapa-mano),
1552 1042 1620 1084 καὶ
1653 1043 1874 1097 Ὀρητανοὶ,
1909 1043 1976 1085 καὶ
2013 1045 2134 1087 Οὐεν-

1251 1106 1375 1149 τόνων
1403 1107 1543 1159 συχνοὶ
1570 1107 1763 1158 νέμονται.
1819 1110 1934 1150 Item
1968 1109 2136 1151 Plinius

1252 1171 1326 1213 lib.
1358 1183 1422 1214 ιν.
1452 1175 1520 1214 20.
1549 1171 1753 1213 finitimos
1789 1172 2048 1225 Carpetauis
2076 1172 2138 1214 fa-

1252 1234 1326 1277 cit.
1370 1234 1633 1276 Prudentius
1649 1236 1806 1287 hymno
1821 1235 1877 1276 de
1895 1236 1939 1277 S.
1955 1237 2137 1286 Eulalia,

1251 1299 1484 1339 Emeritam
1502 1299 1740 1340 Vettonum
1768 1300 2038 1350 metropolim
2057 1312 2136 1341 no-

1250 1362 1408 1403 minat:
1452 1363 1466 1386 ⁴
1485 1363 1614 1404 Nune
1634 1363 1750 1404 locus
1771 1363 1965 1404 Emerita
1980 1369 2050 1405 est
2067 1370 2139 1404 tu-

1251 1426 1366 1467 mulo
1383 1426 1513 1466 Clara
1539 1426 1707 1467 colonia
1723 1426 1951 1467 Vettonia:
1990 1427 2132 1469 Quam

1249 1487 1541 1529 memorabilis
1575 1489 1710 1528 amnis
1731 1487 1827 1529 Ana
1859 1489 2068 1530 Praeterit
2087 1495 2134 1531 et

1249 1549 1465 1590 viridante
1495 1562 1628 1603 rapax
1648 1551 1834 1604 Gurgite
1865 1553 2022 1594 moenia
2039 1554 2134 1605 pul·

1250 1613 1352 1653 ebra
1371 1613 1520 1654 lavat.'
1573 1614 1734 1656 Strabo
1754 1627 1857 1656 vero
1875 1616 1919 1656 in
1933 1616 2134 1657 Turdulis

1249 1674 1492 1728 Augustam
1522 1677 1755 1718 Emeritam
1798 1678 2005 1720 collocat:
2055 1679 2137 1720 sed·

1250 1738 1445 1790 Hispano
1463 1739 1506 1779 in
1528 1738 1776 1790 Hispanicis
1798 1741 1942 1793 potius
1974 1741 2137 1783 haben·

1251 1801 1306 1842 da
1323 1801 1446 1854 fides,
1461 1814 1587 1855 quam
1603 1802 1763 1843 Graeco
1776 1803 1949 1843 bomini.
1979 1803 2134 1846 Sabou.

1249 1864 1302 1904 In
1321 1864 1433 1905 Msc.
1449 1865 1650 1909 Boeeleri
1659 1864 1860 1906 Veteones.
1889 1866 2137 1920 Dumquius

1248 1928 1492 1968 comment.
1509 1928 1551 1968 in
1570 1928 1648 1970 Sil.
1666 1928 1766 1970 Ital.
1781 1941 1880 1982 pag.
1900 1933 1966 1971 18.
1986 1932 2135 1973 mallet

1256 1988 1434 2031 Vetones.
1490 1991 1659 2031 Bosius.

1306 2053 1469 2094 Occisus
1487 2052 1565 2105 est]
1605 2052 1677 2094 Ad
1710 2059 1899 2095 castrum
1917 2055 2065 2106 altum,
2083 2060 2137 2095 ut

1251 2115 1313 2156 ait
1341 2116 1491 2157 Livius
1527 2117 1691 2158 Decad.
1722 2127 1795 2156 111.
1823 2117 1899 2157 lib.
1927 2121 1968 2158 Δ,
2012 2117 2133 2168 Mag.

1250 2178 1326 2219 Καὶ
1360 2180 1432 2228 τῆς
1448 2177 1592 2231 τάξεως
1609 2178 1868 2231 διαλυθείσης,
1886 2179 1924 2220 οἱ
1935 2178 2009 2230 μὲν
2023 2179 2133 2228 Ἴβη-

1247 2257 1310 2295 ρες
1346 2243 1478 2285 αὐτοῖς
1509 2242 1791 2296 ἐπιδραμόντες,
1824 2241 1943 2284 αὐτόν
1984 2257 2031 2283 τι
2063 2242 2135 2283 τὸν

1247 2304 1413 2358 Βάρκαν,
1434 2305 1500 2346 καὶ
1517 2305 1621 2347 πολὺ
1648 2308 1798 2355 πλῆθος
1813 2305 2056 2356 ἀμυνομένων
2072 2307 2137 2347 ἐπ’

1248 2369 1367 2421 αὐτῷ,
1396 2367 1624 2422 διέφθειραν.
1660 2368 1851 2421 Appian.
1880 2370 1946 2409 M.
1965 2368 2134 2410 AEmilio

1247 2437 1294 2472 et
1307 2433 1370 2473 M.
1389 2432 1521 2474 Junio
1539 2433 1657 2473 Coss.
1691 2432 1959 2471 Cassiodorus.

1301 2494 1435 2545 Hujus
1449 2499 1677 2547 perpetuum
1702 2494 1833 2534 odium
1860 2505 1957 2545 erg«
1985 2493 2132 2534 Roma-

1245 2557 1334 2610 nos]
1363 2558 1469 2610 Pro,
1489 2563 1643 2598 contra
1658 2557 1887 2597 Romanos.
1930 2556 2004 2598 Sic
2021 2558 2135 2598 solet

1249 2623 1413 2674 Nepos.
1484 2621 1597 2662 Haee
1634 2620 1749 2660 idem
1794 2619 1958 2661 diserte
1994 2620 2133 2662 tradit

1247 2685 1458 2738 Polybius
1487 2685 1562 2726 lib.
1598 2695 1669 2725 ιιι.
1706 2682 1888 2724 Lambini.
1933 2683 2133 2726 Valerius

1247 2750 1368 2791 Max.
1381 2749 1458 2790 lib.
1478 2760 1549 2791 xx.
1569 2752 1610 2790 3.
1639 2747 1786 2790 Livius
1807 2757 1908 2790 xxi.
1925 2754 1969 2789 et
1981 2758 2135 2790 xxxv.

1248 2813 1336 2855 aiii.

1300 2877 1441 2918 Putris
1450 2874 1786 2928 obtestationibus]
1815 2874 1984 2915 Praeter
2002 2874 2137 2927 Poly--

1247 2939 1364 2981 bium
1394 2939 1468 2979 lib.
1487 2951 1539 2979 ιι.
1580 2939 1748 2979 Livium
1781 2948 1880 2978 xxi.
1913 2943 1962 2978 et
1982 2946 2132 2979 xxxva

1246 3001 1346 3044 infr.
1366 3002 1409 3042 in
1432 3002 1699 3043 Hannibale:
1727 3000 1925 3041 Valerius
1960 3000 2034 3042 lib.
2063 3011 2131 3042 ix.

1247 3069 1287 3108 3.
1312 3064 1476 3107 Samo.
1992 3092 1994 3095 f

1302 3128 1496 3169 Romam
1523 3140 1600 3169 non
1629 3126 1826 3179 experiri]
1867 3125 2132 3176 Periclitari,

1249 3192 1334 3242 vel,
1351 3191 1591 3243 periculum
1622 3189 1767 3231 facere
1798 3189 1969 3230 virtutis
1986 3195 2033 3230 et
2051 3201 2129 3241 po·

1248 3254 1400 3295 tentiae
1433 3254 1734 3294 Romanorum.
1771 3252 2016 3300 Lambinus
2054 3250 2131 3290 In·

1247 3319 1316 3360 fra
1334 3319 1377 3359 in
1399 3319 1672 3360 Hannibale:
1702 3321 1715 3342 ‘
1737 3318 1822 3359 Hic
1843 3323 1988 3357 autem
2008 3315 2131 3356 velut

1247 3382 1500 3423 haereditate
1519 3382 1717 3423 relictum
1735 3380 1878 3432 odium
1899 3382 2126 3430 paternum

1248 3458 1352 3499 erga
1371 3447 1581 3487 Romanos
1597 3445 1658 3485 sic
1677 3440 1957 3487 conservavit,
1977 3445 2025 3480 ut
2044 3441 2130 3492 pri-

1248 3522 1298 3549 us
1345 3509 1543 3562 animam,
1593 3517 1720 3560 qum
1763 3503 1807 3545 id
1851 3503 2128 3557 deposuerit.’

1247 3571 1447 3613 Schottus.
1490 3562 1494 3569 '
