2326 3944
708 263 793 301 1v.
859 259 1254 311 Pausaniam,
1293 260 1429 300 cm».
1466 246 1520 300 3.

203 383 392 436 lyaenum
429 382 505 423 lib.
541 393 595 422 ιι.
631 381 677 422 in
714 380 937 430 Clearclio,
973 391 1086 420 com-

204 451 339 488 ment.
368 451 406 488 7.
464 446 613 498 Nepos
631 443 746 485 infra
774 445 818 485 in
848 442 1087 495 Pelopida:

202 512 214 533 ⁸
235 510 378 564 quue
395 521 473 550 suo
493 509 675 561 privato,
703 519 789 548 non
820 506 993 559 publico
1024 504 1089 546 fe-

204 575 270 616 eit
302 574 484 616 consilio
518 573 594 626 [de
613 569 1087 624 Phoebidaloquitur];

206 650 290 691 quo
308 636 429 678 facto
445 648 540 678 enm
559 634 878 677 Lacedaemonii
895 633 949 675 ab
968 645 1091 674 exer-

203 702 296 743 citu
315 705 616 752 removerunt,
635 698 905 752 pecuniaque
933 697 1090 738 multa-

205 764 336 807 runt!
365 763 499 805 Gebh.

258 828 371 870 Car.
398 831 440 868 3.
470 825 681 879 Cogitata]
726 825 796 867 Sic
827 823 1000 866 restitui
1033 835 1089 864 ex

202 890 465 944 Thucydide,
489 902 570 943 pro
602 901 687 943 quo
720 887 884 940 vulgati
913 886 1089 929 codices

203 953 424 994 habebant
451 951 670 1003 mendose,
700 951 885 1003 cognita.-
911 950 984 992 Sic
1015 962 1088 990 au·

206 1017 414 1058 tem-ille:
443 1016 557 1058 Ἀλλ’
590 1014 719 1069 ἔργοις
736 1012 908 1067 βραχέσι
924 1011 1089 1066 τρονδή-

205 1087 295 1129 λου,
308 1078 395 1134 0,τῇ
405 1079 541 1135 ’γνώμῃ
554 1078 738 1131 μειζόνως
748 1075 932 1118 ἐσέπειτα
942 1075 1095 1126 ἔμελλε.

205 1141 372 1195 πράξειν.
426 1143 555 1186 Quod
588 1143 624 1183 si
657 1142 752 1196 quis
782 1141 906 1182 malit
937 1141 1088 1193 reponi

202 1210 358 1257 mua,
384 1206 584 1260 equidem
603 1217 688 1246 non
708 1216 960 1258 repugnem,
983 1203 1087 1257 quin

203 1269 245 1310 ei
264 1268 388 1310 valde
406 1268 631 1310 assentiar.
687 1269 803 1309 Nam
831 1267 926 1308 haec
952 1266 1088 1318 scrip·

204 1338 304 1375 tura
333 1334 469 1386 magis
501 1346 599 1374 cum
634 1332 776 1373 verbis
820 1330 1086 1384 Thucydidis

204 1407 332 1450 qnam
377 1397 574 1449 superior
628 1397 842 1450 congruit.
904 1395 1087 1436 Lambin.

205 1461 352 1501 Caesar
371 1460 426 1501 de
444 1461 558 1502 Bell.
588 1461 705 1501 Gall.
736 1460 812 1501 lib.
827 1472 860 1502 1.
879 1463 919 1502 3.
945 1460 958 1483 ‘
977 1460 1086 1500 Per-

206 1521 334 1565 facile
372 1523 491 1565 factu
512 1536 608 1565 esse
635 1524 721 1564 illis
751 1524 906 1577 probat
931 1528 1088 1566 conata

205 1585 447 1638 perficere?
492 1587 684 1628 Velleius
702 1587 924 1628 Patercul.
944 1587 1021 1629 lib.
1034 1599 1086 1629 u.

202 1653 272 1692 29.
299 1652 313 1674 ‘
329 1651 534 1692 Privatus
552 1658 601 1693 ut
620 1651 788 1704 opibus,
805 1651 868 1692 ita
899 1652 1093 1693 consiliis

205 1720 362 1766 magua
399 1726 527 1755 ausus
571 1714 886 1769 magnificeque
932 1721 1090 1757 conata

205 1776 462 1817 exsecutus!
516 1777 693 1818 Sueton-
723 1777 868 1820 Galba
893 1790 990 1831 cap.
1019 1782 1087 1820 1⁷.

203 1839 216 1861 ‘
238 1839 492 1880 Faciliorem
530 1841 796 1882 occasionem
847 1842 911 1883 M.
944 1843 1088 1884 Salvio

207 1902 369 1944 Othoni
405 1905 595 1957 praebuit
622 1904 874 1958 perficiendi
902 1905 1087 1948 conata.’

204 1966 361 2009 Juven.
376 1967 518 2021 Satyr.
533 1979 637 2009 xm.
653 1969 666 1991 ‘
688 1969 799 2010 Nam
817 1970 955 2010 scelus
975 1970 1092 2010 intra

207 2043 254 2071 se
288 2032 465 2072 tacitum
492 2032 563 2085 qui
591 2031 758 2084 cogitat
786 2032 934 2084 ullum,
962 2033 1089 2074 Facti

208 2093 371 2135 crimen
386 2094 529 2135 habet.
585 2095 721 2148 Cedo,
751 2095 788 2136 si
820 2100 976 2137 conata
995 2107 1089 2149 per-

206 2156 298 2210 egit
312 2157 342 2197 2'
375 2158 576 2199 Gebhard.

261 2220 487 2263 Nmrenim
518 2234 642 2263 mores
662 2215 817 2274 patrios
846 2222 989 2272 solnm,
1022 2221 1094 2262 sed

205 2283 326 2324 etiam
341 2285 506 2336 cultum,
519 2285 777 2337 vestitumque
786 2283 976 2336 mutavit]
1002 2284 1090 2325 Va-

203 2347 337 2388 lerius
355 2348 570 2390 Maximus
588 2347 662 2389 lib.
675 2360 727 2389 11.
745 2351 785 2388 6.
807 2349 820 2371 ‘
835 2348 1092 2400 Pausanias,

207 2410 279 2464 qui
298 2411 492 2453 maximis
521 2412 724 2465 operibus
753 2411 898 2460 editis,
927 2416 976 2453 ut
1003 2411 1095 2465 pri-v

205 2486 320 2515 mum
340 2487 387 2517 se
405 2474 523 2518 Asiae
541 2475 732 2517 moribus
756 2475 977 2528 permisit,
1004 2474 1095 2517 for-

207 2538 435 2580 titudinem
452 2551 573 2580 suam
590 2538 854 2580 effoeminato
885 2539 979 2592 ejus
999 2540 1095 2581 cul-

207 2607 258 2644 tu
286 2603 452 2644 mollire
488 2615 574 2644 non
601 2602 807 2644 erubuit.’
859 2601 977 2644 Huic
1005 2614 1090 2644 non

207 2664 412 2707 absimilis
457 2663 543 2707 fuit
587 2665 744 2706 Darius
792 2664 1095 2706 Codomannus

208 2727 324 2778 apud
343 2727 596 2779 megaram,
625 2734 674 2769 et
703 2733 803 2780 post
820 2728 941 2769 illum
958 2727 1090 2769 Alex-

211 2788 347 2829 ander
398 2789 514 2842 apud
563 2789 818 2842 Diodorum,
874 2790 1089 2842 Curtium,

208 2850 477 2892 Athenaeum.
544 2851 694 2892 Solent
724 2857 869 2893 autem
904 2851 967 2892 illi
1006 2864 1099 2894 una,

207 2926 302 2954 cum
324 2913 516 2955 vestibus
534 2913 714 2956 exoticis
747 2925 890 2955 mores
927 2914 1092 2967 patrios

207 2990 383 3031 exuere,
400 2983 448 3019 et
475 2977 650 3019 aliarum
669 2977 878 3030 gentium,
910 2990 1089 3030 quarum

208 3040 416 3083 vestitum
449 3040 689 3092 imitantur,
720 3052 860 3082 mores
893 3040 1088 3082 induere.

207 3103 336 3145 Unde
355 3104 510 3156 Poeta,
524 3106 536 3127 ‘
553 3103 750 3146 Affectus
768 3105 928 3158 patrios
947 3105 1090 3157 patria

207 3179 303 3207 cum
341 3173 462 3207 veste
495 3166 770 3220 relinquunt.'
825 3167 1088 3209 Keaoehenias.

211 3228 304 3277 Liv.
335 3229 410 3270 lib.
436 3240 566 3270 xxiv.
601 3241 698 3281 cap.
734 3228 790 3269 de
821 3229 1103 3281 Hieronymo.

206 3291 366 3340 Siciliae
389 3304 518 3346 rege:
548 3294 560 3314 ‘
575 3292 693 3333 Hinc
715 3296 803 3333 tam
821 3292 1086 3345 superbum‚’

205 3356 360 3410 inquit,
377 3358 390 3380 ⁴
407 3363 661 3411 apparatum
693 3355 970 3409 habitumque
987 3367 1088 3397 con-

205 3420 432 3467 venientes
466 3419 753 3473 sequebantur
788 3430 956 3468 mores;
986 3430 1087 3459 con-

207 3489 365 3525 temtus
398 3485 585 3526 omnium
617 3484 850 3537 homiuum,
887 3483 1086 3537 superbae

1924 245 2037 300 463

1151 390 1291 430 aures,
1309 378 1617 420 contumeliosa
1630 376 1776 418 dicta.’
1824 378 1944 418 Curt.
1958 378 2034 418 lib.

1148 453 1212 483 vs.
1232 445 1299 482 32.
1326 443 1411 483 ‘Et
1429 442 1502 482 ille
1520 454 1567 483 se
1597 441 1772 495 quidem
1798 441 2034 482 Persarum

1149 505 1286 558 spolia
1304 510 1473 557 gestare
1499 505 1693 557 dicebat,
1726 503 1802 546 sed
1831 504 2036 545 cumillis

1149 581 1320 622 quoque
1351 580 1492 609 mores
1518 568 1738 619 induerat,
1769 566 2037 620 superbiam-

1151 640 1236 684 que
1268 629 1437 671 habitus
1465 630 1596 671 animi
1627 630 1859 671 insolentia
1888 641 2039 684 seque⁴

1149 693 1308 735 batur.’
1362 694 1514 736 Solent
1533 694 1644 734 enim
1664 694 1758 745 ejus
1777 694 1933 746 gentis,
1961 694 2037 734 cuss

1142 756 1218 810 jus
1256 757 1440 811 gratiam
1478 770 1530 798 ac
1563 757 1708 799 studia
1751 761 2040 809 aucupantur,

1150 821 1356 862 vestitum
1385 832 1555 874 quoqne
1585 826 1718 874 atque
1752 819 1944 860 habitum
1971 831 2038 859 as⁴

1150 895 1345 925 sume-re:
1374 883 1550 936 deinde,
1570 883 1626 923 ad
1654 894 1765 936 quos
1793 882 1934 923 auimo
1964 881 2039 922 de-

1148 947 1384 999 sciverunt,
1415 948 1536 988 cultu
1555 958 1726 1000 quoque
1757 946 2043 999 degenerare..

1150 1013 1218 1052 De
1248 1010 1509 1052 Germanico
1540 1010 1679 1051 Tacit.
1705 1008 1860 1050 Annal.
1886 1008 1963 1050 lib.
1982 1020 2038 1049 ιι.

1149 1077 1216 1115 59.
1270 1074 1471 1115 Valerius
1490 1073 1566 1115 lib.
1585 1085 1656 1114 ιιι.
1674 1076 1715 1114 6.
1735 1076 1777 1114 1.
1805 1072 1861 1113 de
1880 1072 1934 1112 P.
1949 1072 2039 1113 Sci-

1149 1137 1294 1190 pione.
1321 1137 1474 1178 Florus
1507 1137 1584 1177 lib.
1599 1149 1664 1178 ιν.
1685 1141 1752 1179 11.
1782 1137 1838 1178 de
1870 1137 1935 1178 M.
1953 1136 2039 1178 An·

1150 1202 1294 1243 tonio:
1321 1202 1424 1242 Non
1456 1202 1591 1242 solum
1624 1207 1768 1242 antem
1801 1200 2037 1254 transfugae

1150 1263 1366 1317 patriique
1384 1264 1513 1304 moris
1532 1263 1775 1305 desertores
1790 1264 2038 1306 devincien-

1149 1327 1215 1368 dis
1234 1327 1303 1380 iis,
1321 1339 1502 1381 quorum
1519 1339 1622 1379 opes
1636 1327 1884 1379 adulantur,
1912 1338 2037 1380 pere*

1149 1391 1283 1444 griuis
1303 1391 1497 1432 vestibus
1517 1402 1564 1431 se
1579 1397 1790 1442 onerant3
1823 1391 1901 1432 sed
1919 1393 2043 1445 lega-r

1150 1454 1185 1495 ti
1204 1455 1338 1495 etiam
1357 1466 1521 1506 eorum,
1551 1453 1605 1495 ad
1633 1466 1746 1508 quos·
1759 1466 1786 1495 a
1803 1455 2042 1508 superiori-

1149 1516 1229 1558 bus
1258 1517 1372 1558 missi
1404 1517 1583 1569 adeunt,
1614 1516 1810 1558 habitum
1835 1519 2041 1559 aemulan-

1150 1586 1237 1623 tur.
1292 1580 1503 1634 Exagitat
1520 1581 1602 1622 hoc
1634 1581 1679 1622 in
1697 1579 1869 1622 Ruffino
1888 1581 2045 1629 Claudae

1149 1644 1223 1685 lib.
1240 1655 1296 1685 11.
1316 1657 1380 1684 vs.
1396 1648 1464 1685 75.
1494 1649 1541 1685 et
1567 1649 1766 1698 sequent.
1820 1644 2044 1686 Caeterum·

1150 1713 1199 1748 ut
1222 1708 1294 1749 hic
1321 1708 1558 1749 Pausanias
1586 1708 1808 1749 Persicum
1842 1708 2046 1750 habiturn·

1151 1773 1494 1824 assimulaverat,
1528 1771 1643 1826 quod
1671 1772 1730 1814 ad
1759 1785 1836 1814 eos
1856 1773 2042 1815 transire

1153 1837 1388 1877 meditatus
1420 1842 1542 1878 erat:
1571 1837 1636 1878 ita
1661 1837 1734 1891 qui
1763 1837 2040 1879 Lacedaemo·

1152 1900 1233 1941 niis
1262 1899 1514 1952 studebant,
1551 1898 1757 1942 affectum
1777 1913 1899 1942 suum
1919 1903 2040 1952 cultu

1153 1976 1301 2005 eorum
1320 1969 1544 2017 assumpto
1571 1963 1865 2004 denudabant.
1920 1962 2045 2004 Aris-

1155 2028 1365 2080 tophanes
1387 2027 1571 2069 Crabon.
1613 2025 1690 2067 Καὶ
1707 2026 1827 2077 ξυνὼν
1853 2025 2045 2080 Βρασίδᾳ,-

1153 2088 1219 2131 nal
1255 2089 1384 2143 φορῶν
1419 2088 1631 2143 Κράσπεδα
1661 2088 1910 2142 στεμμάτων,
1964 2090 2041 2139 τὴν

1154 2153 1189 2194 θ’
1237 2151 1386 2203 ὑπήνην
1429 2152 1594 2207 ἄκουρον
1627 2151 1793 2207 τρέφων.
1866 2154 2040 2196 Scholia

1152 2217 1319 2259 addunt
1344 2217 1433 2259 ἀντὶ
1461 2219 1534 2258 τοῦ
1558 2217 1802 2270 Λακωνίζων.
1831 2217 1895 2257 ὅτι
1910 2218 1948 2258 ol
1963 2223 2041 2259 Λα·

1153 2279 1382 2333 κωνίζοντες
1397 2282 1562 2322 τοιαῦτα
1573 2280 1820 2329 ἐπετήδευον.
1836 2281 2040 2323 Gebhard.

1151 2344 1225 2385 Sic
1239 2349 1286 2385 et
1304 2343 1553 2384 Alexander
1573 2344 1628 2385 ob
1659 2344 1888 2386 Persicum
1921 2343 2040 2386 habi-

1154 2413 1246 2449 tum
1267 2408 1311 2448 in
1340 2407 1544 2448 invidiam
1564 2408 1703 2460 venit,
1721 2407 1921 2461 quodque
1941 2419 2045 2449 eum

1154 2471 1438 2512 Callisthenes
1473 2483 1525 2512 eo
1556 2472 1727 2512 nomine
1746 2471 2042 2524 reprehendis·

1155 2542 1224 2578 set
1256 2549 1408 2589 graves
1435 2548 1584 2588 poenas
1603 2535 1740 2577 dedit.
1795 2534 1956 2576 Strabo
1974 2545 2040 2576 xi.

1154 2599 1404 2652 Geograph.
1433 2599 1587 2640 Schott.

1206 2662 1419 2715 Apparatus
1436 2662 1548 2713 regio
1565 2660 1766 2712 utebatur]
1809 2660 1922 2700 Haec
1942 2659 2039 2699 bre-

1153 2726 1269 2767 viter
1287 2724 1582 2776 Thucydides,
1599 2736 1696 2776 quae
1727 2722 1897 2763 Probus
1918 2722 2039 2774 copi-

1153 2801 1227 2829 ose
1258 2788 1546 2841 persequitur.
1601 2786 1855 2826 Herodotus
1895 2791 2037 2826 tamen

1151 2850 1226 2891 lib.
1245 2861 1310 2891 lx.
1331 2855 1495 2900 narrat,
1512 2846 1585 2889 τὸν
1602 2846 1826 2896 Παυσανίην
1838 2846 2038 2898 γελάσω·

1151 2929 1206 2954 τα
1238 2911 1563 2966 μεταπέμψασθαι
1597 2914 1678 2952 τῶν
1710 2910 1914 2960 Ἑλλήνων
1944 2910 2039 2953 τοὺς

1153 2976 1418 3031 στρατηγοὺς,
1468 2983 1515 3018 et
1548 2977 1599 3017 iis
1636 2976 1862 3017 Medorum
1903 2975 2038 3015 Ducis

1151 3042 1381 3082 amentiam
1413 3041 1457 3081 in
1490 3039 1743 3094 apparando
1764 3040 1868 3080 luxu
1894 3044 2037 3080 osten·

1151 3104 1284 3145 disse.

1212 3168 1328 3209 Veste
1359 3166 1541 3219 Medica]
1589 3165 1823 3207 Athenaeus
1853 3163 1929 3205 lib.
1950 3175 2037 3205 ιιι.

1151 3229 1384 3277 Παυσανίας.
1411 3231 1435 3269 ὁ
1453 3230 1706 3281 Σπαρτιατῶν
1730 3225 1935 3280 βασιλεὺς,
1966 3241 2036 3269 κα-

1149 3293 1357 3344 ταθέμενος
1374 3292 1446 3333 τὸν
1462 3291 1624 3345 πάτριον
1639 3291 1827 3345 τρίβωνα,
1845 3291 1920 3340 τὴν
1938 3297 2036 3345 Περ-

1150 3357 1266 3406 σικὴν
1314 3354 1525 3397 ἐνεδύσατο
1579 3354 1745 3403 στολήν.
1805 3355 2034 3396 Lambinus.

1151 3420 1390 3473 Procopius
1422 3419 1495 3461 lib.
1515 3431 1548 3460 ι.
1586 3418 1688 3460 belli
1719 3419 1915 3468 Persici3
1945 3430 2036 3458 ves-

1151 3492 1238 3527 tem
1259 3484 1398 3526 serico
1417 3482 1676 3536 confectam,
1706 3482 1922 3523 Medicam
1944 3481 2035 3523 dic-
