<?xml version="1.0" encoding="UTF-8"?>
<!DOCTYPE html PUBLIC "-//W3C//DTD XHTML 1.0 Transitional//EN"
    "http://www.w3.org/TR/xhtml1/DTD/xhtml1-transitional.dtd">
<html xmlns="http://www.w3.org/1999/xhtml" xml:lang="en" lang="en">
 <head>
  <title>
</title>
<meta http-equiv="Content-Type" content="text/html;charset=utf-8" />
  <meta name='ocr-system' content='tesseract 3.04.00' />
  <meta name='ocr-capabilities' content='ocr_page ocr_carea ocr_par ocr_line ocrx_word'/>
</head>
<body>
  <div class='ocr_page' id='page_1' title='image "./vitaeexcellentiu02nepouoft_0450.png"; bbox 0 0 2306 3900; ppageno 0'>
   <div class='ocr_carea' id='block_1_1' title="bbox 287 279 459 332">
    <p class='ocr_par' dir='ltr' id='par_1_1' title="bbox 287 279 459 332">
     <span class='ocr_line' id='line_1_1' title="bbox 287 279 459 332; baseline 0.012 -2"><span class='ocrx_word' id='word_1_1' title='bbox 287 279 459 332; x_wconf 78' lang='lat' dir='ltr'>cxxiv</span> 
     </span>
    </p>
   </div>
   <div class='ocr_carea' id='block_1_2' title="bbox 296 413 1176 952">
    <p class='ocr_par' dir='ltr' id='par_1_2' title="bbox 344 413 1171 522">
     <span class='ocr_line' id='line_1_2' title="bbox 345 413 1171 468; baseline -0.001 -13"><span class='ocrx_word' id='word_1_2' title='bbox 345 416 460 467; x_wconf 81' lang='lat' dir='ltr'>vero)</span> <span class='ocrx_word' id='word_1_3' title='bbox 487 416 610 465; x_wconf 31' lang='lat' dir='ltr'>xix,8·</span> <span class='ocrx_word' id='word_1_4' title='bbox 646 427 735 453; x_wconf 83' lang='lat' dir='ltr'>cum</span> <span class='ocrx_word' id='word_1_5' title='bbox 755 413 914 467; x_wconf 79' lang='lat' dir='ltr'>quidem</span> <span class='ocrx_word' id='word_1_6' title='bbox 932 413 1076 459; x_wconf 79' lang='lat' dir='ltr'>bellum</span> <span class='ocrx_word' id='word_1_7' title='bbox 1103 427 1171 468; x_wconf 84' lang='lat' dir='ltr'>pa-</span> 
     </span>
     <span class='ocr_line' id='line_1_3' title="bbox 344 468 977 522; baseline -0.002 -13"><span class='ocrx_word' id='word_1_8' title='bbox 344 471 444 510; x_wconf 83' lang='lat' dir='ltr'>rabis</span> <span class='ocrx_word' id='word_1_9' title='bbox 462 470 695 522; x_wconf 80' lang='lat' dir='ltr'>(cum&#39;vero,</span> <span class='ocrx_word' id='word_1_10' title='bbox 713 468 796 519; x_wconf 74' lang='lat' dir='ltr'>niu)</span> <span class='ocrx_word' id='word_1_11' title='bbox 825 468 933 516; x_wconf 82' lang='lat' dir='ltr'>xxiii,</span> <span class='ocrx_word' id='word_1_12' title='bbox 951 473 977 508; x_wconf 98' lang='grc'>2</span> 
     </span>
    </p>

    <p class='ocr_par' dir='ltr' id='par_1_3' title="bbox 296 522 1176 952">
     <span class='ocr_line' id='line_1_4' title="bbox 296 522 1173 576; baseline -0.005 -12"><span class='ocrx_word' id='word_1_13' title='bbox 296 523 419 570; x_wconf 81' lang='lat' dir='ltr'><strong>Quies</strong></span> <span class='ocrx_word' id='word_1_14' title='bbox 438 522 674 576; x_wconf 74' lang='grc' dir='ltr'>(ἀδιαφορία,</span> <span class='ocrx_word' id='word_1_15' title='bbox 693 522 852 574; x_wconf 84' lang='lat' dir='ltr'>quando</span> <span class='ocrx_word' id='word_1_16' title='bbox 872 522 974 574; x_wconf 88' lang='lat' dir='ltr'>bello</span> <span class='ocrx_word' id='word_1_17' title='bbox 995 527 1037 562; x_wconf 89' lang='lat' dir='ltr'>et</span> <span class='ocrx_word' id='word_1_18' title='bbox 1056 522 1173 573; x_wconf 83' lang='lat' dir='ltr'>parti-</span> 
     </span>
     <span class='ocr_line' id='line_1_5' title="bbox 346 572 1173 630; baseline -0.004 -13"><span class='ocrx_word' id='word_1_19' title='bbox 346 579 416 617; x_wconf 90' lang='lat' dir='ltr'>bus</span> <span class='ocrx_word' id='word_1_20' title='bbox 432 575 692 630; x_wconf 72' lang='lat' dir='ltr'>abstinemus)</span> <span class='ocrx_word' id='word_1_21' title='bbox 712 590 802 622; x_wconf 84' lang='lat' dir='ltr'>xxv,</span> <span class='ocrx_word' id='word_1_22' title='bbox 815 580 839 617; x_wconf 87' lang='grc'><strong>7</strong></span> <span class='ocrx_word' id='word_1_23' title='bbox 858 572 943 628; x_wconf 84' lang='lat' dir='ltr'>(Sic</span> <span class='ocrx_word' id='word_1_24' title='bbox 965 581 976 599; x_wconf 91' lang='lat'>‘</span> <span class='ocrx_word' id='word_1_25' title='bbox 989 575 1173 629; x_wconf 86' lang='lat' dir='ltr'>quietus,’</span> 
     </span>
     <span class='ocr_line' id='line_1_6' title="bbox 347 629 1172 683; baseline -0.002 -13"><span class='ocrx_word' id='word_1_26' title='bbox 347 631 416 683; x_wconf 90' lang='lat' dir='ltr'>qui</span> <span class='ocrx_word' id='word_1_27' title='bbox 441 637 500 670; x_wconf 86' lang='lat' dir='ltr'>est</span> <span class='ocrx_word' id='word_1_28' title='bbox 518 637 625 670; x_wconf 89' lang='lat' dir='ltr'>neut.</span> <span class='ocrx_word' id='word_1_29' title='bbox 646 629 828 683; x_wconf 83' lang='lat' dir='ltr'>partium,</span> <span class='ocrx_word' id='word_1_30' title='bbox 855 643 897 668; x_wconf 84' lang='lat' dir='ltr'>v.·</span> <span class='ocrx_word' id='word_1_31' title='bbox 923 643 1010 669; x_wconf 83' lang='lat' dir='ltr'>mox</span> <span class='ocrx_word' id='word_1_32' title='bbox 1038 629 1172 676; x_wconf 86' lang='lat' dir='ltr'>Quiet.</span> 
     </span>
     <span class='ocr_line' id='line_1_7' title="bbox 344 684 1173 736; baseline -0.001 -12"><span class='ocrx_word' id='word_1_33' title='bbox 344 685 409 725; x_wconf 90' lang='lat' dir='ltr'>Sic</span> <span class='ocrx_word' id='word_1_34' title='bbox 434 689 445 708; x_wconf 90' lang='lat'>‘</span> <span class='ocrx_word' id='word_1_35' title='bbox 461 684 689 736; x_wconf 83' lang='lat' dir='ltr'>quiescere‚&#39;</span> <span class='ocrx_word' id='word_1_36' title='bbox 719 684 830 736; x_wconf 82' lang='lat' dir='ltr'>sequi</span> <span class='ocrx_word' id='word_1_37' title='bbox 857 690 1012 723; x_wconf 81' lang='lat' dir='ltr'>neutras</span> <span class='ocrx_word' id='word_1_38' title='bbox 1031 689 1173 735; x_wconf 84' lang='lat' dir='ltr'>partes.</span> 
     </span>
     <span class='ocr_line' id='line_1_8' title="bbox 343 734 1174 790; baseline -0.004 -12"><span class='ocrx_word' id='word_1_39' title='bbox 343 736 478 778; x_wconf 88' lang='lat' dir='ltr'>Livius</span> <span class='ocrx_word' id='word_1_40' title='bbox 495 739 538 778; x_wconf 82' lang='grc' dir='ltr'>ἐκ</span> <span class='ocrx_word' id='word_1_41' title='bbox 549 734 812 790; x_wconf 78' lang='grc' dir='ltr'>παραλλήλου</span> <span class='ocrx_word' id='word_1_42' title='bbox 828 737 1037 790; x_wconf 82' lang='lat' dir='ltr'>conjungit</span> <span class='ocrx_word' id='word_1_43' title='bbox 1055 742 1067 759; x_wconf 88' lang='lat'><em>‘</em></span> <span class='ocrx_word' id='word_1_44' title='bbox 1086 738 1174 789; x_wconf 87' lang='lat' dir='ltr'>qui-</span> 
     </span>
     <span class='ocr_line' id='line_1_9' title="bbox 345 789 1176 844; baseline -0.004 -12"><span class='ocrx_word' id='word_1_45' title='bbox 345 790 526 833; x_wconf 88' lang='lat' dir='ltr'>esceretis</span> <span class='ocrx_word' id='word_1_46' title='bbox 539 790 857 844; x_wconf 85' lang='lat' dir='ltr'>abstineretisque</span> <span class='ocrx_word' id='word_1_47' title='bbox 870 791 995 831; x_wconf 81' lang='lat' dir='ltr'>armis’</span> <span class='ocrx_word' id='word_1_48' title='bbox 1011 792 1037 830; x_wconf 90' lang='lat' dir='ltr'>l.</span> <span class='ocrx_word' id='word_1_49' title='bbox 1057 789 1176 838; x_wconf 79' lang='lat' dir='ltr'>xxxii,</span> 
     </span>
     <span class='ocr_line' id='line_1_10' title="bbox 299 898 1176 952; baseline -0.002 -12"><span class='ocrx_word' id='word_1_50' title='bbox 299 898 511 948; x_wconf 82' lang='lat' dir='ltr'>Quiescere</span> <span class='ocrx_word' id='word_1_51' title='bbox 565 901 766 952; x_wconf 86' lang='lat' dir='ltr'>(somnum</span> <span class='ocrx_word' id='word_1_52' title='bbox 813 899 975 952; x_wconf 79' lang='lat' dir='ltr'><strong>capere)</strong></span> <span class='ocrx_word' id='word_1_53' title='bbox 1021 898 1088 945; x_wconf 87' lang='lat' dir='ltr'>vii,</span> <span class='ocrx_word' id='word_1_54' title='bbox 1125 901 1176 938; x_wconf 85' lang='lat'>10</span> 
     </span>
    </p>
   </div>
   <div class='ocr_carea' id='block_1_3' title="bbox 1100 290 1300 330">
    <p class='ocr_par' dir='ltr' id='par_1_4' title="bbox 1100 290 1300 330">
     <span class='ocr_line' id='line_1_11' title="bbox 1100 290 1300 330; baseline 0.005 -2"><span class='ocrx_word' id='word_1_55' title='bbox 1100 290 1300 330; x_wconf 78' lang='lat' dir='ltr'><strong>INDEX</strong></span> 
     </span>
    </p>
   </div>
   <div class='ocr_carea' id='block_1_4' title="bbox 1236 411 2122 530">
    <p class='ocr_par' dir='ltr' id='par_1_5' title="bbox 1236 411 2122 530">
     <span class='ocr_line' id='line_1_12' title="bbox 1236 411 1639 461; baseline 0.005 -10"><span class='ocrx_word' id='word_1_56' title='bbox 1236 411 1460 461; x_wconf 82' lang='lat' dir='ltr'>Quotannis</span> <span class='ocrx_word' id='word_1_57' title='bbox 1486 413 1594 460; x_wconf 72' lang='lat' dir='ltr'>xxiii,</span> <span class='ocrx_word' id='word_1_58' title='bbox 1614 417 1639 453; x_wconf 87' lang='grc'><strong>7</strong></span> 
     </span>
     <span class='ocr_line' id='line_1_13' title="bbox 1236 466 2122 530; baseline 0.003 -24"><span class='ocrx_word' id='word_1_59' title='bbox 1236 467 1499 515; x_wconf 84' lang='lat' dir='ltr'>Quotidianus</span> <span class='ocrx_word' id='word_1_60' title='bbox 1514 466 1812 530; x_wconf 36' lang='lat' dir='ltr'>victus-&lt;indies</span> <span class='ocrx_word' id='word_1_61' title='bbox 1829 467 2004 522; x_wconf 76' lang='lat' dir='ltr'>singulos</span> <span class='ocrx_word' id='word_1_62' title='bbox 2018 477 2122 524; x_wconf 64' lang='lat' dir='ltr'>pra&gt;-</span> 
     </span>
    </p>
   </div>
   <div class='ocr_carea' id='block_1_5' title="bbox 1290 517 2119 627">
    <p class='ocr_par' dir='ltr' id='par_1_6' title="bbox 1290 517 2119 627">
     <span class='ocr_line' id='line_1_14' title="bbox 1291 517 2119 573; baseline 0.007 -14"><span class='ocrx_word' id='word_1_63' title='bbox 1291 521 1372 560; x_wconf 88' lang='lat' dir='ltr'>beri</span> <span class='ocrx_word' id='word_1_64' title='bbox 1399 520 1558 573; x_wconf 80' lang='lat' dir='ltr'>solitus)</span> <span class='ocrx_word' id='word_1_65' title='bbox 1585 522 1693 569; x_wconf 74' lang='lat' dir='ltr'>xviii,</span> <span class='ocrx_word' id='word_1_66' title='bbox 1714 525 1766 563; x_wconf 91' lang='grc'>12</span> <span class='ocrx_word' id='word_1_67' title='bbox 1803 523 1933 563; x_wconf 71' lang='lat' dir='ltr'>cuitus</span> <span class='ocrx_word' id='word_1_68' title='bbox 1958 517 2051 572; x_wconf 50' lang='lat' dir='ltr'>xxvj</span> <span class='ocrx_word' id='word_1_69' title='bbox 2066 527 2119 566; x_wconf 72' lang='lat'>14</span> 
     </span>
     <span class='ocr_line' id='line_1_15' title="bbox 1290 574 1791 627; baseline 0.004 -13"><span class='ocrx_word' id='word_1_70' title='bbox 1290 574 1511 627; x_wconf 80' lang='lat' dir='ltr'>quotidiani</span> <span class='ocrx_word' id='word_1_71' title='bbox 1526 581 1675 615; x_wconf 83' lang='lat' dir='ltr'>sumtus</span> <span class='ocrx_word' id='word_1_72' title='bbox 1707 589 1748 623; x_wconf 85' lang='lat' dir='ltr'>x,</span> <span class='ocrx_word' id='word_1_73' title='bbox 1766 579 1791 617; x_wconf 97' lang='grc'><strong>7</strong></span> 
     </span>
    </p>
   </div>
   <div class='ocr_carea' id='block_1_6' title="bbox 1652 735 1707 776">
    <p class='ocr_par' dir='ltr' id='par_1_7' title="bbox 1652 735 1707 776">
     <span class='ocr_line' id='line_1_16' title="bbox 1652 735 1707 776; baseline 0.036 -2"><span class='ocrx_word' id='word_1_74' title='bbox 1652 735 1707 776; x_wconf 80' lang='lat' dir='ltr'>R.</span> 
     </span>
    </p>
   </div>
   <div class='ocr_carea' id='block_1_7' title="bbox 1239 840 2124 898">
    <p class='ocr_par' dir='ltr' id='par_1_8' title="bbox 1239 840 2124 898">
     <span class='ocr_line' id='line_1_17' title="bbox 1239 840 2124 898; baseline 0.003 -18"><span class='ocrx_word' id='word_1_75' title='bbox 1239 840 1411 881; x_wconf 84' lang='lat' dir='ltr'>Radices</span> <span class='ocrx_word' id='word_1_76' title='bbox 1440 841 1583 881; x_wconf 84' lang='lat' dir='ltr'>montis</span> <span class='ocrx_word' id='word_1_77' title='bbox 1618 841 1720 895; x_wconf 86' lang='lat' dir='ltr'>(ima</span> <span class='ocrx_word' id='word_1_78' title='bbox 1750 844 1916 897; x_wconf 83' lang='lat' dir='ltr'>montis)</span> <span class='ocrx_word' id='word_1_79' title='bbox 1942 844 1972 891; x_wconf 88' lang='lat' dir='ltr'>i,</span> <span class='ocrx_word' id='word_1_80' title='bbox 1989 849 2014 885; x_wconf 83' lang='lat'>⁵</span> <span class='ocrx_word' id='word_1_81' title='bbox 2059 843 2124 898; x_wconf 55' lang='lat' dir='ltr'>(h</span> 
     </span>
    </p>
   </div>
   <div class='ocr_carea' id='block_1_8' title="bbox 1291 894 1606 948">
    <p class='ocr_par' dir='ltr' id='par_1_9' title="bbox 1291 894 1606 948">
     <span class='ocr_line' id='line_1_18' title="bbox 1291 894 1606 948; baseline 0.003 -14"><span class='ocrx_word' id='word_1_82' title='bbox 1291 895 1408 934; x_wconf 86' lang='lat' dir='ltr'>Thes.</span> <span class='ocrx_word' id='word_1_83' title='bbox 1425 894 1606 948; x_wconf 88' lang='lat' dir='ltr'>Buchn.)</span> 
     </span>
    </p>
   </div>
   <div class='ocr_carea' id='block_1_9' title="bbox 345 948 2122 1015">
    <p class='ocr_par' dir='ltr' id='par_1_10' title="bbox 345 948 2122 1015">
     <span class='ocr_line' id='line_1_19' title="bbox 345 948 2122 1015; baseline 0 -21"><span class='ocrx_word' id='word_1_84' title='bbox 345 954 609 1007; x_wconf 80' lang='lat' dir='ltr'><strong>(committere</strong></span> <span class='ocrx_word' id='word_1_85' title='bbox 622 951 934 1015; x_wconf 82' lang='lat' dir='ltr'>accusationem)</span> <span class='ocrx_word' id='word_1_86' title='bbox 959 950 1026 999; x_wconf 81' lang='lat' dir='ltr'>vri,</span> <span class='ocrx_word' id='word_1_87' title='bbox 1043 955 1069 991; x_wconf 76' lang='lat'>4</span> <span class='ocrx_word' id='word_1_88' title='bbox 1083 951 1177 1005; x_wconf 87' lang='lat' dir='ltr'>(pa·</span> <span class='ocrx_word' id='word_1_89' title='bbox 1239 948 1348 1001; x_wconf 80' lang='lat' dir='ltr'>Rapi</span> <span class='ocrx_word' id='word_1_90' title='bbox 1365 949 1500 1002; x_wconf 88' lang='lat' dir='ltr'>aliqua</span> <span class='ocrx_word' id='word_1_91' title='bbox 1515 949 1747 1002; x_wconf 87' lang='lat' dir='ltr'>cupiditate,</span> <span class='ocrx_word' id='word_1_92' title='bbox 1765 949 1807 989; x_wconf 90' lang='lat' dir='ltr'>in</span> <span class='ocrx_word' id='word_1_93' title='bbox 1829 950 1979 1004; x_wconf 85' lang='lat' dir='ltr'>aliquid</span> <span class='ocrx_word' id='word_1_94' title='bbox 2012 953 2122 1001; x_wconf 73' lang='lat' dir='ltr'>xviii,</span> 
     </span>
    </p>
   </div>
   <div class='ocr_carea' id='block_1_10' title="bbox 294 1007 1180 1330">
    <p class='ocr_par' dir='ltr' id='par_1_11' title="bbox 347 1007 1178 1115">
     <span class='ocr_line' id='line_1_20' title="bbox 347 1007 1178 1059; baseline -0.005 -11"><span class='ocrx_word' id='word_1_95' title='bbox 347 1020 433 1048; x_wconf 85' lang='lat' dir='ltr'>cem</span> <span class='ocrx_word' id='word_1_96' title='bbox 461 1008 622 1059; x_wconf 85' lang='lat' dir='ltr'>agitare,</span> <span class='ocrx_word' id='word_1_97' title='bbox 653 1019 758 1046; x_wconf 88' lang='lat' dir='ltr'>arma</span> <span class='ocrx_word' id='word_1_98' title='bbox 788 1007 941 1046; x_wconf 76' lang='lat' dir='ltr'>interim</span> <span class='ocrx_word' id='word_1_99' title='bbox 979 1018 1059 1045; x_wconf 86' lang='lat' dir='ltr'>non</span> <span class='ocrx_word' id='word_1_100' title='bbox 1093 1019 1178 1045; x_wconf 88' lang='lat' dir='ltr'>mo·</span> 
     </span>
     <span class='ocr_line' id='line_1_21' title="bbox 348 1060 623 1115; baseline 0.011 -16"><span class='ocrx_word' id='word_1_101' title='bbox 348 1060 465 1115; x_wconf 70' lang='lat' dir='ltr'>vere)</span> <span class='ocrx_word' id='word_1_102' title='bbox 486 1061 580 1107; x_wconf 86' lang='lat' dir='ltr'>xvii,</span> <span class='ocrx_word' id='word_1_103' title='bbox 598 1067 623 1102; x_wconf 88' lang='lat'>5</span> 
     </span>
    </p>

    <p class='ocr_par' dir='ltr' id='par_1_12' title="bbox 294 1110 1177 1221">
     <span class='ocr_line' id='line_1_22' title="bbox 294 1110 1177 1177; baseline -0.005 -21"><span class='ocrx_word' id='word_1_104' title='bbox 294 1110 464 1163; x_wconf 70' lang='lat' dir='ltr'>Quietus</span> <span class='ocrx_word' id='word_1_105' title='bbox 478 1115 554 1169; x_wconf 75' lang='lat' dir='ltr'>fnit</span> <span class='ocrx_word' id='word_1_106' title='bbox 570 1114 723 1177; x_wconf 64' lang='lat' dir='ltr'>&lt;studio</span> <span class='ocrx_word' id='word_1_107' title='bbox 744 1113 910 1166; x_wconf 89' lang='lat' dir='ltr'>partium</span> <span class='ocrx_word' id='word_1_108' title='bbox 937 1120 978 1153; x_wconf 92' lang='lat' dir='ltr'>et</span> <span class='ocrx_word' id='word_1_109' title='bbox 995 1111 1102 1153; x_wconf 90' lang='lat' dir='ltr'>civili</span> <span class='ocrx_word' id='word_1_110' title='bbox 1115 1118 1177 1152; x_wconf 87' lang='lat' dir='ltr'>tu·</span> 
     </span>
     <span class='ocr_line' id='line_1_23' title="bbox 347 1168 851 1221; baseline 0 -13"><span class='ocrx_word' id='word_1_111' title='bbox 347 1169 472 1208; x_wconf 86' lang='lat' dir='ltr'>multu</span> <span class='ocrx_word' id='word_1_112' title='bbox 491 1168 701 1221; x_wconf 74' lang='lat' dir='ltr'>abstinuit)</span> <span class='ocrx_word' id='word_1_113' title='bbox 729 1168 808 1215; x_wconf 84' lang='lat' dir='ltr'>xvi,</span> <span class='ocrx_word' id='word_1_114' title='bbox 825 1171 851 1208; x_wconf 91' lang='grc'>4</span> 
     </span>
    </p>

    <p class='ocr_par' dir='ltr' id='par_1_13' title="bbox 296 1220 1180 1330">
     <span class='ocr_line' id='line_1_24' title="bbox 296 1220 1178 1275; baseline -0.001 -13"><span class='ocrx_word' id='word_1_115' title='bbox 296 1221 431 1269; x_wconf 77' lang='lat' dir='ltr'>Quin:</span> <span class='ocrx_word' id='word_1_116' title='bbox 473 1235 615 1275; x_wconf 83' lang='lat' dir='ltr'>negare</span> <span class='ocrx_word' id='word_1_117' title='bbox 647 1235 728 1261; x_wconf 87' lang='lat' dir='ltr'>non</span> <span class='ocrx_word' id='word_1_118' title='bbox 761 1220 907 1274; x_wconf 73' lang='lat' dir='ltr'>potuit,</span> <span class='ocrx_word' id='word_1_119' title='bbox 934 1221 1030 1273; x_wconf 88' lang='lat' dir='ltr'>quin</span> <span class='ocrx_word' id='word_1_120' title='bbox 1075 1234 1115 1268; x_wconf 80' lang='lat' dir='ltr'>x,</span> <span class='ocrx_word' id='word_1_121' title='bbox 1152 1224 1178 1261; x_wconf 97' lang='grc'>2</span> 
     </span>
     <span class='ocr_line' id='line_1_25' title="bbox 351 1274 1180 1330; baseline -0.004 -14"><span class='ocrx_word' id='word_1_122' title='bbox 351 1283 607 1330; x_wconf 80' lang='lat' dir='ltr'><strong>posteaquam</strong></span> <span class='ocrx_word' id='word_1_123' title='bbox 648 1275 748 1315; x_wconf 87' lang='lat' dir='ltr'>vidit</span> <span class='ocrx_word' id='word_1_124' title='bbox 787 1275 861 1315; x_wconf 87' lang='lat' dir='ltr'>sibi</span> <span class='ocrx_word' id='word_1_125' title='bbox 899 1288 980 1323; x_wconf 86' lang='lat' dir='ltr'>non</span> <span class='ocrx_word' id='word_1_126' title='bbox 1011 1274 1094 1314; x_wconf 88' lang='lat' dir='ltr'>dari</span> <span class='ocrx_word' id='word_1_127' title='bbox 1121 1275 1180 1313; x_wconf 78' lang='lat' dir='ltr'>fa-</span> 
     </span>
    </p>
   </div>
   <div class='ocr_carea' id='block_1_11' title="bbox 1293 1007 1322 1044">
    <p class='ocr_par' dir='ltr' id='par_1_14' title="bbox 1293 1007 1322 1044">
     <span class='ocr_line' id='line_1_26' title="bbox 1293 1007 1322 1044; baseline 0 0"><span class='ocrx_word' id='word_1_128' title='bbox 1293 1007 1322 1044; x_wconf 86' lang='grc'><strong>6</strong></span> 
     </span>
    </p>
   </div>
   <div class='ocr_carea' id='block_1_12' title="bbox 1240 1046 2125 1111">
    <p class='ocr_par' dir='ltr' id='par_1_15' title="bbox 1240 1046 2125 1111">
     <span class='ocr_line' id='line_1_27' title="bbox 1240 1046 2125 1111; baseline 0.007 -16"><span class='ocrx_word' id='word_1_129' title='bbox 1240 1055 1356 1096; x_wconf 84' lang='lat' dir='ltr'>Rarae</span> <span class='ocrx_word' id='word_1_130' title='bbox 1386 1058 1540 1096; x_wconf 83' lang='lat' dir='ltr'>arbores</span> <span class='ocrx_word' id='word_1_131' title='bbox 1570 1057 1662 1111; x_wconf 87' lang='lat' dir='ltr'>(per</span> <span class='ocrx_word' id='word_1_132' title='bbox 1689 1046 1891 1099; x_wconf 84' lang='lat' dir='ltr'>intervalla</span> <span class='ocrx_word' id='word_1_133' title='bbox 1919 1065 2046 1101; x_wconf 76' lang='lat' dir='ltr'>enatae</span> <span class='ocrx_word' id='word_1_134' title='bbox 2083 1067 2125 1101; x_wconf 87' lang='lat' dir='ltr'>et</span> 
     </span>
    </p>
   </div>
   <div class='ocr_carea' id='block_1_13' title="bbox 1294 1110 1569 1162">
    <p class='ocr_par' dir='ltr' id='par_1_16' title="bbox 1294 1110 1569 1162">
     <span class='ocr_line' id='line_1_28' title="bbox 1294 1110 1569 1162; baseline 0.004 -13"><span class='ocrx_word' id='word_1_135' title='bbox 1294 1110 1470 1162; x_wconf 82' lang='lat' dir='ltr'>tractim)</span> <span class='ocrx_word' id='word_1_136' title='bbox 1497 1111 1526 1157; x_wconf 78' lang='lat' dir='ltr'>i,</span> <span class='ocrx_word' id='word_1_137' title='bbox 1544 1115 1569 1150; x_wconf 82' lang='lat'><strong>5</strong></span> 
     </span>
    </p>
   </div>
   <div class='ocr_carea' id='block_1_14' title="bbox 1239 1156 2123 1220">
    <p class='ocr_par' dir='ltr' id='par_1_17' title="bbox 1239 1156 2123 1220">
     <span class='ocr_line' id='line_1_29' title="bbox 1239 1156 2123 1220; baseline 0.005 -16"><span class='ocrx_word' id='word_1_138' title='bbox 1239 1156 1414 1204; x_wconf 78' lang='lat' dir='ltr'>Ratum:</span> <span class='ocrx_word' id='word_1_139' title='bbox 1443 1163 1541 1203; x_wconf 85' lang='lat' dir='ltr'>nihil</span> <span class='ocrx_word' id='word_1_140' title='bbox 1559 1165 1642 1205; x_wconf 83' lang='lat' dir='ltr'>fore</span> <span class='ocrx_word' id='word_1_141' title='bbox 1659 1170 1784 1205; x_wconf 86' lang='lat' dir='ltr'>ratum</span> <span class='ocrx_word' id='word_1_142' title='bbox 1804 1165 1916 1220; x_wconf 68' lang='lat' dir='ltr'>(quas</span> <span class='ocrx_word' id='word_1_143' title='bbox 1933 1168 2123 1208; x_wconf 75' lang='lat' dir='ltr'>constitu-</span> 
     </span>
    </p>
   </div>
   <div class='ocr_carea' id='block_1_15' title="bbox 1293 1219 2123 1320">
    <p class='ocr_par' dir='ltr' id='par_1_18' title="bbox 1293 1219 2123 1320">
     <span class='ocr_line' id='line_1_30' title="bbox 1294 1219 2123 1314; baseline 0.006 -57"><span class='ocrx_word' id='word_1_144' title='bbox 1294 1219 1518 1314; x_wconf 59' lang='lat' dir='ltr'>is‘s&#39;etfomn</span> <span class='ocrx_word' id='word_1_145' title='bbox 1546 1231 1739 1267; x_wconf 82' lang='lat' dir='ltr'>mansura,</span> <span class='ocrx_word' id='word_1_146' title='bbox 1769 1221 1820 1260; x_wconf 91' lang='lat' dir='ltr'>de</span> <span class='ocrx_word' id='word_1_147' title='bbox 1849 1220 2123 1275; x_wconf 77' lang='lat' dir='ltr'>abrogatione)</span> 
     </span>
     <span class='ocr_line' id='line_1_31' title="bbox 1293 1285 1363 1320; baseline 0.014 -10"><span class='ocrx_word' id='word_1_148' title='bbox 1293 1285 1363 1320; x_wconf 82' lang='lat' dir='ltr'>vu,</span> 
     </span>
    </p>
   </div>
   <div class='ocr_carea' id='block_1_16' title="bbox 348 1324 2126 1382">
    <p class='ocr_par' dir='ltr' id='par_1_19' title="bbox 348 1324 2126 1382">
     <span class='ocr_line' id='line_1_32' title="bbox 348 1324 2126 1382; baseline 0 -12"><span class='ocrx_word' id='word_1_149' title='bbox 348 1332 535 1371; x_wconf 88' lang='lat' dir='ltr'>cultatem</span> <span class='ocrx_word' id='word_1_150' title='bbox 565 1343 636 1382; x_wconf 80' lang='lat' dir='ltr'>pro</span> <span class='ocrx_word' id='word_1_151' title='bbox 665 1329 856 1382; x_wconf 79' lang='lat' dir='ltr'>dignitate</span> <span class='ocrx_word' id='word_1_152' title='bbox 880 1328 1051 1373; x_wconf 82' lang='lat' dir='ltr'>vivendi,</span> <span class='ocrx_word' id='word_1_153' title='bbox 1084 1328 1181 1380; x_wconf 81' lang='lat' dir='ltr'>quin</span> <span class='ocrx_word' id='word_1_154' title='bbox 1243 1326 1389 1366; x_wconf 84' lang='lat' dir='ltr'><strong>Ratio:</strong></span> <span class='ocrx_word' id='word_1_155' title='bbox 1419 1324 1539 1377; x_wconf 79' lang='lat' dir='ltr'>cujus</span> <span class='ocrx_word' id='word_1_156' title='bbox 1564 1327 1661 1367; x_wconf 82' lang='lat' dir='ltr'>ratio</span> <span class='ocrx_word' id='word_1_157' title='bbox 1692 1327 1768 1367; x_wconf 84' lang='lat' dir='ltr'>etsi</span> <span class='ocrx_word' id='word_1_158' title='bbox 1793 1342 1874 1369; x_wconf 89' lang='lat' dir='ltr'>non</span> <span class='ocrx_word' id='word_1_159' title='bbox 1893 1329 2031 1377; x_wconf 83' lang='lat' dir='ltr'>valuit,</span> <span class='ocrx_word' id='word_1_160' title='bbox 2049 1329 2126 1370; x_wconf 76' lang='lat' dir='ltr'>&amp;c-</span> 
     </span>
    </p>
   </div>
   <div class='ocr_carea' id='block_1_17' title="bbox 299 1382 1186 2565">
    <p class='ocr_par' dir='ltr' id='par_1_20' title="bbox 299 1382 1186 1920">
     <span class='ocr_line' id='line_1_33' title="bbox 350 1382 1179 1436; baseline -0.004 -12"><span class='ocrx_word' id='word_1_161' title='bbox 350 1384 425 1432; x_wconf 67' lang='grc' dir='ltr'>δῖε.</span> <span class='ocrx_word' id='word_1_162' title='bbox 463 1394 554 1431; x_wconf 66' lang='lat' dir='ltr'>xxv,</span> <span class='ocrx_word' id='word_1_163' title='bbox 591 1388 624 1424; x_wconf 88' lang='grc'>2·</span> <span class='ocrx_word' id='word_1_164' title='bbox 664 1395 864 1436; x_wconf 86' lang='lat' dir='ltr'>nunquam</span> <span class='ocrx_word' id='word_1_165' title='bbox 900 1383 1004 1421; x_wconf 85' lang='lat' dir='ltr'>misit</span> <span class='ocrx_word' id='word_1_166' title='bbox 1035 1382 1179 1429; x_wconf 79' lang='lat' dir='ltr'>literas,</span> 
     </span>
     <span class='ocr_line' id='line_1_34' title="bbox 351 1435 1180 1491; baseline -0.005 -13"><span class='ocrx_word' id='word_1_167' title='bbox 351 1437 448 1491; x_wconf 87' lang='lat' dir='ltr'>quin</span> <span class='ocrx_word' id='word_1_168' title='bbox 465 1438 540 1477; x_wconf 75' lang='grc' dir='ltr'>διο.</span> <span class='ocrx_word' id='word_1_169' title='bbox 567 1447 657 1483; x_wconf 77' lang='lat' dir='ltr'>xxv,</span> <span class='ocrx_word' id='word_1_170' title='bbox 676 1441 728 1477; x_wconf 90' lang='grc'>20</span> <span class='ocrx_word' id='word_1_171' title='bbox 771 1436 895 1475; x_wconf 89' lang='lat' dir='ltr'>filium</span> <span class='ocrx_word' id='word_1_172' title='bbox 915 1449 995 1474; x_wconf 88' lang='lat' dir='ltr'>non</span> <span class='ocrx_word' id='word_1_173' title='bbox 1013 1435 1180 1487; x_wconf 81' lang='lat' dir='ltr'>aspexit,</span> 
     </span>
     <span class='ocr_line' id='line_1_35' title="bbox 350 1489 1182 1545; baseline -0.005 -14"><span class='ocrx_word' id='word_1_174' title='bbox 350 1493 445 1545; x_wconf 88' lang='lat' dir='ltr'>quin</span> <span class='ocrx_word' id='word_1_175' title='bbox 463 1492 537 1531; x_wconf 68' lang='grc' dir='ltr'>διε.</span> <span class='ocrx_word' id='word_1_176' title='bbox 566 1504 631 1539; x_wconf 84' lang='lat' dir='ltr'>xx,</span> <span class='ocrx_word' id='word_1_177' title='bbox 653 1495 671 1531; x_wconf 89' lang='lat' dir='ltr'>l</span> <span class='ocrx_word' id='word_1_178' title='bbox 717 1490 811 1542; x_wconf 89' lang='lat' dir='ltr'>quin</span> <span class='ocrx_word' id='word_1_179' title='bbox 837 1495 907 1528; x_wconf 82' lang='lat' dir='ltr'>aut</span> <span class='ocrx_word' id='word_1_180' title='bbox 931 1489 1096 1528; x_wconf 85' lang='lat' dir='ltr'>interfici</span> <span class='ocrx_word' id='word_1_181' title='bbox 1114 1495 1182 1528; x_wconf 86' lang='lat' dir='ltr'>aut</span> 
     </span>
     <span class='ocr_line' id='line_1_36' title="bbox 348 1543 1181 1597; baseline -0.006 -12"><span class='ocrx_word' id='word_1_182' title='bbox 348 1545 508 1585; x_wconf 86' lang='lat' dir='ltr'>missum</span> <span class='ocrx_word' id='word_1_183' title='bbox 540 1544 622 1584; x_wconf 83' lang='lat' dir='ltr'>fieri</span> <span class='ocrx_word' id='word_1_184' title='bbox 647 1544 806 1597; x_wconf 80' lang='lat' dir='ltr'>juberet</span> <span class='ocrx_word' id='word_1_185' title='bbox 841 1544 996 1597; x_wconf 86' lang='lat' dir='ltr'>(immo,</span> <span class='ocrx_word' id='word_1_186' title='bbox 1028 1543 1181 1594; x_wconf 86' lang='lat' dir='ltr'>potius)</span> 
     </span>
     <span class='ocr_line' id='line_1_37' title="bbox 348 1597 1185 1650; baseline -0.005 -12"><span class='ocrx_word' id='word_1_187' title='bbox 348 1599 455 1646; x_wconf 81' lang='lat' dir='ltr'>xviii,</span> <span class='ocrx_word' id='word_1_188' title='bbox 489 1602 540 1639; x_wconf 90' lang='grc'>11</span> <span class='ocrx_word' id='word_1_189' title='bbox 567 1598 675 1650; x_wconf 90' lang='lat' dir='ltr'>(vid.</span> <span class='ocrx_word' id='word_1_190' title='bbox 703 1598 754 1636; x_wconf 89' lang='lat' dir='ltr'>de</span> <span class='ocrx_word' id='word_1_191' title='bbox 781 1599 856 1635; x_wconf 86' lang='lat' dir='ltr'>hac</span> <span class='ocrx_word' id='word_1_192' title='bbox 885 1597 1076 1648; x_wconf 86' lang='lat' dir='ltr'>particula</span> <span class='ocrx_word' id='word_1_193' title='bbox 1103 1597 1185 1636; x_wconf 87' lang='lat' dir='ltr'>eol-</span> 
     </span>
     <span class='ocr_line' id='line_1_38' title="bbox 353 1649 1112 1701; baseline -0.005 -9"><span class='ocrx_word' id='word_1_194' title='bbox 353 1653 457 1692; x_wconf 86' lang='lat' dir='ltr'>lecta</span> <span class='ocrx_word' id='word_1_195' title='bbox 474 1652 610 1691; x_wconf 91' lang='lat' dir='ltr'>Boecl.</span> <span class='ocrx_word' id='word_1_196' title='bbox 639 1652 680 1690; x_wconf 87' lang='lat' dir='ltr'>in</span> <span class='ocrx_word' id='word_1_197' title='bbox 699 1651 983 1690; x_wconf 81' lang='lat' dir='ltr'>Chrestomath.</span> <span class='ocrx_word' id='word_1_198' title='bbox 1000 1649 1112 1701; x_wconf 84' lang='lat' dir='ltr'>Ter.)</span> 
     </span>
     <span class='ocr_line' id='line_1_39' title="bbox 299 1703 1110 1760; baseline -0.004 -14"><span class='ocrx_word' id='word_1_199' title='bbox 299 1706 520 1760; x_wconf 84' lang='lat' dir='ltr'>Quinquies</span> <span class='ocrx_word' id='word_1_200' title='bbox 539 1705 688 1746; x_wconf 88' lang='lat' dir='ltr'>Consul</span> <span class='ocrx_word' id='word_1_201' title='bbox 707 1703 932 1757; x_wconf 84' lang='lat' dir='ltr'>(quintum)</span> <span class='ocrx_word' id='word_1_202' title='bbox 959 1703 1068 1750; x_wconf 85' lang='lat' dir='ltr'>xxiii,</span> <span class='ocrx_word' id='word_1_203' title='bbox 1086 1707 1110 1743; x_wconf 84' lang='lat'><strong>5</strong></span> 
     </span>
     <span class='ocr_line' id='line_1_40' title="bbox 301 1757 1186 1814; baseline -0.007 -13"><span class='ocrx_word' id='word_1_204' title='bbox 301 1761 462 1814; x_wconf 80' lang='lat' dir='ltr'>Quippe</span> <span class='ocrx_word' id='word_1_205' title='bbox 477 1764 566 1800; x_wconf 83' lang='lat' dir='ltr'>cum</span> <span class='ocrx_word' id='word_1_206' title='bbox 595 1759 700 1799; x_wconf 87' lang='lat' dir='ltr'>cives</span> <span class='ocrx_word' id='word_1_207' title='bbox 717 1758 802 1810; x_wconf 86' lang='lat' dir='ltr'>ejus</span> <span class='ocrx_word' id='word_1_208' title='bbox 827 1757 968 1797; x_wconf 86' lang='lat' dir='ltr'>eodem</span> <span class='ocrx_word' id='word_1_209' title='bbox 987 1763 1186 1797; x_wconf 84' lang='lat' dir='ltr'>uterentur</span> 
     </span>
     <span class='ocr_line' id='line_1_41' title="bbox 354 1812 1184 1865; baseline -0.005 -11"><span class='ocrx_word' id='word_1_210' title='bbox 354 1815 551 1861; x_wconf 87' lang='lat' dir='ltr'>instituto,</span> <span class='ocrx_word' id='word_1_211' title='bbox 570 1813 687 1853; x_wconf 77' lang='lat' dir='ltr'>Praef.</span> <span class='ocrx_word' id='word_1_212' title='bbox 716 1812 865 1865; x_wconf 87' lang='lat' dir='ltr'>quippe</span> <span class='ocrx_word' id='word_1_213' title='bbox 885 1825 1002 1864; x_wconf 89' lang='lat' dir='ltr'>quem</span> <span class='ocrx_word' id='word_1_214' title='bbox 1021 1824 1184 1851; x_wconf 86' lang='lat' dir='ltr'>venum-</span> 
     </span>
     <span class='ocr_line' id='line_1_42' title="bbox 355 1867 783 1920; baseline -0.002 -12"><span class='ocrx_word' id='word_1_215' title='bbox 355 1867 627 1920; x_wconf 84' lang='lat' dir='ltr'>darijussisset</span> <span class='ocrx_word' id='word_1_216' title='bbox 654 1881 693 1914; x_wconf 85' lang='lat' dir='ltr'>x,</span> <span class='ocrx_word' id='word_1_217' title='bbox 713 1870 739 1907; x_wconf 85' lang='lat'><em>2</em></span> <span class='ocrx_word' id='word_1_218' title='bbox 780 1918 783 1920; x_wconf 66' lang='lat'>‚</span> 
     </span>
    </p>

    <p class='ocr_par' dir='ltr' id='par_1_21' title="bbox 301 1913 831 1970">
     <span class='ocr_line' id='line_1_43' title="bbox 301 1913 831 1970; baseline -0.004 -8"><span class='ocrx_word' id='word_1_219' title='bbox 301 1922 515 1970; x_wconf 83' lang='lat' dir='ltr'>Quirinalis</span> <span class='ocrx_word' id='word_1_220' title='bbox 533 1913 644 1962; x_wconf 75' lang='lat' dir='ltr'>collis</span> <span class='ocrx_word' id='word_1_221' title='bbox 671 1934 761 1967; x_wconf 84' lang='lat' dir='ltr'>xxv,</span> <span class='ocrx_word' id='word_1_222' title='bbox 781 1923 831 1960; x_wconf 77' lang='lat'>13</span> 
     </span>
    </p>

    <p class='ocr_par' dir='ltr' id='par_1_22' title="bbox 302 1970 1186 2069">
     <span class='ocr_line' id='line_1_44' title="bbox 302 1970 1186 2031; baseline -0.007 -15"><span class='ocrx_word' id='word_1_223' title='bbox 302 1977 416 2025; x_wconf 82' lang='lat' dir='ltr'>Quis,</span> <span class='ocrx_word' id='word_1_224' title='bbox 431 1973 632 2031; x_wconf 46' lang='lat' dir='ltr'>quid⁴(pro</span> <span class='ocrx_word' id='word_1_225' title='bbox 651 1973 806 2027; x_wconf 85' lang='lat' dir='ltr'>aliquis,</span> <span class='ocrx_word' id='word_1_226' title='bbox 819 1970 992 2026; x_wconf 84' lang='lat' dir='ltr'>aliquid)</span> <span class='ocrx_word' id='word_1_227' title='bbox 1018 1972 1074 2020; x_wconf 75' lang='grc' dir='ltr'>ἰν,</span> <span class='ocrx_word' id='word_1_228' title='bbox 1091 1975 1117 2012; x_wconf 83' lang='grc'>4</span> <span class='ocrx_word' id='word_1_229' title='bbox 1144 1978 1186 2012; x_wconf 90' lang='lat' dir='ltr'>et</span> 
     </span>
     <span class='ocr_line' id='line_1_45' title="bbox 354 2044 405 2069; baseline 0 0"><span class='ocrx_word' id='word_1_230' title='bbox 354 2044 405 2069; x_wconf 87' lang='lat' dir='ltr'>sae</span> 
     </span>
    </p>

    <p class='ocr_par' dir='ltr' id='par_1_23' title="bbox 301 2044 1182 2290">
     <span class='ocr_line' id='line_1_46' title="bbox 301 2044 1180 2139; baseline -0.008 -14"><span class='ocrx_word' id='word_1_231' title='bbox 301 2044 496 2139; x_wconf 57' lang='lat' dir='ltr'>Quisgiie,</span> <span class='ocrx_word' id='word_1_232' title='bbox 515 2084 723 2136; x_wconf 89' lang='lat' dir='ltr'>quodque:</span> <span class='ocrx_word' id='word_1_233' title='bbox 753 2082 878 2134; x_wconf 87' lang='lat' dir='ltr'>primo</span> <span class='ocrx_word' id='word_1_234' title='bbox 906 2086 1180 2133; x_wconf 79' lang='lat' dir='ltr'>quoquetem-</span> 
     </span>
     <span class='ocr_line' id='line_1_47' title="bbox 354 2133 1181 2191; baseline -0.007 -13"><span class='ocrx_word' id='word_1_235' title='bbox 354 2152 450 2191; x_wconf 87' lang='lat' dir='ltr'>pore</span> <span class='ocrx_word' id='word_1_236' title='bbox 480 2141 547 2188; x_wconf 92' lang='lat' dir='ltr'>(ut</span> <span class='ocrx_word' id='word_1_237' title='bbox 574 2138 739 2190; x_wconf 85' lang='lat' dir='ltr'>primu-m</span> <span class='ocrx_word' id='word_1_238' title='bbox 769 2135 851 2174; x_wconf 89' lang='lat' dir='ltr'>fieri</span> <span class='ocrx_word' id='word_1_239' title='bbox 880 2140 1011 2187; x_wconf 88' lang='lat' dir='ltr'>potest</span> <span class='ocrx_word' id='word_1_240' title='bbox 1028 2133 1125 2186; x_wconf 87' lang='lat' dir='ltr'>&amp;c.)</span> <span class='ocrx_word' id='word_1_241' title='bbox 1153 2134 1181 2180; x_wconf 91' lang='lat' dir='ltr'>i,</span> 
     </span>
     <span class='ocr_line' id='line_1_48' title="bbox 355 2187 1182 2245; baseline -0.008 -13"><span class='ocrx_word' id='word_1_242' title='bbox 355 2196 381 2232; x_wconf 85' lang='lat'>4</span> <span class='ocrx_word' id='word_1_243' title='bbox 426 2199 470 2232; x_wconf 90' lang='lat' dir='ltr'>ut</span> <span class='ocrx_word' id='word_1_244' title='bbox 485 2203 682 2245; x_wconf 87' lang='lat' dir='ltr'>quemque</span> <span class='ocrx_word' id='word_1_245' title='bbox 700 2204 748 2230; x_wconf 79' lang='lat' dir='ltr'>ex·</span> <span class='ocrx_word' id='word_1_246' title='bbox 766 2188 938 2242; x_wconf 83' lang='lat' dir='ltr'>proximo</span> <span class='ocrx_word' id='word_1_247' title='bbox 958 2188 1084 2227; x_wconf 88' lang='lat' dir='ltr'>locum</span> <span class='ocrx_word' id='word_1_248' title='bbox 1104 2187 1182 2225; x_wconf 76' lang='lat' dir='ltr'>fors</span> 
     </span>
     <span class='ocr_line' id='line_1_49' title="bbox 357 2245 707 2290; baseline 0 -6"><span class='ocrx_word' id='word_1_249' title='bbox 357 2247 562 2286; x_wconf 86' lang='lat' dir='ltr'>obtulisset</span> <span class='ocrx_word' id='word_1_250' title='bbox 589 2245 667 2290; x_wconf 78' lang='lat' dir='ltr'>xvi,</span> <span class='ocrx_word' id='word_1_251' title='bbox 681 2248 707 2284; x_wconf 84' lang='grc'>2</span> 
     </span>
    </p>

    <p class='ocr_par' dir='ltr' id='par_1_24' title="bbox 306 2294 1185 2565">
     <span class='ocr_line' id='line_1_50' title="bbox 306 2294 1183 2353; baseline -0.008 -14"><span class='ocrx_word' id='word_1_252' title='bbox 306 2298 450 2346; x_wconf 81' lang='lat' dir='ltr'><strong>Quoad</strong></span> <span class='ocrx_word' id='word_1_253' title='bbox 470 2299 693 2353; x_wconf 88' lang='lat' dir='ltr'>(quamdiu,</span> <span class='ocrx_word' id='word_1_254' title='bbox 719 2295 873 2336; x_wconf 81' lang='lat' dir='ltr'>interim</span> <span class='ocrx_word' id='word_1_255' title='bbox 900 2294 1017 2347; x_wconf 89' lang='lat' dir='ltr'>dum)</span> <span class='ocrx_word' id='word_1_256' title='bbox 1045 2294 1123 2340; x_wconf 72' lang='lat' dir='ltr'>xvi,</span> <span class='ocrx_word' id='word_1_257' title='bbox 1142 2297 1183 2333; x_wconf 83' lang='grc'>4.</span> 
     </span>
     <span class='ocr_line' id='line_1_51' title="bbox 357 2348 1184 2399; baseline -0.008 -8"><span class='ocrx_word' id='word_1_258' title='bbox 357 2353 465 2399; x_wconf 89' lang='lat' dir='ltr'>xviii,</span> <span class='ocrx_word' id='word_1_259' title='bbox 501 2356 565 2392; x_wconf 82' lang='lat'>12.</span> <span class='ocrx_word' id='word_1_260' title='bbox 595 2352 697 2396; x_wconf 87' lang='lat' dir='ltr'>xxiv,</span> <span class='ocrx_word' id='word_1_261' title='bbox 727 2354 769 2390; x_wconf 83' lang='lat'>2.</span> <span class='ocrx_word' id='word_1_262' title='bbox 790 2362 879 2395; x_wconf 83' lang='lat' dir='ltr'>xxv,</span> <span class='ocrx_word' id='word_1_263' title='bbox 900 2352 949 2387; x_wconf 90' lang='lat' dir='ltr'>ll</span> <span class='ocrx_word' id='word_1_264' title='bbox 1001 2348 1131 2399; x_wconf 62' lang='lat' dir='ltr'>quoad</span> <span class='ocrx_word' id='word_1_265' title='bbox 1148 2348 1184 2385; x_wconf 87' lang='lat' dir='ltr'>ei</span> 
     </span>
     <span class='ocr_line' id='line_1_52' title="bbox 359 2401 1183 2459; baseline -0.01 -13"><span class='ocrx_word' id='word_1_266' title='bbox 359 2405 502 2446; x_wconf 87' lang='lat' dir='ltr'>licebat</span> <span class='ocrx_word' id='word_1_267' title='bbox 526 2405 736 2459; x_wconf 88' lang='lat' dir='ltr'>(quantum</span> <span class='ocrx_word' id='word_1_268' title='bbox 759 2402 843 2441; x_wconf 89' lang='lat' dir='ltr'>fieri</span> <span class='ocrx_word' id='word_1_269' title='bbox 875 2401 1048 2454; x_wconf 84' lang='lat' dir='ltr'>poterat)</span> <span class='ocrx_word' id='word_1_270' title='bbox 1076 2401 1143 2446; x_wconf 85' lang='lat' dir='ltr'>xii,</span> <span class='ocrx_word' id='word_1_271' title='bbox 1159 2403 1183 2439; x_wconf 81' lang='lat'><strong>3</strong></span> 
     </span>
     <span class='ocr_line' id='line_1_53' title="bbox 358 2454 1185 2511; baseline -0.01 -12"><span class='ocrx_word' id='word_1_272' title='bbox 358 2460 490 2511; x_wconf 90' lang='lat' dir='ltr'>quoad</span> <span class='ocrx_word' id='word_1_273' title='bbox 509 2459 658 2498; x_wconf 88' lang='lat' dir='ltr'>licitum</span> <span class='ocrx_word' id='word_1_274' title='bbox 682 2463 742 2495; x_wconf 88' lang='lat' dir='ltr'>est:</span> <span class='ocrx_word' id='word_1_275' title='bbox 768 2455 836 2502; x_wconf 86' lang='lat' dir='ltr'>vii,</span> <span class='ocrx_word' id='word_1_276' title='bbox 854 2459 880 2495; x_wconf 89' lang='grc'>2</span> <span class='ocrx_word' id='word_1_277' title='bbox 910 2455 1042 2506; x_wconf 79' lang='lat' dir='ltr'>quoad</span> <span class='ocrx_word' id='word_1_278' title='bbox 1077 2454 1185 2507; x_wconf 85' lang='lat' dir='ltr'>(pro,</span> 
     </span>
     <span class='ocr_line' id='line_1_54' title="bbox 358 2509 1019 2565; baseline -0.006 -13"><span class='ocrx_word' id='word_1_279' title='bbox 358 2512 508 2565; x_wconf 80' lang='lat' dir='ltr'>donec)</span> <span class='ocrx_word' id='word_1_280' title='bbox 536 2525 601 2559; x_wconf 84' lang='lat' dir='ltr'>xv,</span> <span class='ocrx_word' id='word_1_281' title='bbox 616 2515 656 2552; x_wconf 88' lang='grc'>9.</span> <span class='ocrx_word' id='word_1_282' title='bbox 672 2509 781 2556; x_wconf 83' lang='lat' dir='ltr'>xviii,</span> <span class='ocrx_word' id='word_1_283' title='bbox 798 2513 839 2550; x_wconf 81' lang='lat'>2.</span> <span class='ocrx_word' id='word_1_284' title='bbox 851 2512 893 2549; x_wconf 83' lang='lat'>6.</span> <span class='ocrx_word' id='word_1_285' title='bbox 910 2521 975 2554; x_wconf 69' lang='grc' dir='ltr'>κν,</span> <span class='ocrx_word' id='word_1_286' title='bbox 993 2511 1019 2548; x_wconf 83' lang='grc'>2</span> 
     </span>
    </p>
   </div>
   <div class='ocr_carea' id='block_1_18' title="bbox 1294 1380 2132 2340">
    <p class='ocr_par' dir='ltr' id='par_1_25' title="bbox 1294 1380 2132 2340">
     <span class='ocr_line' id='line_1_55' title="bbox 1298 1380 2126 1436; baseline 0.007 -18"><span class='ocrx_word' id='word_1_287' title='bbox 1298 1380 1528 1433; x_wconf 87' lang='lat' dir='ltr'>(sententia,</span> <span class='ocrx_word' id='word_1_288' title='bbox 1559 1381 1788 1436; x_wconf 85' lang='lat' dir='ltr'>consilium)</span> <span class='ocrx_word' id='word_1_289' title='bbox 1815 1382 1845 1431; x_wconf 87' lang='lat' dir='ltr'>i,</span> <span class='ocrx_word' id='word_1_290' title='bbox 1869 1387 1894 1424; x_wconf 76' lang='lat'><strong>3</strong></span> <span class='ocrx_word' id='word_1_291' title='bbox 1938 1383 2031 1424; x_wconf 85' lang='lat' dir='ltr'>Sic:</span> <span class='ocrx_word' id='word_1_292' title='bbox 2073 1386 2126 1424; x_wconf 82' lang='lat' dir='ltr'>ad</span> 
     </span>
     <span class='ocr_line' id='line_1_56' title="bbox 1297 1433 2128 1477; baseline 0.006 -5"><span class='ocrx_word' id='word_1_293' title='bbox 1297 1435 1402 1474; x_wconf 90' lang='lat' dir='ltr'>hunc</span> <span class='ocrx_word' id='word_1_294' title='bbox 1437 1433 1748 1474; x_wconf 83' lang='lat' dir='ltr'>interficiendum</span> <span class='ocrx_word' id='word_1_295' title='bbox 1778 1438 1896 1476; x_wconf 81' lang='lat' dir='ltr'>talem</span> <span class='ocrx_word' id='word_1_296' title='bbox 1921 1437 2011 1477; x_wconf 80' lang='lat' dir='ltr'>iniit</span> <span class='ocrx_word' id='word_1_297' title='bbox 2034 1437 2128 1477; x_wconf 84' lang='lat' dir='ltr'>rati-</span> 
     </span>
     <span class='ocr_line' id='line_1_57' title="bbox 1298 1486 2127 1545; baseline 0.008 -19"><span class='ocrx_word' id='word_1_298' title='bbox 1298 1500 1415 1526; x_wconf 86' lang='lat' dir='ltr'>onem</span> <span class='ocrx_word' id='word_1_299' title='bbox 1433 1486 1532 1540; x_wconf 86' lang='lat' dir='ltr'>(tale</span> <span class='ocrx_word' id='word_1_300' title='bbox 1559 1489 1786 1542; x_wconf 85' lang='lat' dir='ltr'>consil-ium)</span> <span class='ocrx_word' id='word_1_301' title='bbox 1813 1490 1921 1538; x_wconf 83' lang='lat' dir='ltr'>xxiii,</span> <span class='ocrx_word' id='word_1_302' title='bbox 1941 1495 1994 1531; x_wconf 85' lang='lat' dir='ltr'>lo</span> <span class='ocrx_word' id='word_1_303' title='bbox 2044 1490 2127 1545; x_wconf 81' lang='lat' dir='ltr'>(U-</span> 
     </span>
     <span class='ocr_line' id='line_1_58' title="bbox 1300 1542 2127 1595; baseline 0.011 -17"><span class='ocrx_word' id='word_1_304' title='bbox 1300 1547 1478 1592; x_wconf 91' lang='lat' dir='ltr'>trumque</span> <span class='ocrx_word' id='word_1_305' title='bbox 1507 1542 1715 1595; x_wconf 77' lang='lat' dir='ltr'>conjungit</span> <span class='ocrx_word' id='word_1_306' title='bbox 1732 1543 1894 1583; x_wconf 76' lang='lat' dir='ltr'>Curtius</span> <span class='ocrx_word' id='word_1_307' title='bbox 1915 1545 1973 1592; x_wconf 86' lang='lat' dir='ltr'>iii,</span> <span class='ocrx_word' id='word_1_308' title='bbox 1998 1549 2042 1592; x_wconf 85' lang='grc'>7,</span> <span class='ocrx_word' id='word_1_309' title='bbox 2073 1550 2127 1587; x_wconf 82' lang='lat' dir='ltr'>lo</span> 
     </span>
     <span class='ocr_line' id='line_1_59' title="bbox 1301 1593 2130 1641; baseline 0.012 -10"><span class='ocrx_word' id='word_1_310' title='bbox 1301 1599 1312 1617; x_wconf 86' lang='lat'>‘</span> <span class='ocrx_word' id='word_1_311' title='bbox 1327 1593 1443 1633; x_wconf 82' lang='lat' dir='ltr'>facile</span> <span class='ocrx_word' id='word_1_312' title='bbox 1472 1595 1571 1634; x_wconf 83' lang='lat' dir='ltr'>ratio</span> <span class='ocrx_word' id='word_1_313' title='bbox 1601 1602 1680 1635; x_wconf 87' lang='lat' dir='ltr'>tam</span> <span class='ocrx_word' id='word_1_314' title='bbox 1708 1597 1869 1637; x_wconf 76' lang='lat' dir='ltr'>salubris</span> <span class='ocrx_word' id='word_1_315' title='bbox 1893 1598 2046 1639; x_wconf 81' lang='lat' dir='ltr'>consilii</span> <span class='ocrx_word' id='word_1_316' title='bbox 2061 1611 2130 1641; x_wconf 74' lang='lat' dir='ltr'>ac·</span> 
     </span>
     <span class='ocr_line' id='line_1_60' title="bbox 1299 1646 2128 1706; baseline 0.006 -18"><span class='ocrx_word' id='word_1_317' title='bbox 1299 1653 1417 1700; x_wconf 84' lang='lat' dir='ltr'>cepta</span> <span class='ocrx_word' id='word_1_318' title='bbox 1433 1646 1541 1698; x_wconf 70' lang='lat' dir='ltr'>est&#39;).r</span> <span class='ocrx_word' id='word_1_319' title='bbox 1596 1649 1695 1688; x_wconf 87' lang='lat' dir='ltr'>ratio</span> <span class='ocrx_word' id='word_1_320' title='bbox 1709 1652 1910 1691; x_wconf 86' lang='lat' dir='ltr'>temeraria</span> <span class='ocrx_word' id='word_1_321' title='bbox 1919 1652 1994 1706; x_wconf 89' lang='lat' dir='ltr'>(de</span> <span class='ocrx_word' id='word_1_322' title='bbox 2008 1653 2128 1693; x_wconf 85' lang='lat' dir='ltr'>modo</span> 
     </span>
     <span class='ocr_line' id='line_1_61' title="bbox 1301 1701 2128 1755; baseline 0.008 -16"><span class='ocrx_word' id='word_1_323' title='bbox 1301 1707 1343 1740; x_wconf 77' lang='lat' dir='ltr'>et</span> <span class='ocrx_word' id='word_1_324' title='bbox 1377 1701 1441 1740; x_wconf 81' lang='lat' dir='ltr'>via</span> <span class='ocrx_word' id='word_1_325' title='bbox 1469 1701 1636 1755; x_wconf 79' lang='lat' dir='ltr'>agendi)</span> <span class='ocrx_word' id='word_1_326' title='bbox 1681 1704 1763 1751; x_wconf 83' lang='lat' dir='ltr'>xiii.</span> <span class='ocrx_word' id='word_1_327' title='bbox 1782 1709 1809 1746; x_wconf 73' lang='lat'><strong>3</strong></span> <span class='ocrx_word' id='word_1_328' title='bbox 1855 1705 1962 1745; x_wconf 83' lang='lat' dir='ltr'>omni</span> <span class='ocrx_word' id='word_1_329' title='bbox 1978 1705 2128 1747; x_wconf 80' lang='lat' dir='ltr'>ratione</span> 
     </span>
     <span class='ocr_line' id='line_1_62' title="bbox 1303 1754 2128 1815; baseline 0.007 -21"><span class='ocrx_word' id='word_1_330' title='bbox 1303 1754 1446 1794; x_wconf 88' lang='lat' dir='ltr'>bellum</span> <span class='ocrx_word' id='word_1_331' title='bbox 1468 1768 1692 1809; x_wconf 84' lang='lat' dir='ltr'>comparare</span> <span class='ocrx_word' id='word_1_332' title='bbox 1719 1763 1795 1806; x_wconf 73' lang='lat' dir='ltr'>x‚5</span> <span class='ocrx_word' id='word_1_333' title='bbox 1825 1771 1990 1812; x_wconf 84' lang='lat' dir='ltr'>quorum</span> <span class='ocrx_word' id='word_1_334' title='bbox 2019 1760 2128 1815; x_wconf 81' lang='lat' dir='ltr'>(ges-</span> 
     </span>
     <span class='ocr_line' id='line_1_63' title="bbox 1300 1807 2128 1865; baseline 0.008 -18"><span class='ocrx_word' id='word_1_335' title='bbox 1300 1807 1450 1861; x_wconf 87' lang='lat' dir='ltr'>torum)</span> <span class='ocrx_word' id='word_1_336' title='bbox 1480 1808 1557 1848; x_wconf 85' lang='lat' dir='ltr'>nisi</span> <span class='ocrx_word' id='word_1_337' title='bbox 1573 1810 1671 1850; x_wconf 73' lang='lat' dir='ltr'>ratIo</span> <span class='ocrx_word' id='word_1_338' title='bbox 1689 1813 1886 1865; x_wconf 70' lang='lat' dir='ltr'>explicata</span> <span class='ocrx_word' id='word_1_339' title='bbox 1905 1813 2037 1861; x_wconf 79' lang='lat' dir='ltr'>fuerit,</span> <span class='ocrx_word' id='word_1_340' title='bbox 2067 1827 2128 1855; x_wconf 79' lang='lat' dir='ltr'>res</span> 
     </span>
     <span class='ocr_line' id='line_1_64' title="bbox 1300 1863 2128 1925; baseline 0.008 -24"><span class='ocrx_word' id='word_1_341' title='bbox 1300 1874 1487 1925; x_wconf 69' lang='lat' dir='ltr'>apparere</span> <span class='ocrx_word' id='word_1_342' title='bbox 1522 1863 1597 1904; x_wconf 72' lang='grc' dir='ltr'>διο.</span> <span class='ocrx_word' id='word_1_343' title='bbox 1637 1865 1715 1912; x_wconf 83' lang='lat' dir='ltr'>xiv,</span> <span class='ocrx_word' id='word_1_344' title='bbox 1746 1870 1766 1906; x_wconf 92' lang='lat'><strong>1</strong></span> <span class='ocrx_word' id='word_1_345' title='bbox 1815 1866 2009 1921; x_wconf 78' lang='lat' dir='ltr'><strong>(Notatur</strong></span> <span class='ocrx_word' id='word_1_346' title='bbox 2039 1867 2128 1908; x_wconf 89' lang='lat' dir='ltr'>heic</span> 
     </span>
     <span class='ocr_line' id='line_1_65' title="bbox 1300 1919 2129 1970; baseline 0.008 -15"><span class='ocrx_word' id='word_1_347' title='bbox 1300 1923 1514 1956; x_wconf 74' lang='lat' dir='ltr'>accuratior</span> <span class='ocrx_word' id='word_1_348' title='bbox 1531 1919 1724 1970; x_wconf 83' lang='lat' dir='ltr'>expositio</span> <span class='ocrx_word' id='word_1_349' title='bbox 1742 1920 2129 1970; x_wconf 74' lang='lat' dir='ltr'>circumstantiarum,</span> 
     </span>
     <span class='ocr_line' id='line_1_66' title="bbox 1302 1971 2128 2026; baseline 0.006 -16"><span class='ocrx_word' id='word_1_350' title='bbox 1302 1983 1399 2024; x_wconf 79' lang='lat' dir='ltr'>quas</span> <span class='ocrx_word' id='word_1_351' title='bbox 1447 1971 1565 2024; x_wconf 76' lang='lat' dir='ltr'>vulgo</span> <span class='ocrx_word' id='word_1_352' title='bbox 1616 1973 1830 2026; x_wconf 85' lang='lat' dir='ltr'>appellant.</span> <span class='ocrx_word' id='word_1_353' title='bbox 1884 1975 1984 2015; x_wconf 82' lang='lat' dir='ltr'>Vult</span> <span class='ocrx_word' id='word_1_354' title='bbox 2022 1973 2128 2015; x_wconf 72' lang='lat' dir='ltr'>enim</span> 
     </span>
     <span class='ocr_line' id='line_1_67' title="bbox 1300 2024 2131 2082; baseline 0.008 -19"><span class='ocrx_word' id='word_1_355' title='bbox 1300 2024 1439 2077; x_wconf 85' lang='lat' dir='ltr'>Nepos</span> <span class='ocrx_word' id='word_1_356' title='bbox 1458 2025 1533 2065; x_wconf 90' lang='lat' dir='ltr'>hoc</span> <span class='ocrx_word' id='word_1_357' title='bbox 1551 2025 1707 2067; x_wconf 84' lang='lat' dir='ltr'>dieere:</span> <span class='ocrx_word' id='word_1_358' title='bbox 1737 2033 1749 2051; x_wconf 91' lang='lat'>‘</span> <span class='ocrx_word' id='word_1_359' title='bbox 1765 2027 1946 2068; x_wconf 88' lang='lat' dir='ltr'>Datamis</span> <span class='ocrx_word' id='word_1_360' title='bbox 1963 2041 2024 2068; x_wconf 79' lang='lat' dir='ltr'>res</span> <span class='ocrx_word' id='word_1_361' title='bbox 2042 2042 2131 2082; x_wconf 82' lang='lat' dir='ltr'>ges-</span> 
     </span>
     <span class='ocr_line' id='line_1_68' title="bbox 1294 2077 2131 2135; baseline 0.005 -16"><span class='ocrx_word' id='word_1_362' title='bbox 1294 2085 1354 2119; x_wconf 83' lang='lat' dir='ltr'>tas</span> <span class='ocrx_word' id='word_1_363' title='bbox 1381 2077 1473 2118; x_wconf 88' lang='lat' dir='ltr'>satis</span> <span class='ocrx_word' id='word_1_364' title='bbox 1500 2079 1648 2132; x_wconf 87' lang='lat' dir='ltr'>percipi</span> <span class='ocrx_word' id='word_1_365' title='bbox 1677 2082 1785 2120; x_wconf 82' lang='lat' dir='ltr'>haud</span> <span class='ocrx_word' id='word_1_366' title='bbox 1802 2095 1931 2134; x_wconf 83' lang='lat' dir='ltr'>posse,</span> <span class='ocrx_word' id='word_1_367' title='bbox 1954 2081 2030 2123; x_wconf 73' lang='lat' dir='ltr'>nisi</span> <span class='ocrx_word' id='word_1_368' title='bbox 2047 2082 2131 2135; x_wconf 85' lang='lat' dir='ltr'>ple-</span> 
     </span>
     <span class='ocr_line' id='line_1_69' title="bbox 1295 2134 2132 2188; baseline 0.004 -16"><span class='ocrx_word' id='word_1_369' title='bbox 1295 2134 1383 2172; x_wconf 86' lang='lat' dir='ltr'>nius</span> <span class='ocrx_word' id='word_1_370' title='bbox 1397 2139 1583 2181; x_wconf 85' lang='lat' dir='ltr'>narretur,</span> <span class='ocrx_word' id='word_1_371' title='bbox 1595 2135 1735 2186; x_wconf 87' lang='lat' dir='ltr'>quibus</span> <span class='ocrx_word' id='word_1_372' title='bbox 1744 2135 1785 2174; x_wconf 87' lang='lat' dir='ltr'>in</span> <span class='ocrx_word' id='word_1_373' title='bbox 1797 2138 1968 2188; x_wconf 81' lang='lat' dir='ltr'>gerendo</span> <span class='ocrx_word' id='word_1_374' title='bbox 1979 2136 2041 2176; x_wconf 82' lang='lat' dir='ltr'>vel</span> <span class='ocrx_word' id='word_1_375' title='bbox 2055 2136 2132 2176; x_wconf 78' lang='lat' dir='ltr'>dif-</span> 
     </span>
     <span class='ocr_line' id='line_1_70' title="bbox 1298 2187 2132 2230; baseline 0.006 -5"><span class='ocrx_word' id='word_1_376' title='bbox 1298 2187 1534 2226; x_wconf 83' lang='lat' dir='ltr'>ficultatibus</span> <span class='ocrx_word' id='word_1_377' title='bbox 1567 2188 1814 2228; x_wconf 82' lang='lat' dir='ltr'>conflictatus</span> <span class='ocrx_word' id='word_1_378' title='bbox 1834 2191 1894 2230; x_wconf 84' lang='lat' dir='ltr'>vel</span> <span class='ocrx_word' id='word_1_379' title='bbox 1917 2190 2132 2230; x_wconf 82' lang='lat' dir='ltr'>rationibus</span> 
     </span>
     <span class='ocr_line' id='line_1_71' title="bbox 1300 2240 2128 2292; baseline 0.004 -12"><span class='ocrx_word' id='word_1_380' title='bbox 1300 2240 1519 2292; x_wconf 86' lang='lat' dir='ltr'>expeditus’</span> <span class='ocrx_word' id='word_1_381' title='bbox 1537 2241 1611 2282; x_wconf 73' lang='grc' dir='ltr'>διε.</span> <span class='ocrx_word' id='word_1_382' title='bbox 1659 2243 1838 2283; x_wconf 87' lang='lat' dir='ltr'>Boecler.</span> <span class='ocrx_word' id='word_1_383' title='bbox 1890 2244 1956 2285; x_wconf 88' lang='lat' dir='ltr'>Sic</span> <span class='ocrx_word' id='word_1_384' title='bbox 1968 2243 2128 2284; x_wconf 78' lang='lat' dir='ltr'>Tacitus</span> 
     </span>
     <span class='ocr_line' id='line_1_72' title="bbox 1298 2294 2129 2340; baseline 0.005 -8"><span class='ocrx_word' id='word_1_385' title='bbox 1298 2294 1353 2332; x_wconf 90' lang='lat' dir='ltr'>H.</span> <span class='ocrx_word' id='word_1_386' title='bbox 1373 2294 1400 2339; x_wconf 89' lang='lat' dir='ltr'>i,</span> <span class='ocrx_word' id='word_1_387' title='bbox 1418 2298 1459 2340; x_wconf 80' lang='lat'>4,</span> <span class='ocrx_word' id='word_1_388' title='bbox 1482 2299 1503 2335; x_wconf 95' lang='lat' dir='ltr'>l</span> <span class='ocrx_word' id='word_1_389' title='bbox 1534 2301 1546 2318; x_wconf 88' lang='lat'>‘</span> <span class='ocrx_word' id='word_1_390' title='bbox 1563 2301 1607 2334; x_wconf 88' lang='lat' dir='ltr'>ut</span> <span class='ocrx_word' id='word_1_391' title='bbox 1634 2309 1715 2336; x_wconf 90' lang='lat' dir='ltr'>non</span> <span class='ocrx_word' id='word_1_392' title='bbox 1735 2297 1852 2336; x_wconf 87' lang='lat' dir='ltr'>modo</span> <span class='ocrx_word' id='word_1_393' title='bbox 1881 2311 1993 2338; x_wconf 85' lang='lat' dir='ltr'>casus</span> <span class='ocrx_word' id='word_1_394' title='bbox 2009 2310 2129 2337; x_wconf 79' lang='lat' dir='ltr'>even-</span> 
     </span>
    </p>
   </div>
   <div class='ocr_carea' id='block_1_19' title="bbox 1300 2349 2132 2456">
    <p class='ocr_par' dir='ltr' id='par_1_26' title="bbox 1300 2349 2132 2456">
     <span class='ocr_line' id='line_1_73' title="bbox 1301 2349 2132 2403; baseline 0.006 -19"><span class='ocrx_word' id='word_1_395' title='bbox 1301 2354 1440 2398; x_wconf 90' lang='lat' dir='ltr'>tusque</span> <span class='ocrx_word' id='word_1_396' title='bbox 1458 2360 1598 2395; x_wconf 89' lang='lat' dir='ltr'>rerum,</span> <span class='ocrx_word' id='word_1_397' title='bbox 1631 2349 1700 2400; x_wconf 90' lang='lat' dir='ltr'>qui</span> <span class='ocrx_word' id='word_1_398' title='bbox 1725 2349 1953 2403; x_wconf 86' lang='lat' dir='ltr'>plerumque</span> <span class='ocrx_word' id='word_1_399' title='bbox 1980 2351 2132 2390; x_wconf 80' lang='lat' dir='ltr'>fortuiti</span> 
     </span>
     <span class='ocr_line' id='line_1_74' title="bbox 1300 2401 2128 2456; baseline 0.007 -18"><span class='ocrx_word' id='word_1_400' title='bbox 1300 2406 1405 2445; x_wconf 87' lang='lat' dir='ltr'>sunt,</span> <span class='ocrx_word' id='word_1_401' title='bbox 1433 2401 1502 2440; x_wconf 83' lang='lat' dir='ltr'>sed</span> <span class='ocrx_word' id='word_1_402' title='bbox 1533 2401 1631 2440; x_wconf 88' lang='lat' dir='ltr'>ratio</span> <span class='ocrx_word' id='word_1_403' title='bbox 1655 2402 1773 2441; x_wconf 84' lang='lat' dir='ltr'>etiam</span> <span class='ocrx_word' id='word_1_404' title='bbox 1802 2416 2010 2456; x_wconf 65' lang='lat' dir='ltr'>causaque</span> <span class='ocrx_word' id='word_1_405' title='bbox 2037 2417 2128 2444; x_wconf 82' lang='lat' dir='ltr'>uos-</span> 
     </span>
    </p>
   </div>
   <div class='ocr_carea' id='block_1_20' title="bbox 1300 2452 2132 2558">
    <p class='ocr_par' dir='ltr' id='par_1_27' title="bbox 1300 2452 2132 2558">
     <span class='ocr_line' id='line_1_75' title="bbox 1300 2452 2132 2558; baseline 0.007 -66"><span class='ocrx_word' id='word_1_406' title='bbox 1300 2452 1463 2558; x_wconf 57' lang='lat' dir='ltr'>carlrttu3.&#39;</span> <span class='ocrx_word' id='word_1_407' title='bbox 1527 2454 1610 2494; x_wconf 88' lang='lat' dir='ltr'>Ubi</span> <span class='ocrx_word' id='word_1_408' title='bbox 1634 2455 1713 2494; x_wconf 85' lang='lat' dir='ltr'>vid.</span> <span class='ocrx_word' id='word_1_409' title='bbox 1740 2456 1920 2497; x_wconf 85' lang='lat' dir='ltr'>Boecler.</span> <span class='ocrx_word' id='word_1_410' title='bbox 1952 2464 2132 2498; x_wconf 31' lang='lat' dir='ltr'>annotat-⁷</span> 
     </span>
     <span class='ocr_line' id='line_1_76' title="bbox 1303 2519 1413 2558; baseline -0.009 -12"><span class='ocrx_word' id='word_1_411' title='bbox 1303 2519 1355 2558; x_wconf 90' lang='lat' dir='ltr'>po</span> <span class='ocrx_word' id='word_1_412' title='bbox 1371 2520 1384 2545; x_wconf 86' lang='lat' dir='ltr'>r</span> <span class='ocrx_word' id='word_1_413' title='bbox 1403 2533 1413 2545; x_wconf 92' lang='lat'><strong>.</strong></span> 
     </span>
    </p>
   </div>
   <div class='ocr_carea' id='block_1_21' title="bbox 307 2559 2131 2619">
    <p class='ocr_par' dir='ltr' id='par_1_28' title="bbox 307 2559 2131 2619">
     <span class='ocr_line' id='line_1_77' title="bbox 307 2559 2131 2619; baseline 0 -13"><span class='ocrx_word' id='word_1_414' title='bbox 307 2564 426 2613; x_wconf 87' lang='lat' dir='ltr'>Quod</span> <span class='ocrx_word' id='word_1_415' title='bbox 475 2567 582 2619; x_wconf 88' lang='lat' dir='ltr'>(pro,</span> <span class='ocrx_word' id='word_1_416' title='bbox 615 2578 663 2604; x_wconf 86' lang='lat' dir='ltr'>eo</span> <span class='ocrx_word' id='word_1_417' title='bbox 711 2563 838 2616; x_wconf 90' lang='lat' dir='ltr'>quod)</span> <span class='ocrx_word' id='word_1_418' title='bbox 878 2561 921 2608; x_wconf 88' lang='lat' dir='ltr'>ii,</span> <span class='ocrx_word' id='word_1_419' title='bbox 952 2565 991 2602; x_wconf 84' lang='lat'>8.</span> <span class='ocrx_word' id='word_1_420' title='bbox 1025 2559 1133 2607; x_wconf 85' lang='lat' dir='ltr'>xviii,</span> <span class='ocrx_word' id='word_1_421' title='bbox 1160 2564 1183 2600; x_wconf 89' lang='grc'><strong>7</strong></span> <span class='ocrx_word' id='word_1_422' title='bbox 1249 2560 1453 2601; x_wconf 85' lang='lat' dir='ltr'>Recedere</span> <span class='ocrx_word' id='word_1_423' title='bbox 1488 2574 1512 2601; x_wconf 84' lang='lat' dir='ltr'>a</span> <span class='ocrx_word' id='word_1_424' title='bbox 1546 2567 1762 2614; x_wconf 85' lang='lat' dir='ltr'>conspectu</span> <span class='ocrx_word' id='word_1_425' title='bbox 1788 2569 1945 2603; x_wconf 80' lang='lat' dir='ltr'>suorum</span> <span class='ocrx_word' id='word_1_426' title='bbox 1998 2561 2067 2612; x_wconf 80' lang='lat' dir='ltr'>xii,</span> <span class='ocrx_word' id='word_1_427' title='bbox 2103 2568 2131 2606; x_wconf 80' lang='lat'>4</span> 
     </span>
    </p>
   </div>
   <div class='ocr_carea' id='block_1_22' title="bbox 358 2614 1190 2890">
    <p class='ocr_par' dir='ltr' id='par_1_29' title="bbox 358 2614 1190 2890">
     <span class='ocr_line' id='line_1_78' title="bbox 358 2614 1187 2675; baseline -0.011 -14"><span class='ocrx_word' id='word_1_428' title='bbox 358 2621 394 2675; x_wconf 85' lang='lat'>(‘</span> <span class='ocrx_word' id='word_1_429' title='bbox 408 2620 530 2674; x_wconf 89' lang='lat' dir='ltr'>quod’</span> <span class='ocrx_word' id='word_1_430' title='bbox 549 2619 747 2671; x_wconf 81' lang='lat' dir='ltr'>eleganter</span> <span class='ocrx_word' id='word_1_431' title='bbox 764 2615 976 2669; x_wconf 82' lang='lat' dir='ltr'>praefigitur</span> <span class='ocrx_word' id='word_1_432' title='bbox 988 2614 1187 2667; x_wconf 82' lang='lat' dir='ltr'>particulae</span> 
     </span>
     <span class='ocr_line' id='line_1_79' title="bbox 361 2669 1189 2722; baseline -0.01 -8"><span class='ocrx_word' id='word_1_433' title='bbox 361 2675 445 2722; x_wconf 84' lang='lat' dir='ltr'>‘si&#39;‚</span> <span class='ocrx_word' id='word_1_434' title='bbox 478 2673 546 2714; x_wconf 92' lang='lat' dir='ltr'>ubi</span> <span class='ocrx_word' id='word_1_435' title='bbox 563 2685 612 2713; x_wconf 91' lang='lat' dir='ltr'>ea</span> <span class='ocrx_word' id='word_1_436' title='bbox 635 2671 866 2712; x_wconf 80' lang='lat' dir='ltr'>inchoandae</span> <span class='ocrx_word' id='word_1_437' title='bbox 890 2669 1100 2722; x_wconf 88' lang='lat' dir='ltr'>praesertim</span> <span class='ocrx_word' id='word_1_438' title='bbox 1119 2681 1189 2720; x_wconf 89' lang='lat' dir='ltr'>pe-</span> 
     </span>
     <span class='ocr_line' id='line_1_80' title="bbox 358 2722 1190 2774; baseline -0.011 -5"><span class='ocrx_word' id='word_1_439' title='bbox 358 2729 471 2769; x_wconf 87' lang='lat' dir='ltr'>riodo</span> <span class='ocrx_word' id='word_1_440' title='bbox 490 2741 538 2768; x_wconf 82' lang='lat' dir='ltr'>ac</span> <span class='ocrx_word' id='word_1_441' title='bbox 554 2726 758 2766; x_wconf 86' lang='lat' dir='ltr'>sententiae</span> <span class='ocrx_word' id='word_1_442' title='bbox 776 2737 856 2763; x_wconf 85' lang='lat' dir='ltr'>non</span> <span class='ocrx_word' id='word_1_443' title='bbox 883 2722 1038 2770; x_wconf 84' lang='lat' dir='ltr'>sufficit,</span> <span class='ocrx_word' id='word_1_444' title='bbox 1061 2734 1190 2774; x_wconf 88' lang='lat' dir='ltr'>neque</span> 
     </span>
     <span class='ocr_line' id='line_1_81' title="bbox 358 2773 1190 2832; baseline -0.01 -10"><span class='ocrx_word' id='word_1_445' title='bbox 358 2783 548 2822; x_wconf 82' lang='lat' dir='ltr'>sustinere</span> <span class='ocrx_word' id='word_1_446' title='bbox 599 2785 730 2832; x_wconf 82' lang='lat' dir='ltr'>potest</span> <span class='ocrx_word' id='word_1_447' title='bbox 776 2778 944 2817; x_wconf 80' lang='lat' dir='ltr'>frontem</span> <span class='ocrx_word' id='word_1_448' title='bbox 972 2773 1190 2827; x_wconf 80' lang='lat' dir='ltr'>orationis).</span> 
     </span>
     <span class='ocr_line' id='line_1_82' title="bbox 359 2828 1190 2890; baseline -0.012 -14"><span class='ocrx_word' id='word_1_449' title='bbox 359 2837 466 2890; x_wconf 87' lang='lat' dir='ltr'>quod</span> <span class='ocrx_word' id='word_1_450' title='bbox 502 2835 534 2874; x_wconf 86' lang='lat' dir='ltr'>si</span> <span class='ocrx_word' id='word_1_451' title='bbox 564 2834 652 2887; x_wconf 88' lang='lat' dir='ltr'>quis</span> <span class='ocrx_word' id='word_1_452' title='bbox 679 2833 784 2886; x_wconf 88' lang='lat' dir='ltr'>legat</span> <span class='ocrx_word' id='word_1_453' title='bbox 803 2831 878 2872; x_wconf 70' lang='grc' dir='ltr'>ὅτε.</span> <span class='ocrx_word' id='word_1_454' title='bbox 907 2829 1015 2877; x_wconf 84' lang='lat' dir='ltr'>xviii,</span> <span class='ocrx_word' id='word_1_455' title='bbox 1035 2833 1061 2871; x_wconf 91' lang='lat'>8</span> <span class='ocrx_word' id='word_1_456' title='bbox 1103 2828 1190 2882; x_wconf 91' lang='lat' dir='ltr'>(Sic</span> 
     </span>
    </p>
   </div>
   <div class='ocr_carea' id='block_1_23' title="bbox 1305 2611 2129 2775">
    <p class='ocr_par' dir='ltr' id='par_1_30' title="bbox 1305 2611 2129 2775">
     <span class='ocr_line' id='line_1_83' title="bbox 1305 2611 2128 2670; baseline 0.006 -16"><span class='ocrx_word' id='word_1_457' title='bbox 1305 2611 1446 2668; x_wconf 85' lang='lat' dir='ltr'>(paulo</span> <span class='ocrx_word' id='word_1_458' title='bbox 1482 2620 1603 2654; x_wconf 87' lang='lat' dir='ltr'>ante:</span> <span class='ocrx_word' id='word_1_459' title='bbox 1634 2616 1782 2663; x_wconf 82' lang='lat' dir='ltr'>abesse,</span> <span class='ocrx_word' id='word_1_460' title='bbox 1814 2617 1934 2670; x_wconf 89' lang='lat' dir='ltr'>ibid.)</span> <span class='ocrx_word' id='word_1_461' title='bbox 1975 2631 2000 2658; x_wconf 84' lang='lat' dir='ltr'>a</span> <span class='ocrx_word' id='word_1_462' title='bbox 2030 2619 2128 2659; x_wconf 82' lang='lat' dir='ltr'>cari·</span> 
     </span>
     <span class='ocr_line' id='line_1_84' title="bbox 1306 2668 2129 2725; baseline 0.005 -19"><span class='ocrx_word' id='word_1_463' title='bbox 1306 2674 1385 2707; x_wconf 85' lang='lat' dir='ltr'>tate</span> <span class='ocrx_word' id='word_1_464' title='bbox 1410 2668 1544 2720; x_wconf 85' lang='lat' dir='ltr'>patriae</span> <span class='ocrx_word' id='word_1_465' title='bbox 1574 2681 1654 2709; x_wconf 88' lang='lat' dir='ltr'>non</span> <span class='ocrx_word' id='word_1_466' title='bbox 1679 2670 1859 2711; x_wconf 87' lang='lat' dir='ltr'>recedere</span> <span class='ocrx_word' id='word_1_467' title='bbox 1884 2672 2129 2725; x_wconf 75' lang='lat' dir='ltr'>(constanter</span> 
     </span>
     <span class='ocr_line' id='line_1_85' title="bbox 1305 2721 1583 2775; baseline 0.007 -14"><span class='ocrx_word' id='word_1_468' title='bbox 1305 2721 1454 2775; x_wconf 85' lang='lat' dir='ltr'>amare)</span> <span class='ocrx_word' id='word_1_469' title='bbox 1474 2721 1541 2769; x_wconf 87' lang='lat' dir='ltr'>vii,</span> <span class='ocrx_word' id='word_1_470' title='bbox 1557 2726 1583 2763; x_wconf 89' lang='grc'>8</span> 
     </span>
    </p>
   </div>
   <div class='ocr_carea' id='block_1_24' title="bbox 1250 2775 2132 2831">
    <p class='ocr_par' dir='ltr' id='par_1_31' title="bbox 1250 2775 2132 2831">
     <span class='ocr_line' id='line_1_86' title="bbox 1250 2775 2132 2831; baseline 0.006 -16"><span class='ocrx_word' id='word_1_471' title='bbox 1250 2775 1408 2816; x_wconf 84' lang='lat' dir='ltr'>Recens</span> <span class='ocrx_word' id='word_1_472' title='bbox 1426 2776 1655 2816; x_wconf 80' lang='lat' dir='ltr'>auctoritate</span> <span class='ocrx_word' id='word_1_473' title='bbox 1673 2777 1746 2831; x_wconf 90' lang='lat' dir='ltr'>(de</span> <span class='ocrx_word' id='word_1_474' title='bbox 1758 2777 1942 2819; x_wconf 75' lang='lat' dir='ltr'>historico</span> <span class='ocrx_word' id='word_1_475' title='bbox 1955 2778 2132 2831; x_wconf 78' lang='lat' dir='ltr'>proximo</span> 
     </span>
    </p>
   </div>
   <div class='ocr_carea' id='block_1_25' title="bbox 1306 2828 1647 2892">
    <p class='ocr_par' dir='ltr' id='par_1_32' title="bbox 1306 2828 1647 2892">
     <span class='ocr_line' id='line_1_87' title="bbox 1306 2828 1647 2892; baseline 0.009 -24"><span class='ocrx_word' id='word_1_476' title='bbox 1306 2828 1527 2892; x_wconf 75' lang='lat' dir='ltr'>temporis),</span> <span class='ocrx_word' id='word_1_477' title='bbox 1540 2830 1602 2869; x_wconf 83' lang='lat' dir='ltr'>Fr.</span> <span class='ocrx_word' id='word_1_478' title='bbox 1621 2835 1647 2872; x_wconf 88' lang='grc'><strong>7</strong></span> 
     </span>
    </p>
   </div>
   <div class='ocr_carea' id='block_1_26' title="bbox 360 2880 2135 2996">
    <p class='ocr_par' dir='ltr' id='par_1_33' title="bbox 360 2880 2135 2996">
     <span class='ocr_line' id='line_1_88' title="bbox 360 2880 1854 2941; baseline -0.005 -10"><span class='ocrx_word' id='word_1_479' title='bbox 360 2891 478 2931; x_wconf 82' lang='lat' dir='ltr'>etiam</span> <span class='ocrx_word' id='word_1_480' title='bbox 513 2887 724 2941; x_wconf 85' lang='lat' dir='ltr'>praefigitur</span> <span class='ocrx_word' id='word_1_481' title='bbox 749 2886 808 2937; x_wconf 72' lang='grc' dir='ltr'>τῷ</span> <span class='ocrx_word' id='word_1_482' title='bbox 842 2890 854 2909; x_wconf 85' lang='lat'><em>‘</em></span> <span class='ocrx_word' id='word_1_483' title='bbox 871 2883 959 2924; x_wconf 89' lang='lat' dir='ltr'>nisi&#39;</span> <span class='ocrx_word' id='word_1_484' title='bbox 995 2884 1036 2923; x_wconf 89' lang='lat' dir='ltr'>in</span> <span class='ocrx_word' id='word_1_485' title='bbox 1070 2882 1138 2922; x_wconf 91' lang='lat' dir='ltr'>illo</span> <span class='ocrx_word' id='word_1_486' title='bbox 1157 2880 1192 2936; x_wconf 76' lang='lat' dir='ltr'>z)</span> <span class='ocrx_word' id='word_1_487' title='bbox 1253 2882 1457 2924; x_wconf 77' lang='lat' dir='ltr'>Recedere</span> <span class='ocrx_word' id='word_1_488' title='bbox 1473 2884 1714 2924; x_wconf 84' lang='lat' dir='ltr'>minvidiam</span> <span class='ocrx_word' id='word_1_489' title='bbox 1742 2884 1810 2932; x_wconf 83' lang='lat' dir='ltr'>vii,</span> <span class='ocrx_word' id='word_1_490' title='bbox 1827 2888 1854 2926; x_wconf 90' lang='grc'><strong>7</strong></span> 
     </span>
     <span class='ocr_line' id='line_1_89' title="bbox 361 2935 2135 2996; baseline -0.002 -13"><span class='ocrx_word' id='word_1_491' title='bbox 361 2945 469 2996; x_wconf 91' lang='lat' dir='ltr'>quod</span> <span class='ocrx_word' id='word_1_492' title='bbox 482 2942 557 2981; x_wconf 82' lang='lat' dir='ltr'>nisi</span> <span class='ocrx_word' id='word_1_493' title='bbox 574 2940 799 2980; x_wconf 80' lang='lat' dir='ltr'>debilitatus</span> <span class='ocrx_word' id='word_1_494' title='bbox 816 2945 931 2984; x_wconf 84' lang='lat' dir='ltr'>esset,</span> <span class='ocrx_word' id='word_1_495' title='bbox 950 2936 1104 2977; x_wconf 86' lang='lat' dir='ltr'>videtur</span> <span class='ocrx_word' id='word_1_496' title='bbox 1121 2949 1193 2989; x_wconf 83' lang='lat' dir='ltr'>po-</span> <span class='ocrx_word' id='word_1_497' title='bbox 1252 2935 1447 2989; x_wconf 82' lang='lat' dir='ltr'>Recipere</span> <span class='ocrx_word' id='word_1_498' title='bbox 1465 2950 1508 2977; x_wconf 89' lang='lat' dir='ltr'>se</span> <span class='ocrx_word' id='word_1_499' title='bbox 1532 2938 1686 2985; x_wconf 87' lang='lat' dir='ltr'>eodem,</span> <span class='ocrx_word' id='word_1_500' title='bbox 1717 2939 1823 2978; x_wconf 90' lang='lat' dir='ltr'>unde</span> <span class='ocrx_word' id='word_1_501' title='bbox 1849 2937 1924 2979; x_wconf 65' lang='lat' dir='ltr'>&amp;c-</span> <span class='ocrx_word' id='word_1_502' title='bbox 1951 2938 2135 2992; x_wconf 79' lang='lat' dir='ltr'>(reverti)</span> 
     </span>
    </p>
   </div>
   <div class='ocr_carea' id='block_1_27' title="bbox 314 2989 1199 3587">
    <p class='ocr_par' dir='ltr' id='par_1_34' title="bbox 363 2989 1193 3046">
     <span class='ocr_line' id='line_1_90' title="bbox 363 2989 1193 3046; baseline -0.013 -8"><span class='ocrx_word' id='word_1_503' title='bbox 363 2997 483 3038; x_wconf 86' lang='lat' dir='ltr'>tuisse</span> <span class='ocrx_word' id='word_1_504' title='bbox 513 2995 588 3035; x_wconf 84' lang='lat' dir='ltr'>&amp;c.</span> <span class='ocrx_word' id='word_1_505' title='bbox 619 2990 725 3040; x_wconf 78' lang='lat' dir='ltr'>xxiii,</span> <span class='ocrx_word' id='word_1_506' title='bbox 743 2997 766 3032; x_wconf 89' lang='lat'>1</span> <span class='ocrx_word' id='word_1_507' title='bbox 809 2993 922 3046; x_wconf 84' lang='lat' dir='ltr'>(nam</span> <span class='ocrx_word' id='word_1_508' title='bbox 947 2997 988 3031; x_wconf 90' lang='lat' dir='ltr'>et</span> <span class='ocrx_word' id='word_1_509' title='bbox 1016 2990 1104 3031; x_wconf 88' lang='lat' dir='ltr'>heic</span> <span class='ocrx_word' id='word_1_510' title='bbox 1123 2989 1193 3029; x_wconf 84' lang='lat' dir='ltr'>ali·</span> 
     </span>
    </p>

    <p class='ocr_par' dir='ltr' id='par_1_35' title="bbox 364 3042 1196 3208">
     <span class='ocr_line' id='line_1_91' title="bbox 364 3042 1193 3105; baseline -0.012 -13"><span class='ocrx_word' id='word_1_511' title='bbox 364 3062 443 3105; x_wconf 81' lang='lat' dir='ltr'>quo</span> <span class='ocrx_word' id='word_1_512' title='bbox 469 3050 592 3090; x_wconf 76' lang='lat' dir='ltr'>fulcro</span> <span class='ocrx_word' id='word_1_513' title='bbox 607 3047 726 3087; x_wconf 85' lang='lat' dir='ltr'>veluti</span> <span class='ocrx_word' id='word_1_514' title='bbox 745 3046 975 3098; x_wconf 82' lang='lat' dir='ltr'>indulgebat</span> <span class='ocrx_word' id='word_1_515' title='bbox 987 3043 1036 3085; x_wconf 75' lang='grc' dir='ltr'>τὸ</span> <span class='ocrx_word' id='word_1_516' title='bbox 1059 3046 1072 3068; x_wconf 90' lang='lat'>‘</span> <span class='ocrx_word' id='word_1_517' title='bbox 1090 3042 1193 3091; x_wconf 70' lang='lat' dir='ltr'>nisi:</span> 
     </span>
     <span class='ocr_line' id='line_1_92' title="bbox 393 3095 1195 3151; baseline -0.011 -6"><span class='ocrx_word' id='word_1_518' title='bbox 393 3105 495 3146; x_wconf 84' lang='lat' dir='ltr'>ualia</span> <span class='ocrx_word' id='word_1_519' title='bbox 523 3103 618 3143; x_wconf 83' lang='lat' dir='ltr'>alias</span> <span class='ocrx_word' id='word_1_520' title='bbox 636 3107 738 3142; x_wconf 84' lang='lat' dir='ltr'>sunt.</span> <span class='ocrx_word' id='word_1_521' title='bbox 793 3099 894 3139; x_wconf 84' lang='lat' dir='ltr'>Sane</span> <span class='ocrx_word' id='word_1_522' title='bbox 911 3099 1095 3151; x_wconf 88' lang='lat' dir='ltr'>equidem</span> <span class='ocrx_word' id='word_1_523' title='bbox 1120 3095 1195 3137; x_wconf 71' lang='lat' dir='ltr'>&amp;c-</span> 
     </span>
     <span class='ocr_line' id='line_1_93' title="bbox 403 3151 1196 3208; baseline -0.015 -8"><span class='ocrx_word' id='word_1_524' title='bbox 403 3158 503 3200; x_wconf 81' lang='lat' dir='ltr'>oecl.</span> <span class='ocrx_word' id='word_1_525' title='bbox 557 3156 621 3196; x_wconf 91' lang='lat' dir='ltr'>Sic</span> <span class='ocrx_word' id='word_1_526' title='bbox 653 3167 812 3208; x_wconf 84' lang='lat' dir='ltr'>quoque</span> <span class='ocrx_word' id='word_1_527' title='bbox 838 3152 967 3193; x_wconf 86' lang='lat' dir='ltr'>Tacit.</span> <span class='ocrx_word' id='word_1_528' title='bbox 990 3151 1086 3205; x_wconf 82' lang='lat' dir='ltr'>Agr.</span> <span class='ocrx_word' id='word_1_529' title='bbox 1116 3151 1196 3198; x_wconf 83' lang='lat' dir='ltr'>xvi,</span> 
     </span>
    </p>

    <p class='ocr_par' dir='ltr' id='par_1_36' title="bbox 363 3205 1199 3264">
     <span class='ocr_line' id='line_1_94' title="bbox 363 3205 1199 3264; baseline -0.013 -10"><span class='ocrx_word' id='word_1_530' title='bbox 363 3217 405 3255; x_wconf 83' lang='grc'>2.</span> <span class='ocrx_word' id='word_1_531' title='bbox 444 3218 455 3236; x_wconf 85' lang='grc'><em>·</em></span> <span class='ocrx_word' id='word_1_532' title='bbox 479 3210 584 3264; x_wconf 87' lang='lat' dir='ltr'>quod</span> <span class='ocrx_word' id='word_1_533' title='bbox 603 3208 675 3249; x_wconf 83' lang='lat' dir='ltr'>nisi</span> <span class='ocrx_word' id='word_1_534' title='bbox 704 3206 908 3248; x_wconf 83' lang='lat' dir='ltr'>Paullinus</span> <span class='ocrx_word' id='word_1_535' title='bbox 927 3218 1090 3259; x_wconf 83' lang='lat' dir='ltr'>propere</span> <span class='ocrx_word' id='word_1_536' title='bbox 1107 3205 1199 3243; x_wconf 89' lang='lat' dir='ltr'>sub-</span> 
     </span>
    </p>

    <p class='ocr_par' dir='ltr' id='par_1_37' title="bbox 366 3258 1198 3312">
     <span class='ocr_line' id='line_1_95' title="bbox 366 3258 1198 3312; baseline -0.008 -8"><span class='ocrx_word' id='word_1_537' title='bbox 366 3263 550 3312; x_wconf 85' lang='lat' dir='ltr'>venisset,</span> <span class='ocrx_word' id='word_1_538' title='bbox 563 3260 703 3303; x_wconf 85' lang='lat' dir='ltr'>amissa</span> <span class='ocrx_word' id='word_1_539' title='bbox 721 3260 924 3312; x_wconf 82' lang='lat' dir='ltr'>Britannia</span> <span class='ocrx_word' id='word_1_540' title='bbox 940 3259 1066 3300; x_wconf 57' lang='lat' dir='ltr'>foret?</span> <span class='ocrx_word' id='word_1_541' title='bbox 1091 3258 1198 3300; x_wconf 88' lang='lat' dir='ltr'>con-</span> 
     </span>
    </p>

    <p class='ocr_par' dir='ltr' id='par_1_38' title="bbox 366 3311 1199 3365">
     <span class='ocr_line' id='line_1_96' title="bbox 366 3311 1199 3365; baseline -0.01 -5"><span class='ocrx_word' id='word_1_542' title='bbox 366 3319 469 3360; x_wconf 81' lang='lat' dir='ltr'>sulat</span> <span class='ocrx_word' id='word_1_543' title='bbox 496 3318 636 3357; x_wconf 88' lang='lat' dir='ltr'>Lector</span> <span class='ocrx_word' id='word_1_544' title='bbox 663 3315 837 3365; x_wconf 87' lang='lat' dir='ltr'>Cortium</span> <span class='ocrx_word' id='word_1_545' title='bbox 865 3315 917 3354; x_wconf 81' lang='lat' dir='ltr'>ad</span> <span class='ocrx_word' id='word_1_546' title='bbox 933 3313 1091 3354; x_wconf 82' lang='lat' dir='ltr'>Sallust.</span> <span class='ocrx_word' id='word_1_547' title='bbox 1122 3311 1199 3354; x_wconf 87' lang='lat' dir='ltr'>Ca-</span> 
     </span>
    </p>

    <p class='ocr_par' dir='ltr' id='par_1_39' title="bbox 346 3368 1032 3425">
     <span class='ocr_line' id='line_1_97' title="bbox 346 3368 1032 3425; baseline -0.009 -11"><span class='ocrx_word' id='word_1_548' title='bbox 346 3424 349 3425; x_wconf 12' lang='grc'><em>7</em></span> <span class='ocrx_word' id='word_1_549' title='bbox 366 3373 466 3414; x_wconf 80' lang='lat' dir='ltr'>tilin.</span> <span class='ocrx_word' id='word_1_550' title='bbox 484 3385 571 3423; x_wconf 89' lang='lat' dir='ltr'>cap.</span> <span class='ocrx_word' id='word_1_551' title='bbox 585 3374 650 3412; x_wconf 89' lang='grc'>18.</span> <span class='ocrx_word' id='word_1_552' title='bbox 672 3383 712 3410; x_wconf 85' lang='lat' dir='ltr'>n.</span> <span class='ocrx_word' id='word_1_553' title='bbox 733 3368 780 3422; x_wconf 84' lang='lat'>8)</span> <span class='ocrx_word' id='word_1_554' title='bbox 1029 3387 1032 3390; x_wconf 54' lang='lat'><strong>⁴</strong></span> 
     </span>
    </p>

    <p class='ocr_par' dir='ltr' id='par_1_40' title="bbox 314 3422 807 3478">
     <span class='ocr_line' id='line_1_98' title="bbox 314 3422 807 3478; baseline -0.008 -11"><span class='ocrx_word' id='word_1_555' title='bbox 314 3422 412 3478; x_wconf 53' lang='lat' dir='ltr'>Quo⁴</span> <span class='ocrx_word' id='word_1_556' title='bbox 425 3425 551 3466; x_wconf 85' lang='lat' dir='ltr'>minus</span> <span class='ocrx_word' id='word_1_557' title='bbox 577 3437 616 3471; x_wconf 90' lang='lat' dir='ltr'>v,</span> <span class='ocrx_word' id='word_1_558' title='bbox 634 3427 675 3465; x_wconf 81' lang='lat'>4.</span> <span class='ocrx_word' id='word_1_559' title='bbox 689 3437 752 3469; x_wconf 87' lang='lat' dir='ltr'>xv,</span> <span class='ocrx_word' id='word_1_560' title='bbox 772 3425 807 3463; x_wconf 58' lang='lat'>8&lt;</span> 
     </span>
    </p>

    <p class='ocr_par' dir='ltr' id='par_1_41' title="bbox 316 3474 1197 3534">
     <span class='ocr_line' id='line_1_99' title="bbox 316 3474 1197 3534; baseline -0.009 -13"><span class='ocrx_word' id='word_1_561' title='bbox 316 3477 536 3534; x_wconf 67' lang='lat' dir='ltr'>Quorsum:</span> <span class='ocrx_word' id='word_1_562' title='bbox 565 3490 612 3517; x_wconf 89' lang='lat' dir='ltr'>ea</span> <span class='ocrx_word' id='word_1_563' title='bbox 630 3489 813 3529; x_wconf 84' lang='lat' dir='ltr'>quorsum</span> <span class='ocrx_word' id='word_1_564' title='bbox 831 3476 1056 3529; x_wconf 78' lang='lat' dir='ltr'>evaderent,</span> <span class='ocrx_word' id='word_1_565' title='bbox 1085 3474 1197 3517; x_wconf 82' lang='lat' dir='ltr'>time-</span> 
     </span>
    </p>

    <p class='ocr_par' dir='ltr' id='par_1_42' title="bbox 369 3527 1123 3587">
     <span class='ocr_line' id='line_1_100' title="bbox 369 3527 1123 3587; baseline -0.011 -12"><span class='ocrx_word' id='word_1_566' title='bbox 369 3537 438 3579; x_wconf 78' lang='lat' dir='ltr'>bat</span> <span class='ocrx_word' id='word_1_567' title='bbox 453 3533 592 3587; x_wconf 82' lang='lat' dir='ltr'>(quern</span> <span class='ocrx_word' id='word_1_568' title='bbox 609 3535 792 3573; x_wconf 74' lang='lat' dir='ltr'>eventum</span> <span class='ocrx_word' id='word_1_569' title='bbox 811 3527 1010 3582; x_wconf 83' lang='lat' dir='ltr'>habitura)</span> <span class='ocrx_word' id='word_1_570' title='bbox 1038 3542 1076 3576; x_wconf 81' lang='lat' dir='ltr'>x,</span> <span class='ocrx_word' id='word_1_571' title='bbox 1096 3531 1123 3568; x_wconf 83' lang='grc'>8</span> 
     </span>
    </p>
   </div>
   <div class='ocr_carea' id='block_1_28' title="bbox 1308 2991 2136 3259">
    <p class='ocr_par' dir='ltr' id='par_1_43' title="bbox 1308 2991 2136 3259">
     <span class='ocr_line' id='line_1_101' title="bbox 1308 2991 2134 3053; baseline 0.006 -24"><span class='ocrx_word' id='word_1_572' title='bbox 1308 2991 1391 3053; x_wconf 69' lang='lat' dir='ltr'>xiii,</span> <span class='ocrx_word' id='word_1_573' title='bbox 1419 2995 1459 3031; x_wconf 77' lang='lat'>3.</span> <span class='ocrx_word' id='word_1_574' title='bbox 1476 2991 1584 3038; x_wconf 82' lang='lat' dir='ltr'>xxiii,</span> <span class='ocrx_word' id='word_1_575' title='bbox 1622 2996 1677 3053; x_wconf 45' lang='lat'>11·</span> <span class='ocrx_word' id='word_1_576' title='bbox 1714 2991 1756 3031; x_wconf 88' lang='lat' dir='ltr'>in</span> <span class='ocrx_word' id='word_1_577' title='bbox 1770 2991 1986 3045; x_wconf 74' lang='lat' dir='ltr'>Phrygiam</span> <span class='ocrx_word' id='word_1_578' title='bbox 2009 2992 2088 3040; x_wconf 77' lang='lat' dir='ltr'>xiv,</span> <span class='ocrx_word' id='word_1_579' title='bbox 2106 2997 2134 3034; x_wconf 86' lang='grc'><strong>8</strong></span> 
     </span>
     <span class='ocr_line' id='line_1_102' title="bbox 1308 3044 2134 3142; baseline 0.004 -3"><span class='ocrx_word' id='word_1_580' title='bbox 1308 3057 1479 3139; x_wconf 55' lang='lat' dir='ltr'>rs&amp;</span> <span class='ocrx_word' id='word_1_581' title='bbox 1498 3045 1609 3137; x_wconf 66' lang='lat'>2:333</span> <span class='ocrx_word' id='word_1_582' title='bbox 1627 3044 1720 3138; x_wconf 63' lang='lat'><strong>3¹32·</strong></span> <span class='ocrx_word' id='word_1_583' title='bbox 1739 3044 2134 3142; x_wconf 51' lang='lat' dir='ltr'>&lt;enm</span> 
     </span>
     <span class='ocr_line' id='line_1_103' title="bbox 1311 3112 2136 3214; baseline 0.002 -23"><span class='ocrx_word' id='word_1_584' title='bbox 1311 3127 1481 3214; x_wconf 54' lang='lat' dir='ltr'>recipeie</span> <span class='ocrx_word' id='word_1_585' title='bbox 1490 3152 1664 3214; x_wconf 77' lang='lat' dir='ltr'>aliquem</span> <span class='ocrx_word' id='word_1_586' title='bbox 1682 3152 1722 3191; x_wconf 90' lang='lat' dir='ltr'>in</span> <span class='ocrx_word' id='word_1_587' title='bbox 1739 3112 1859 3192; x_wconf 72' lang='lat' dir='ltr'>iidem</span> <span class='ocrx_word' id='word_1_588' title='bbox 1883 3129 2067 3206; x_wconf 68' lang='lat' dir='ltr'>(tuteloni</span> <span class='ocrx_word' id='word_1_589' title='bbox 2092 3158 2136 3194; x_wconf 79' lang='lat' dir='ltr'>et</span> 
     </span>
     <span class='ocr_line' id='line_1_104' title="bbox 1313 3205 2134 3259; baseline 0.005 -15"><span class='ocrx_word' id='word_1_590' title='bbox 1313 3210 1569 3257; x_wconf 77' lang='lat' dir='ltr'>patrocinium</span> <span class='ocrx_word' id='word_1_591' title='bbox 1582 3205 1759 3259; x_wconf 81' lang='lat' dir='ltr'>religiose</span> <span class='ocrx_word' id='word_1_592' title='bbox 1775 3206 2060 3258; x_wconf 72' lang='lat' dir='ltr'>praestandum)</span> <span class='ocrx_word' id='word_1_593' title='bbox 2090 3205 2134 3254; x_wconf 82' lang='lat' dir='ltr'>ii,</span> 
     </span>
    </p>
   </div>
   <div class='ocr_carea' id='block_1_29' title="bbox 1267 3258 2134 3314">
    <p class='ocr_par' dir='ltr' id='par_1_44' title="bbox 1267 3258 2134 3314">
     <span class='ocr_line' id='line_1_105' title="bbox 1267 3258 2134 3314; baseline -0.001 -15"><span class='ocrx_word' id='word_1_594' title='bbox 1267 3306 1272 3312; x_wconf 33' lang='lat'>¹</span> <span class='ocrx_word' id='word_1_595' title='bbox 1315 3262 1342 3299; x_wconf 87' lang='lat'>8</span> <span class='ocrx_word' id='word_1_596' title='bbox 1379 3258 1468 3298; x_wconf 84' lang='lat' dir='ltr'>Ita:</span> <span class='ocrx_word' id='word_1_597' title='bbox 1496 3259 1619 3311; x_wconf 89' lang='lat' dir='ltr'>recipi</span> <span class='ocrx_word' id='word_1_598' title='bbox 1645 3258 1752 3313; x_wconf 88' lang='lat' dir='ltr'>(scil.</span> <span class='ocrx_word' id='word_1_599' title='bbox 1780 3260 1822 3299; x_wconf 85' lang='lat' dir='ltr'>in</span> <span class='ocrx_word' id='word_1_600' title='bbox 1852 3260 2134 3314; x_wconf 75' lang='lat' dir='ltr'>fidem)‚.ibid.</span> 
     </span>
    </p>
   </div>
   <div class='ocr_carea' id='block_1_30' title="bbox 1313 3312 2140 3575">
    <p class='ocr_par' dir='ltr' id='par_1_45' title="bbox 1313 3312 2140 3575">
     <span class='ocr_line' id='line_1_106' title="bbox 1313 3312 2135 3374; baseline 0.001 -22"><span class='ocrx_word' id='word_1_601' title='bbox 1313 3312 1485 3365; x_wconf 85' lang='lat' dir='ltr'>recipere</span> <span class='ocrx_word' id='word_1_602' title='bbox 1514 3313 1663 3365; x_wconf 87' lang='lat' dir='ltr'>legatos</span> <span class='ocrx_word' id='word_1_603' title='bbox 1689 3313 1953 3374; x_wconf 77' lang='lat' dir='ltr'>(recuperare)</span> <span class='ocrx_word' id='word_1_604' title='bbox 1978 3314 2064 3360; x_wconf 61' lang='lat' dir='ltr'>iia</span> <span class='ocrx_word' id='word_1_605' title='bbox 2093 3313 2135 3353; x_wconf 83' lang='lat' dir='ltr'>in</span> 
     </span>
     <span class='ocr_line' id='line_1_107' title="bbox 1317 3365 2136 3420; baseline 0.001 -15"><span class='ocrx_word' id='word_1_606' title='bbox 1317 3367 1493 3419; x_wconf 83' lang='lat' dir='ltr'>patriam,</span> <span class='ocrx_word' id='word_1_607' title='bbox 1521 3365 1619 3407; x_wconf 85' lang='lat' dir='ltr'>ibid.</span> <span class='ocrx_word' id='word_1_608' title='bbox 1653 3367 1774 3420; x_wconf 85' lang='lat' dir='ltr'>recipi</span> <span class='ocrx_word' id='word_1_609' title='bbox 1801 3366 1905 3419; x_wconf 88' lang='lat' dir='ltr'>(scil.</span> <span class='ocrx_word' id='word_1_610' title='bbox 1931 3379 1974 3407; x_wconf 82' lang='lat' dir='ltr'>m</span> <span class='ocrx_word' id='word_1_611' title='bbox 2002 3366 2136 3407; x_wconf 87' lang='lat' dir='ltr'>amici-</span> 
     </span>
     <span class='ocr_line' id='line_1_108' title="bbox 1314 3419 2140 3473; baseline 0.004 -14"><span class='ocrx_word' id='word_1_612' title='bbox 1314 3421 1409 3460; x_wconf 87' lang='lat' dir='ltr'>tiam</span> <span class='ocrx_word' id='word_1_613' title='bbox 1440 3427 1482 3460; x_wconf 88' lang='lat' dir='ltr'>et</span> <span class='ocrx_word' id='word_1_614' title='bbox 1516 3426 1664 3473; x_wconf 87' lang='lat' dir='ltr'>partem</span> <span class='ocrx_word' id='word_1_615' title='bbox 1695 3420 1889 3472; x_wconf 79' lang='lat' dir='ltr'>curarum)</span> <span class='ocrx_word' id='word_1_616' title='bbox 1932 3419 2050 3468; x_wconf 82' lang='lat' dir='ltr'>xviii‚-</span> <span class='ocrx_word' id='word_1_617' title='bbox 2080 3425 2140 3462; x_wconf 76' lang='lat'>10</span> 
     </span>
     <span class='ocr_line' id='line_1_109' title="bbox 1313 3472 2139 3529; baseline 0.002 -15"><span class='ocrx_word' id='word_1_618' title='bbox 1313 3472 1418 3527; x_wconf 82' lang='lat' dir='ltr'>(scil.</span> <span class='ocrx_word' id='word_1_619' title='bbox 1447 3475 1490 3515; x_wconf 85' lang='lat' dir='ltr'>in</span> <span class='ocrx_word' id='word_1_620' title='bbox 1524 3474 1735 3516; x_wconf 82' lang='lat' dir='ltr'>exercitum</span> <span class='ocrx_word' id='word_1_621' title='bbox 1762 3480 1804 3515; x_wconf 80' lang='lat' dir='ltr'>et</span> <span class='ocrx_word' id='word_1_622' title='bbox 1845 3473 2139 3529; x_wconf 67' lang='lat' dir='ltr'>praefectur-m)</span> 
     </span>
     <span class='ocr_line' id='line_1_110' title="bbox 1313 3527 1425 3575; baseline 0.009 -9"><span class='ocrx_word' id='word_1_623' title='bbox 1313 3527 1380 3575; x_wconf 81' lang='lat' dir='ltr'>vii,</span> <span class='ocrx_word' id='word_1_624' title='bbox 1398 3531 1425 3567; x_wconf 79' lang='lat'>8</span> 
     </span>
    </p>
   </div>
  </div>
 </body>
</html>
