2326 3944
741 313 810 352 11.
871 311 1380 361 Tnnmlsrocnssm,
1413 311 1550 350 cAP.
1587 295 1639 348 4.
1692 315 1693 318 “

265 435 400 477 ’τεκαὶ
410 431 661 487 Pompeius,-
674 436 724 473 ut
738 430 918 484 ancipiti
932 434 1157 483 urgeretur

276 499 419 542 beno:
464 498 662 539 Gebhard.

332 564 393 604 Ee
422 574 474 603 ex
503 563 705 602 adversum
742 556 936 608 Athenas]
973 556 1045 597 Ita
1070 566 1157 595 me-

277 625 398 666 lioris
414 631 528 665 notae
543 624 738 664 Codices.
781 622 998 662 Adversum
1013 625 1155 659 tamen

264 693 578 741 feposuerunt,
621 686 771 739 quibus
818 690 1022 736 suspecta
1071 681 1157 722 fuit

268 752 518 804 -eomposita
576 750 826 803 praepositio
875 749 1131 788 exadversum
1141 760 1156 794 ,-

276 827 375 858 enm
394 814 654 867 antiquiores
681 813 886 862 habeant,
907 815 947 851 et
974 813 1158 851 exadver-

270 891 364 920 sum
375 878 564 919 Athenas.
595 877 713 917 Utin
724 875 1008 928 Thrasybulo:
1037 878 1050 896 ‘
1067 875 1157 927 qui-

268 941 377 983 dem
416 941 675 982 exadversus
708 938 1046 991 Thrasybulum,'
1081 950 1159 990 pro

277 1006 464 1045 aduersus
483 1005 549 1044 vel
568 1006 783 1044 adversum.
830 1004 979 1044 Utitur
997 1003 1158 1042 Teren-

278 1069 363 1108 tius
382 1068 511 1108 etiam
541 1068 584 1107 in
607 1067 789 1120 Adelph.
808 1073 854 1107 et
885 1067 1160 1106 Phormione.

281 1132 482 1172 Kena-hen.
525 1132 582 1171 Et
602 1132 757 1171 Cicero
785 1130 840 1170 de
869 1130 1157 1169 Divinatione.

279 1195 412 1235 Plura
438 1196 518 1235 hac
546 1195 600 1235 de
629 1206 675 1234 re
697 1195 872 1234 Vossius
899 1192 953 1232 de
975 1192 1156 1244 Analog.

280 1266 345 1299 lv.
365 1261 459 1298 123.

330 1321 451 1373 Apud
485 1319 705 1370 Salamina]
766 1317 903 1370 quue
950 1330 1033 1357 non
1067 1318 1158 1358 sine

279 1386 457 1426 consilio
471 1391 516 1425 et
530 1395 680 1435 magno
696 1381 1160 1431 labore'rhemistoclis‚

206 1451 208 1457 ’
280 1461 377 1490 cum
412 1448 557 1488 Graeci
593 1447 636 1486 in
674 1457 772 1485 suas
814 1445 993 1497 quisque
1036 1444 1160 1484 sedes

280 1511 446 1555 reverti
465 1511 640 1559 vellent,
659 1509 865 1561 multique
894 1507 1001 1548 adeo
1021 1519 1067 1547 se
1087 1508 1160 1547 do-

279 1583 393 1615 mum
414 1574 695 1626 recepissent.
721 1572 834 1612 Vide
851 1571 1088 1612 Diodorum
1110 1584 1160 1612 ιι.

280 1644 326 1680 et
346 1639 615 1679 Herodotum
635 1637 766 1676 Uran.
797 1635 979 1677 Lambin.

334 1705 446 1746 CAP.
462 1707 504 1744 4.
540 1703 714 1743 Accessit
743 1700 866 1752 Asta]
897 1701 1045 1741 Codex
1074 1702 1159 1741 Ms‘.

282 1765 819 1820 Imngoliimceessitarcem.
831 1764 957 1806 Quod
967 1777 1050 1804 non
1062 1777 1160 1816 pro-

281 1831 351 1872 bo.
379 1831 442 1871 Ut
456 1831 637 1870 Romani
661 1828 872 1870 ‘Urbem'
897 1828 985 1869 κατ’
1018 1828 1161 1880 ἐξοχὴν

282 1907 403 1936 snam
411 1896 586 1935 Romam
595 1895 674 1944 3ita
682 1894 844 1944 Graeci,
855 1894 983 1946 inque
993 1894 1041 1934 iis
1051 1907 1161 1947 prae·

282 1959 410 2012 'cipue
431 1958 587 2008 Attici,
608 1957 801 1998 Athenas
826 1957 1161 1999 vocabantAstu.

281 2021 532 2063 Alcibiade:
566 2023 578 2043 ⁶
600 2021 834 2073 Postquam
870 2019 982 2060 Astu
1012 2021 1157 2062 venit!

279 2085 425 2126 Etiam
445 2084 605 2124 Urbem
625 2087 710 2123 κατ’
731 2082 888 2134 ἐξοχήν.
913 2084 1130 2125 Phocione
1148 2099 1159 2125 ι

277 2152 292 2173 ‘
310 2161 407 2190 cum
427 2149 624 2190 Demade
643 2148 695 2187 de
714 2148 834 2188 Urbe
853 2147 1162 2188 tradendaAn-

279 2213 445 2265 tipatro
459 2210 765 2252 consenserat.5
794 2212 960 2253 vitiose
971 2212 1162 2265 exscrip-

282 2282 396 2317 tores
431 2276 719 2316 exhibuerunt
752 2275 929 2321 Arcem5
967 2276 1163 2327 Longolii

281 2340 416 2381 editio
432 2344 560 2379 auum
572 2353 586 2380 .·
614 2345 660 2380 et
680 2340 743 2379 ita
761 2337 908 2379 Attius
925 2340 1161 2380 OEnomao:

282 2406 295 2427 ‘
334 2404 397 2444 Ut
436 2414 582 2444 omnes
633 2403 707 2455 qui
754 2414 896 2443 arcem
940 2407 1163 2454 astumque

281 2466 499 2508 incolant!
541 2467 782 2517 Stephanus
801 2465 855 2505 de
876 2465 1162 2505 Alexandria:

284 2528 450 2582 ἐλέγετο
480 2528 522 2570 a)
555 2528 642 2569 κατ’
678 2527 820 2579 ἐξοχὴν
847 2526 984 2579 Πόλις,
1012 2527 1076 2568 καὶ
1093 2543 1163 2568 πο·

283 2596 392 2635 λΐται
426 2595 466 2645 ἐξ
501 2594 633 2644 at-rfis,
673 2593 724 2633 ὣς
753 2592 882 2632 ”Ao-w
916 2592 956 2631 αἱ
993 2592 1165 2645 Ἀθῆναι,

284 2657 492 2699 mal’amol
509 2655 574 2696 καὶ
585 2655 757 2696 'mutel
769 2655 805 2695 οἱ
815 2656 1026 2707 Ἀθηναῖοι,
1039 2657 1089 2697 ὣς
1101 2658 1165 2697 καὶ

286 2721 349 2761 ht
390 2720 535 2770 Ῥώμης
578 2718 742 2771 λέγεται
778 2720 899 2772 Olimp-
961 2720 1163 2762 Gebhard.

286 2785 359 2825 Sic
379 2784 518 2825 Cicer.
537 2783 591 2823 de
607 2783 758 2835 Legib.
785 2785 797 2807 ‘
813 2790 862 2824 nt
879 2784 1011 2824 vestri
1026 2783 1165 2825 Attici

285 2850 532 2902 priusquam
561 2847 747 2887 Theseus
778 2847 949 2887 eosdem
978 2846 1165 2900 migrare

285 2922 341 2952 ex
359 2911 472 2963 agris
500 2915 547 2950 et
566 2910 610 2949 in
630 2908 753 2960 Astu,
773 2908 885 2962 quod
905 2910 1166 2962 appellatur,

285 2984 432 3015 omnes
444 2985 491 3013 se
508 2972 705 3013 conferre
715 2970 875 3024 jussit-³
893 2972 1059 3023 Lougoi.
1092 2973 1164 3013 Sic

284 3036 463 3076 Medius
481 3034 671 3076 Arabum
699 3041 745 3075 et
774 3034 1051 3075 Iraceusium.
1108 3036 1166 3076 Et

288 3103 428 3155 ἈΠἾΡ
465 3102 742 3142 Phoenicibus
778 3101 879 3142 urbs
916 3107 1012 3143 est:
1052 3103 1166 3144 unde

286 3166 505 3218 Carthago
532 3170 578 3205 et
596 3165 880 3217 Carthagena,
900 3165 1053 3206 civitas
1068 3166 1165 3207 hor·

285 3236 443 3282 torum,
468 3241 592 3283 quam
615 3229 759 3270 Graeci
789 3227 996 3271 οἷνοῦσσαν
1025 3238 1165 3272 verte·-

287 3300 403 3336 rnnt.
449 3293 520 3335 Ab
554 3299 649 3334 astu
686 3293 962 3336 mediastinus
992 3296 1165 3345 dicitur,

285 3364 333 3400 et
378 3357 539 3399 ἄστυκοὶ
583 3357 730 3407 &qantos
774 3357 922 3398 Graeci
963 3358 1167 3410 instituti,

286 3421 376 3463 ludi
397 3421 553 3474 myci,
580 3419 870 3472 ἑλληνίζοντες,
898 3426 947 3461 ut
967 3421 1167 3462 observat

285 3486 391 3529 50ss
417 3486 627 3538 Scaliger.
698 3486 784 3530 Qui
821 3485 952 3527 etiam
986 3485 1036 3528 τὸ
1066 3485 1167 3529 ἄστυ

1995 296 2103 349 437

1220 441 1344 469 veras
1372 427 1565 468 Athenas
1592 427 1716 468 dixit.
1770 425 1883 467 Vide
1909 425 2101 466 Tui-neb.

1221 498 1267 533 et
1279 493 1402 532 alios.
1429 491 1627 534 Κανάκη.

1275 557 1399 608 quue
1427 557 1542 595 nullis
1575 554 1886 605 defendentibus]
1939 554 2102 595 Urbem

1219 620 1327 659 nulli
1349 617 1654 667 defenderunt3
1683 619 1757 658 sed
1781 630 1941 667 arcem,
1966 617 2038 670 qui
2059 619 2101 658 in

1220 694 1274 722 ea
1310 682 1454 722 relicti
1498 688 1645 722 erant:
1693 694 1832 734 neque
1875 695 1967 722 eam
2011 683 2102 722 sine

1220 759 1375 798 magno
1394 746 1541 786 labore
1575 746 1805 798 multisque
1828 747 2034 786 machinis
2052 759 2103 787 ac

1222 810 1318 849 telis
1334 811 1482 850 Persae
1497 816 1722 861 ceperunt,
1741 809 1817 849 sed
1828 810 1899 864 *via
1918 810 2103 862 quadam

1223 873 1357 914 ardua
1400 879 1446 913 et
1490 873 1704 924 praecipiti
1747 880 1936 926 reperta,
1974 887 2103 926 quam

1223 949 1347 977 nemo
1383 937 1546 978 idcirco
1584 937 1874 988 custodiebat,
1908 938 2020 989 quod
2052 950 2105 978 ea

1223 1001 1432 1042 nemiuem
1453 1012 1724 1041 ascensurum
1743 1001 1951 1053 quispiam
1970 1003 2105 1053 suspi-

1223 1066 1313 1105 cari
1335 1071 1520 1116 poterat.
1558 1065 1725 1104 Herod.
1742 1066 1782 1104 in
1799 1067 1931 1105 Uran.
1967 1066 2105 1106 Lame».

1222 1129 1460 1168 Pausanias
1476 1140 1646 1181 quoque
1658 1129 1698 1167 in
1710 1127 1884 1176 Atticis,
1899 1129 2108 1170 barbaros

1222 1205 1279 1233 ex
1299 1193 1372 1232 tali
1392 1197 1614 1244 praerupto
1633 1191 1729 1230 loco
1743 1203 1887 1231 arcem
1904 1204 2106 1232 conscen-

1223 1256 1337 1296 disse
1357 1261 1555 1295 testatur.
1586 1255 1701 1304 Mag.

1278 1319 1464 1359 Incendio
1497 1317 1661 1368 delevit]
1715 1317 1786 1357 Sic
1825 1318 2104 1359 Herodotus:

1223 1380 1270 1421 τὸ
1288 1381 1388 1433 ἱερὸν
1401 1379 1660 1430 συλήσαντες,
1670 1378 1882 1432 ἐνέπρησαν
1893 1382 2024 1420 πᾶσαν
2032 1381 2107 1428 τὴν

1223 1444 1448 1498 ἀκρόπολιν.
1493 1445 1580 1485 Sed
1610 1445 1734 1484 aliter
1760 1445 1924 1484 Gellius
1950 1446 2023 1484 lib.
2044 1458 2106 1485 vl.

1225 1513 1290 1549 17.
1345 1509 1481 1548 Lumb.
1521 1509 1637 1559 Mag.
1712 1507 1887 1547 Phrasis
1922 1509 2109 1559 elegans.

1224 1573 1470 1625 Iphicrate:
1538 1575 1550 1594 ‘
1590 1573 1690 1612 Non
1747 1572 1863 1623 prius
1907 1572 2106 1612 Thebani

1224 1638 1381 1688 Sparta
1423 1636 1738 1687 abscessissent,
1771 1648 1898 1688 quam
1935 1642 2106 1687 captam

1224 1699 1423 1739 incendio
1443 1698 1686 1739 delessent!
1725 1699 1846 1738 Curt.
1861 1699 1933 1738 lib.
1955 1711 2024 1739 ιιι.
2041 1703 2106 1740 38.

1226 1766 1237 1785 ‘
1256 1764 1334 1804 Dis
1352 1763 1501 1803 dedita
1530 1763 1693 1814 templa
1721 1763 1852 1802 ruinis
1873 1769 1917 1803 et
1938 1763 2105 1815 ignibus

1227 1839 1322 1868 esse
1339 1826 1514 1867 deleta!
1539 1827 1652 1867 Flor.
1671 1839 1724 1866 11.
1746 1831 1785 1867 6.
1812 1827 1824 1848 ‘
1846 1828 1955 1869 Quae
1976 1840 2106 1880 quan·

1226 1899 1357 1945 taque
1377 1892 1600 1945 utriusque
1619 1896 1762 1931 castra
1790 1890 1956 1932 facibus
1978 1891 2108 1932 illatis

1226 1969 1311 1996 una
1353 1962 1481 1996 nocte
1518 1955 1680 1995 delevit
1698 1955 1723 1994 !'
1767 1956 1943 1996 Cicero:
1990 1956 2001 1977 ‘
2038 1956 2109 1995 Tu

1227 2031 1380 2059 cruore
1409 2026 1454 2059 et
1476 2017 1648 2058 flamma
1683 2020 1824 2059 omnia
1852 2019 1997 2059 delere
2016 2018 2108 2059 vis!

1231 2084 1432 2124 Gebhard.

1285 2145 1530 2196 Cnjuefama
1545 2145 1773 2197 perterriti]
1821 2146 1894 2185 Sic
1921 2146 2036 2186 solus
2056 2145 2109 2185 P.

1226 2210 1396 2250 Daniel.
1437 2208 1526 2249 Alii
1533 2210 1715 2262 flamma.
1760 2209 1875 2251 Quid
1900 2214 2043 2250 autem
2065 2211 2110 2250 in

1227 2286 1278 2314 eo
1297 2274 1353 2314 sit
1374 2273 1656 2315 absurditatis
1685 2273 1832 2314 doceri
1853 2274 1994 2313 velim.
2033 2275 2110 2314 Sa·

1227 2339 1347 2378 lamis
1380 2339 1494 2378 enim
1540 2344 1628 2378 tam
1674 2337 1801 2389 longe
1842 2349 1925 2377 non
1973 2337 2111 2379 distat

1227 2404 1425 2455 Athenis,
1466 2410 1516 2444 ut
1555 2403 1723 2444 flamma
1764 2404 1948 2443 incensae
1992 2403 2110 2444 urbis

1228 2468 1345 2508 cerni
1364 2480 1446 2508 non
1458 2467 1667 2520 potuerit.
1709 2467 1972 2517 Laetionem,
1982 2478 2110 2519 quam

1227 2526 1340 2583 dico,
1378 2531 1604 2572 manifeste
1639 2531 1806 2571 stabilit
1851 2543 1875 2570 e
1908 2530 2110 2570 Miltiade

1227 2609 1307 2650 per
1324 2597 1585 2637 Savaronem
1603 2595 1815 2635 adductus
1828 2595 1968 2634 locus:
1998 2594 2110 2634 addo

1227 2672 1308 2712 ego
1339 2660 1580 2712 Claudiani,
1612 2671 1636 2699 e
1673 2659 1744 2699 lib.
1764 2669 1815 2698 u.
1851 2659 1895 2698 in
1931 2658 2112 2710 Eutrop.

1227 2724 1383 2774 ‘longe
1414 2722 1599 2775 spectari
1627 2721 1842 2773 puppibus
1876 2732 1997 2760 arces
2026 2721 2110 2760 Ac-

1228 2798 1392 2838 censas,
1408 2787 1555 2826 lucere
1573 2783 1758 2824 fretum-⁹
1795 2783 1992 2823 Gebhard.

1285 2848 1514 2900 classiarii]
1551 2846 1714 2896 Graeci,
1733 2846 1804 2899 qui
1822 2846 1947 2898 hujus
1968 2846 2112 2887 incen-

1229 2913 1289 2953 dii
1306 2913 1456 2954 nuntio
1475 2913 1537 2953 ita
1550 2910 1771 2964 perterriti
1790 2916 1927 2961 erant,
1943 2917 1992 2950 ut
2006 2922 2111 2951 non-

1227 2976 1333 3017 nulli
1347 2977 1478 3018 etiam
1497 2976 1657 3026 Duces,
1681 2975 1755 3028 qui
1782 2974 1836 3014 ad
1855 2975 2110 3015 Salaminem

1229 3046 1368 3091 erant,
1410 3041 1545 3093 passis
1575 3039 1682 3079 velis
1718 3037 1864 3091 fugam
1906 3039 2112 3079 ornarint.

1230 3105 1380 3146 Herod.

1287 3168 1557 3209 Themistocles
1590 3179 1689 3207 unus
1723 3165 1892 3217 restitit]
1953 3166 2112 3207 Exstat

1229 3233 1367 3274 oratio
1385 3233 1491 3286 ejus,
1508 3244 1592 3285 qua
1620 3233 1672 3271 ad
1692 3230 1980 3284 Eurybiadem
2008 3242 2111 3270 usus

1230 3301 1310 3348 est,
1324 3296 1439 3349 apud
1457 3294 1740 3336 Herodotum.
1794 3294 1932 3338 Quem
1949 3307 2045 3334 num
2067 3294 2109 3334 iu

1229 3360 1488 3401 sententiam
1503 3372 1619 3400 suam
1635 3358 2113 3411 adduxisset,adversus

1230 3425 1564 3478 Corinthios,qui
1577 3424 1631 3466 ad
1645 3426 1901 3466 Salaminem
1918 3435 2110 3476 pugnare

1230 3488 1449 3542 nolebant,
1467 3487 1551 3532 fuit
1565 3489 1646 3531 alia
1666 3488 1825 3530 astutia
1837 3487 2077 3529 adhibenda
2091 3498 2111 3536 3.
