2306 3900
324 284 424 340 xvi

339 463 348 473 „
376 397 473 471 tate,
491 421 676 463 doctrina.
701 427 860 476 praestat
875 422 1028 472 *omnes
1069 436 1159 473 xxv,
1185 425 1213 466 δ’

379 491 505 531 propu
563 477 718 517 aculum
755 483 816 517 est
849 478 1019 519 barbaris
1052 480 1213 534 opposi-

374 540 460 572 tum
477 533 494 584 (
516 544 657 585 ρεισμα
671 529 739 572 καὶ
755 531 1022 587 φυλακτήρων
1031 535 1104 583 τῆς
1120 533 1212 575 Ἑλ·

1131 298 1136 302 ’
1169 296 1375 339 INDEX

1310 418 1313 423 ’
1329 421 1581 479 peritissimos
1595 424 1691 466 facit
1706 418 1894 466 Themisti
1909 416 1952 475 ii,
1968 428 1998 470 '2
2025 427 2077 469 ad
2094 444 2163 472 eos

1328 492 1517 520 sumniam
1560 480 1715 533 imperii
1757 480 1939 523 maritimi
1984 485 2163 527 transfert

1329 532 1522 575 Aristides
1548 535 1606 582 iii,
1623 538 1650 575 2

375 585 509 628 λάδος.
551 586 726 626 Pindaro
742 594 785 627 et
801 586 964 628 Aristidi
982 589 1034 628 ob
1059 589 1103 628 id
1128 588 1213 629 dic·
1275 583 1463 628 Athletas.
1491 587 1560 636 xii,
1596 592 1618 630 1
1666 589 1719 628 ad
1754 587 2004 630 Athletarum
2052 604 2164 638 usum

375 643 476 687 tum,
522 639 682 694 Boecl.)
719 640 763 688 ii,
790 644 816 682 7
862 642 1000 682 ceteris
1030 642 1214 696 gentibus

375 694 566 751 imperare
582 701 841 735 consueverat
865 695 920 744 ix,
940 700 965 737 3
995 696 1109 737 victae
1137 697 1213 736 La·

374 749 628 789 cedaemoniis
662 750 836 789 serviunt
879 749 949 797 vii,
984 754 1026 792 9.
1066 751 1150 798 viii,
1188 755 1211 792 1

373 803 587 844 liberantur
602 817 673 856 per
691 803 896 845 Cononem
922 804 977 853 ix,
991 809 1019 846 4
1046 803 1215 846 devictae

370 860 419 910 (a
435 858 583 897 Laced.
599 856 706 909 scil.)
732 857 787 905 ix,
805 862 833 899 2

322 910 500 952 Athenas
537 911 722 952 incendio
754 911 863 952 delet
901 911 1048 952 Xerxes
1101 912 1144 960 ii,
1186 918 1213 954 4

374 965 620 1006 Athenarum
638 979 703 1006 arx
722 979 770 1005 ex
788 967 982 1006 manubiis
1009 973 1146 1006 ornata
1173 979 1212 1014 v,

374 1023 402 1061 2
430 1019 600 1060 Athenis
627 1020 717 1059 duae
735 1019 928 1074 factiones
955 1020 1034 1067 xix,
1054 1024 1079 1061 3
1125 1020 1213 1075 (De

372 1075 451 1114 hac
466 1074 576 1122 urbe,
595 1073 759 1127 ejusque
785 1074 892 1114 varia
916 1075 1088 1122 fortuna,
1103 1088 1213 1128 egre-

344 1157 348 1163 .
375 1129 438 1181 gie
474 1129 676 1168 Meursius
710 1129 754 1167 in
788 1127 958 1169 Athenis
989 1127 1136 1169 Atticis
1172 1136 1214 1169 et

374 1182 548 1222 Fortuna
560 1181 697 1223 Attica
709 1181 814 1236 egit)

321 1235 586 1277 Athenienses
613 1237 776 1277 colonos
807 1236 1095 1278 Chersonesum
1125 1237 1214 1277 mit·

375 1298 466 1331 tunt
492 1291 520 1339 i,
542 1295 565 1332 1
595 1290 784 1331 auxilium
799 1303 823 1330 a
840 1291 987 1332 Laced.
1003 1298 1159 1345 petunt
1184 1291 1214 1339 i,

375 1350 403 1388 4
430 1345 575 1385 bellum
594 1352 732 1386 contra
748 1345 912 1385 Darium
931 1352 1159 1399 comparant
1185 1345 1215 1394 i,

375 1402 404 1441 4
447 1400 624 1452 praelium
652 1400 903 1440 committunt
934 1406 976 1440 et
1006 1401 1217 1453 profligant

375 1454 514 1494 Persas
543 1454 571 1501 i,
590 1459 615 1494 5
662 1453 779 1506 quale
808 1453 1010 1507 praemium
1038 1453 1216 1494 Miltiadi

377 1508 583 1553 tribuerint
609 1508 638 1556 i,
656 1512 684 1549 6
726 1509 843 1561 quale
858 1508 1105 1563 Thrasybulo
1132 1508 1215 1556 viii,

377 1565 406 1603 4
450 1563 611 1609 insulas,
639 1575 728 1615 quae
756 1563 936 1602 barbaros
964 1561 1215 1614 adjuverant,

378 1617 483 1656 bello
522 1622 810 1669 persequuntur
850 1616 878 1663 i,
915 1620 941 1658 7
989 1616 1216 1656 Miltiadem

360 1671 570 1711 <mulctant
595 1670 624 1717 i,
650 1674 692 1711 ’1.
711 1673 738 1710 8
765 1670 927 1710 classem
948 1669 1147 1710 aedificant
1173 1671 1217 1718 ii,

337 1737 344 1743 “
378 1729 406 1766 2
454 1729 642 1778 petuntur
659 1737 682 1764 a
709 1723 838 1764 Xerxe
861 1723 990 1778 (bello
1022 1722 1098 1778 sc.)
1125 1723 1170 1771 ii,
1190 1728 1216 1766 2

378 1778 580 1832 Apollinis
593 1778 759 1819 consilio
771 1778 963 1832 oppidum
975 1779 1216 1872 relinqgiunt,

378 1833 476 1873 ibid.
504 1832 721 1886 confligant
738 1847 828 1874 cum
846 1833 1051 1873 classiariis
1115 1832 1216 1873 erxis

378 1886 424 1935 ii,
443 1892 468 1928 3
511 1887 705 1940 triplicem
734 1887 876 1928 Piraeei
895 1893 1050 1940 portum
1070 1886 1218 1928 consti-

379 1947 499 1981 tuunt
525 1941 568 1990 ii,
587 1945 614 1983 6
642 1940 806 1982 victoria
819 1942 1070 1982 Marathonia
1089 1947 1130 1982 et
1147 1942 1218 1981 Sa·

379 1995 541 2035 laminia
579 2008 759 2049 magnam
801 1996 963 2050 gloriam
1001 1996 1220 2044 consecuti,

371 2050 476 2090 ibid.
517 2050 667 2104 legatos
685 2050 866 2103 Spartam
882 2051 1043 2090 mittunt
1070 2050 1114 2099 ii,
1133 2055 1174 2092 6.
1193 2055 1220 2092 7

382 2117 451 2144 cur
470 2104 604 2145 urbem
623 2104 743 2145 muris
762 2104 956 2157 sepserint
981 2104 1024 2153 ii,
1045 2109 1070 2146 7
1116 2105 1221 2145 The·

381 2158 598 2199 mistoclem
617 2159 835 2212 expellunt,
855 2159 1058 2206 damnant,
1077 2165 1119 2199 et
1132 2173 1221 2212 pro-

380 2219 598 2266 sequuntur
623 2212 666 2260 ii,
701 2217 728 2254 8
773 2212 1049 2266 Amphipolim
1083 2214 1222 2254 decem

381 2267 506 2307 millia
521 2268 562 2305 in
579 2266 775 2307 coloniam
800 2267 964 2307 mittunt
990 2281 1030 2315 v,
1049 2271 1075 2308 2
1103 2267 1220 2307 exilio

380 2321 574 2361 mulctant
599 2319 815 2360 Aristidem
842 2321 903 2367 iii,
938 2325 961 2362 1
1011 2320 1219 2361 Cimonem

381 2388 422 2421 v,
441 2378 466 2415 3
495 2380 680 2414 revocant
698 2376 834 2422 eund„
859 2372 958 2414 ibid.
986 2375 1134 2414 bellum
1160 2375 1219 2414 in-

378 2427 521 2468 dicunt
534 2428 788 2482 Syracusanis
816 2428 884 2476 vii,
897 2431 923 2469 3
951 2428 1091 2481 capitis
1110 2429 1220 2468 dam·
1240 2476 1244 2479 Δ

364 2488 481 2522 vnant
497 2481 747 2522 Alcibiadem
774 2482 843 2530 vii,
861 2485 889 2524 4
927 2482 1124 2536 recipiunt
1151 2481 1220 2530 vii,

353 2535 356 2541 '
381 2540 410 2577 6
438 2536 704 2590 magistratum
724 2536 762 2577 ei
780 2537 972 2590 abrogant
997 2536 1066 2585 vii,
1086 2541 1112 2578 7
1153 2549 1220 2576 ex-

379 2592 512 2631 hausti
538 2590 750 2644 (pecunia)
769 2591 837 2640 vii,
866 2594 893 2631 8
934 2591 1116 2632 chabriae
1142 2597 1221 2631 sta-

381 2650 492 2685 tuam
518 2651 674 2699 ponunt
703 2646 770 2693 xii,
791 2649 814 2686 1
854 2645 1074 2699 Evagoram
1106 2644 1222 2698 adju-

380 2706 479 2739 vant
505 2700 575 2747 xii,
593 2703 619 2740 2
666 2706 902 2753 oppugnant
930 2700 1077 2741 Chium
1105 2699 1174 2748 xii,
1194 2703 1234 2741 4>

383 2753 556 2802 Samum,
575 2760 616 2793 et
629 2755 793 2807 capiunt
807 2754 921 2810 xiji,1
950 2754 1128 2808 undique
1138 2754 1223 2794 bel-

381 2807 422 2847 lo
439 2814 667 2860 premuntur
694 2808 775 2857 xiii,
792 2813 817 2850 3
837 2808 1040 2861 expellunt
1058 2815 1098 2848 et
1113 2809 1223 2848 dam-

382 2868 483 2901 nant
515 2862 758 2903 Phocionem
786 2863 866 2910 xix,
887 2867 912 2904 3
959 2863 1223 2904 Athenienses

364 2916 480 2956 -clari
497 2917 570 2956 viri
588 2930 705 2969 quem
724 2915 873 2956 exitum
905 2917 1116 2957 habuerint
1142 2918 1222 2966 xix,

382 2973 412 3012 4
438 2969 742 3011 Atheniensium
760 2971 1070 3011 dominationem
1088 2972 1223 3012 refrin-

339 3047 342 3054 ι
384 3037 476 3077 gere
493 3024 707 3078 (conantur
725 3023 895 3078 Laced.)
921 3025 977 3073 vi,
996 3029 1017 3066 1
1049 3038 1145 3077 opes
1163 3038 1224 3066 se·

370 3084 553 3119 -nescuut
577 3078 648 3128 vii,
662 3084 687 3119 6
718 3078 901 3119 indicunt
914 3079 1224 3119 Lacedaemoniis

383 3133 531 3173 bellum
560 3132 614 3180 ix,
649 3137 689 3175 2.
729 3131 823 3181 xvii,
855 3137 883 3174 4
931 3146 1022 3175 cum
1058 3133 1224 3173 Boeotiis

383 3187 549 3240 aliisque
578 3187 694 3228 sociis
724 3187 934 3228 vincuntur
962 3188 1071 3240 apud
1102 3189 1224 3229 Coro-

383 3253 499 3279 neam
546 3242 639 3289 xvii,
683 3245 710 3284 4
752 3241 1056 3282 Atheniensium
1091 3242 1225 3283 classis

384 3294 543 3346 (contra
559 3295 747 3346 Xerxem)
773 3295 815 3343 ii,
836 3300 861 3337 3
901 3310 1030 3336 muros
1057 3296 1228 3337 restituit

1329 642 1499 696 pertinet
1513 643 1741 696 magnitudo
1756 642 1894 683 virium
1921 657 1986 691 xv,
2003 647 2032 686 2

1278 696 1435 750 Atque:
1464 711 1554 738 cum
1573 696 1738 738 totidem
1756 695 1921 738 navibus
1939 703 2058 752 atque
2083 705 2166 740 erat

1330 750 1678 843 pi'ostje'ctus-(quot
1694 764 1782 791 nav.
1831 751 1861 816 i,
1878 756 1904 793 7
1943 753 2028 805 pari
2045 759 2166 806 atque

1329 750 1806 922 tarataram}
1953 807 2167 901 aaa:

1331 918 1451 970 atque
1482 918 1599 952 antea
1634 919 1775 952 sentire
1821 910 1931 961 xxiii,
1961 917 1988 955 2
2041 922 2163 969 atque

1299 984 1306 994 ·
1329 967 1448 1007 etiam
1464 965 1528 1020 (et
1543 966 1751 1019 praeterea)
1775 967 1884 1015 xviii,
1903 971 1929 1008 8

1275 1019 1494 1061 Attendere
1511 1021 1685 1060 animum
1701 1022 1753 1060 ad
1770 1022 1991 1062 cavendum
2018 1020 2086 1069 vii,
2105 1027 2130 1063 6

1274 1073 1411 1115 Attica
1437 1074 1567 1130 (regio
1584 1075 1765 1123 Graeciae,
1782 1075 1851 1115 ubi
1868 1074 2038 1116 Athena
2063 1074 2178 1129 sitae)

1328 1129 1359 1176 i,
1378 1130 1516 1194 4.·vii,
1536 1136 1560 1171 5
1589 1129 1716 1170 Attici
1746 1129 2054 1225 (Stthenienses)
2081 1130 2164 1178 viii,

1330 1184 1468 1291 Ξωὲιιις
1485 1185 1577 1225 edd.
1595 1183 1703 1238 vulg.
1809 1185 1836 1224 d
1864 1184 1925 1225 ibn
1941 1184 2019 1238 leg.
2033 1183 2167 1226 Λουε-

1277 1291 1436 1333 Atticus
1468 1291 1535 1347 (Τ.
1571 1291 1835 1346 Pomponius)
1869 1291 2039 1346 equestri
2077 1289 2166 1333 loco

1331 1347 1435 1387 bene
1449 1348 1640 1387 educatus
1653 1345 1907 1400 eruditusque
1936 1360 2027 1394 xxv,
2047 1350 2070 1388 1
2091 1345 2168 1386 &c-

1334 1400 1518 1441 Cinnano
1549 1401 1719 1441 tumultu
1739 1400 1916 1441 Athenas
1949 1401 2167 1441 studiorum

1331 1467 1451 1494 causa
1469 1455 1607 1508 migrat
1632 1469 1723 1503 xxv,
1741 1459 1768 1496 2
1796 1454 2026 1496 liberalitate
2043 1454 2170 1495 Athe·

1332 1509 1489 1549 nienses
1517 1509 1705 1557 devincit,
1734 1509 1832 1550 ibid.
1861 1509 1935 1549 &c-
1983 1522 2008 1549 a
2024 1508 2169 1563 quibus

1333 1562 1463 1615 ample
1479 1564 1691 1602 honoratur
1719 1577 1808 1611 xxv,
1822 1567 1847 1605 3
1895 1563 2018 1618 Sylla
2036 1569 2168 1618 gratus

1333 1619 1469 1668 xxv‚4
1514 1617 1659 1657 amicos
1694 1616 1836 1657 Romae
1871 1630 1954 1657 non
1971 1616 2168 1664 destituit,

1332 1670 1430 1710 ibid.
1487 1670 1590 1710 redit
1623 1670 1808 1718 Romam,
1847 1671 1943 1713 ibid.
2017 1671 2172 1713 Caecilii

1334 1725 1519 1765 avunculi
1536 1724 1727 1778 obsequio
1753 1724 1952 1766 conciliati
1969 1724 2092 1766 haeres
2108 1725 2170 1774 fit,

1333 1793 1424 1827 xxv,
1443 1783 1467 1820 5
1509 1778 1691 1820 Ciceroni
1720 1785 1763 1820 et
1789 1779 2002 1820 Hortensio
2021 1779 2171 1821 aemulis

1333 1833 1603 1886 perfamiliaris
1630 1847 1720 1881 xxV,
1755 1836 1783 1875 4
1827 1834 1940 1875 bellis
1974 1833 2170 1882 civilibus,

1333 1888 1562 1935 honoribus,
1575 1888 1724 1936 litibus,
1737 1888 1974 1941 praefecturis
1985 1889 2177 1939 abstinuit
2239 1930 2247 1934 ,

1335 1956 1426 1990 xxv,
1445 1945 1474 1984 6
1519 1942 1664 1983 Caesari
1699 1948 1845 1995 gratus,
1873 1955 1950 1984 nec
1978 1943 2172 1997 Pompeio

1308 2002 1310 2004 '
1335 1995 1482 2036 invisus
1498 2009 1592 2044 xxv,
1610 2000 1636 2038 7
1665 1997 1786 2036 aerarii
1804 1996 1946 2050 privati
1960 1997 2174 2038 factionem

1336 2051 1496 2105 disjecit
1522 2064 1613 2098 xxv,
1631 2054 1658 2092 8
1705 2050 1871 2091 Brutum
1890 2050 2091 2106 abjectum
2113 2050 2171 2092 le-

1336 2112 1419 2153 vat,
1437 2119 1511 2147 nec
1527 2105 1745 2146 Antonium
1761 2111 1962 2159 potentem
1975 2105 2173 2154 adulatur,

1339 2158 1441 2200 ibid.
1480 2172 1629 2200 rursum
1649 2159 1828 2212 ejusdem
1846 2159 1963 2200 Italia
1979 2159 2083 2214 pulsi
2101 2173 2173 2200 ux-

1337 2227 1444 2254 orem
1479 2219 1521 2254 et
1556 2214 1696 2254 liberos
1732 2226 1779 2254 ac
1808 2212 2016 2254 familiares
2043 2219 2176 2255 tuetur

1337 2281 1427 2315 xxv,
1446 2271 1474 2308 9
1501 2281 1525 2308 a
1543 2281 1622 2322 quo
1641 2268 1786 2309 reduce
1812 2274 1854 2309 ct
1878 2275 2042 2322 potente
2076 2280 2175 2309 con·

1337 2327 1512 2361 servatur
1556 2335 1647 2368 xxv,
1676 2326 1728 2363 lo
1773 2321 1984 2375 prudentia
2013 2318 2101 2361 e'us
2129 2321 2172 2361 in

1336 2375 1517 2414 civilibus
1544 2374 1682 2422 turbis,
1698 2374 1796 2415 ibid.
1823 2375 1921 2415 fides
1947 2381 1990 2415 et
2007 2375 2033 2415 li
2087 2374 2174 2414 rali-

1338 2435 1398 2468 tas
1413 2441 1506 2483 erga
1522 2429 1667 2469 amicos
1695 2442 1786 2477 xxv,
1806 2432 1857 2470 11
1887 2441 2051 2482 quorum
2070 2430 2173 2483 peri-

1337 2483 1428 2524 cula
1463 2488 1505 2523 et
1538 2483 1789 2522 incommoda
1820 2483 1966 2524 levavit
1990 2497 2083 2532 xxv,
2121 2486 2176 2525 12

1336 2536 1531 2577 industria
1547 2536 1635 2589 ejus
1651 2536 1693 2576 et
1710 2536 1926 2580 moderatio
1941 2536 1984 2577 in
2001 2549 2043 2577 re
2058 2536 2173 2578 fani-

1338 2591 1422 2631 liari
1449 2605 1540 2638 xxv,
1555 2594 1607 2632 18
1635 2589 1677 2629 in
1695 2589 1890 2633 conviviis
1908 2597 1951 2632 et
1962 2590 2177 2645 voluptatis

1338 2646 1597 2691 instrumento
1629 2645 1761 2685 cautio
1789 2659 1879 2694 xxV,
1917 2649 1969 2688 14
2014 2646 2177 2686 virtutes

1339 2699 1566 2751 ὁμιλητικαὶ
1610 2713 1700 2748 xxv,
1720 2703 1788 2742 15.
1815 2703 1884 2741 16.
1930 2703 1984 2742 17
2055 2699 2176 2753 scrip-

1339 2761 1381 2794 ta
1417 2761 1460 2795 et
1491 2753 1580 2795 libri
1625 2767 1716 2801 xxv,
1755 2757 1807 2795 18
1868 2767 1959 2795 cum
1991 2751 2177 2807 Augusto

1316 2815 1318 2817 ’
1340 2808 1507 2850 affinitas
1526 2815 1568 2849 et
1585 2808 1824 2848 familiaritas
1850 2822 1941 2856 xxv,
1957 2811 2010 2850 19
2051 2813 2094 2848 et
2122 2811 2177 2849 20

1340 2864 1498 2903 morbus
1533 2869 1575 2903 et
1622 2861 1828 2903 consilium
1866 2861 2050 2902 finiendas
2082 2861 2175 2900 vitre

1340 2931 1432 2969 xxv,
1460 2922 1512 2960 21
1543 2916 1674 2959 obitus
1707 2929 1754 2956 ac
1790 2916 1967 2970 exequiae
1994 2929 2085 2963 xxv,
2120 2919 2174 2957 22

1339 2971 1498 3012 Atticus
1517 2970 1671 3024 scripsit
1688 2970 1866 3010 historias
1893 2969 2002 3018 xxiii,
2022 2971 2073 3011 13

1286 3024 1493 3079 Attingere
1520 3025 1690 3078 aliquem
1721 3025 1983 3078 (exponendo
2013 3023 2098 3065 scil.
2125 3023 2184 3064 de.

1340 3079 1412 3133 eo)
1441 3080 1520 3127 xxi,
1538 3083 1590 3140 1·
1620 3080 1807 3132 poeticen
1838 3078 2010 3134 (aliquid
2047 3090 2177 3141 operae

1319 3133 1384 3174 *in
1403 3131 1471 3173 illo
1487 3134 1619 3196 studio
1635 3131 1803 3188 ponere)
1828 3146 1919 3181 xxv,
1935 3137 1986 3176 18
2003 3128 2176 3174 Simliam

1340 3185 2177 3296 §gffuffilgssssaegffisx'mi'pxwzspssusss

1341 3295 1561 3351 explicare)
1587 3296 1667 3343 xvi,
1688 3300 1711 3338 1

383 3346 573 3387 Themist.
602 3350 645 3396 ii,
677 3353 705 3390 6
748 3350 885 3402 quales
914 3351 1106 3400 illi,⁴ibid.‘
1152 3350 1224 3390 sub
1287 3348 1417 3391 Avare
1434 3351 1559 3391 multa
1572 3351 1700 3392 facere
1726 3349 1824 3402 vi,4

371 3400 536 3441 —Athem
552 3409 786 3454 potestatem
805 3405 947 3457 redigit
973 3405 1081 3445 Milt.
1108 3404 1225 3445 Lem·
1287 3404 1440 3445 Auctor
1454 3405 1532 3459 (sic
1549 3405 1654 3445 enim
1671 3403 1932 3448 scribendum,
1950 3412 2029 3440 non
2048 3405 2175 3447 autor,

387 3468 481 3503 num
510 3455 539 3503 i,
561 3460 598 3495 1.
628 3456 669 3503 ii,
687 3460 712 3496 4
755 3457 952 3509 Cyclades
978 3458 1007 3506 i,
1027 3463 1054 3500 2
1099 3458 1223 3499 Athe-

379 3509 513 3550 niens.
545 3508 590 3548 fit
606 3510 728 3549 hostis
750 3511 974 3564 bellumque
994 3512 1110 3551 infert
1139 3512 1224 3551 Da-

389 3562 467 3604 rius
510 3564 537 3610 i,
575 3568 601 3604 4
649 3563 910 3604 Athenienses
948 3565 1039 3605 beni
1075 3565 1223 3605 navalis

1341 3460 1403 3498 vel
1418 3461 1579 3499 author:
1600 3458 1679 3498 vid.
1693 3455 1976 3507 Budmsses.
1987 3453 2029 3493 in
2037 3454 2177 3494 Autor.
2223 3486 2234 3492 ,

1340 3519 1382 3551 et
1412 3511 1543 3551 Vorst.
1570 3512 1621 3550 de
1653 3511 1741 3550 Lat.
1773 3522 1864 3549 mer.
1901 3518 2008 3561 susp.v
2037 3521 2076 3550 c.
2107 3512 2176 3550 25.

1342 3578 1519 3618 quosque
1539 3564 1603 3605 hic
1623 3564 1778 3617 laudat)
1808 3564 1886 3611 xvi,
1904 3568 1930 3605 3
1959 3564 2066 3603 hunc
2082 3574 2175 3602 auc·
