2306 3900
290 212 400 266 696

286 343 415 396 pisi-95
454 343 625 383 Lentuli
659 355 685 382 a
720 343 853 391 lente5
891 343 1119 384 Cicerones
1154 356 1179 384 a

292 407 428 448 cicere.
503 405 630 448 Quod
663 417 765 446 cum
795 406 938 446 multis
969 406 1060 446 aliis
1094 418 1179 447 am-

293 471 504 524 plectitur
530 469 714 510 Plinius.
772 468 868 511 Nec
889 469 1180 522 improbabilis

291 534 364 574 illa
382 532 563 573 nominis
583 532 709 584 ratio,
721 545 847 586 quam
868 546 893 573 a
906 533 1054 582 Fabio,
1069 534 1179 574 Her-

292 594 398 636 culis
410 594 699 645 filio,deducit
715 596 971 637 Plutarchus
984 597 1027 637 in
1043 597 1182 638 Maxi-

292 670 378 699 mo.
435 658 648 699 Hercules
687 658 800 699 enim
837 659 950 701 Jove
981 664 1122 711 natus,
1156 672 1180 699 a

294 719 466 761 Graecis
495 719 548 760 ad
569 721 804 773 Romanos,
826 726 872 762 et
890 730 1024 774 usque
1045 721 1099 761 ad
1121 721 1181 762 O·

294 795 476 824 ceanum
507 791 785 836 pervagatus,
812 784 958 826 multis
977 784 1181 837 gentibus

293 846 417 886 initia
434 846 498 887 sui
513 848 681 899 generis
699 847 835 888 dedit.
863 847 976 888 Vide
996 848 1182 890 eundem

294 910 530 950 Streinium
550 910 593 950 in
611 914 742 961 gente
761 909 912 950 Fabia.

346 974 619 1026 AEmiliorum]
664 974 784 1016 Gens
813 974 886 1015 illa
923 974 979 1015 ab
1011 974 1185 1016 Aimilio

292 1036 471 1078 Ascanii
505 1036 594 1078 filio
628 1042 742 1079 orta.
779 1037 949 1080 Festus,
1018 1037 1055 1078 A
1093 1039 1186 1079 Ma-

297 1110 443 1141 merco
463 1101 620 1142 Numae
639 1100 754 1153 regis
765 1100 871 1143 filio.
925 1101 1187 1142 Plutarchus

285 1165 330 1205 in
382 1165 551 1205 Paullo.
602 1163 734 1206 ‘Quod
771 1163 1050 1216 probabilius,
1085 1163 1186 1217 quia

289 1227 452 1269 AEmilii
474 1227 682 1268 Mamerci
700 1232 746 1267 et
760 1226 1032 1278 Mamercini,
1046 1239 1072 1268 a
1087 1239 1186 1279 gen-

293 1293 351 1332 tis
372 1291 573 1346 principe
594 1290 700 1331 dicti
718 1294 835 1330 sunt.
889 1290 990 1342 Vel,
1009 1294 1188 1342 propter

295 1354 494 1406 αἱμυλίαν,
510 1367 635 1410 quam
655 1353 802 1396 Graeci
819 1353 832 1377 ‘
847 1353 1055 1394 orationis
1073 1354 1188 1407 lepo-

288 1430 378 1458 rem
399 1421 411 1439 ’
428 1423 598 1458 vocant.
630 1416 755 1457 Idem.

343 1481 426 1528 Qui
464 1481 636 1534 aliquam
653 1479 908 1532 cupiditatem
925 1479 1066 1521 habent
1082 1480 1186 1521 noti-

291 1546 362 1587 tioe
380 1547 575 1586 clarorum
589 1543 782 1596 virorum]
811 1543 978 1584 Plinius
997 1544 1026 1584 1.
1040 1555 1186 1587 xxxv.

297 1612 338 1649 2.
377 1609 390 1631 ‘
410 1608 570 1660 Majus‚
596 1612 646 1648 ut
678 1606 880 1657 arbitror,
908 1608 1073 1648 nullum
1117 1613 1186 1650 est

295 1671 520 1713 felicitatis
558 1670 793 1724 specimen,
838 1682 964 1723 qnam
1014 1682 1186 1723 semper

295 1747 443 1775 omnes
463 1734 573 1774 scire
592 1745 769 1788 cupere,
794 1733 931 1787 qualis
957 1732 1093 1776 suerit
1111 1735 1185 1775 ali·

298 1797 423 1852 quis?
452 1798 608 1839 Schott.

350 1861 510 1913 Artigi:
554 1873 701 1914 quoque
744 1859 955 1913 Po'e'ticen]
1014 1861 1184 1914 Supra:

298 1925 312 1948 ‘
331 1924 455 1965 Idem
501 1923 701 1977 poemata
757 1925 1081 1978 pronunciabat,
1140 1930 1187 1966 et

299 1987 455 2029 Graece
473 1993 520 2028 et
539 1986 721 2038 Latine;
747 1986 825 2038 sic,
852 1991 902 2028 ut
924 1999 1056 2040 supra
1080 1987 1187 2030 nibil

298 2049 480 2104 posset.’

352 2109 574 2166 Rerumque
587 2104 791 2164 gestarum
804 2113 1079 2166 amplitudine]
1100 2115 1187 2156 Pli-

300 2177 395 2218 nius
434 2177 509 2219 lib.
542 2188 686 2218 xxxv,
706 2181 746 2218 2.
771 2178 785 2200 ⁴
802 2177 1042 2230 Imaginum
1074 2191 1187 2219 amo·

300 2253 390 2281 rem
408 2239 608 2292 flagrasse
625 2240 854 2292 quondam,
871 2246 1004 2281 testes
1024 2247 1124 2282 sunt
1141 2248 1187 2283 et

302 2303 478 2345 Atticus
510 2303 582 2343 ille
612 2302 850 2354 Ciceronis,
879 2303 998 2345 edito
1029 2304 1086 2345 de
1123 2305 1188 2344 his

300 2366 533 2418 volumine,
564 2372 612 2406 et
634 2366 697 2407 M.
715 2366 867 2418 Varro,
885 2366 1188 2421 benignissimo

302 2432 493 2480 invento,
524 2429 698 2471 insertis
731 2431 989 2472 voluminum
1017 2444 1189 2475 suorum

300 2493 591 2545 foecnnditati,
623 2505 709 2534 non
744 2493 984 2535 nominibus
1019 2499 1190 2537 tantum

301 2556 670 2609 septingentorum
690 2555 933 2608 illustrium,
951 2556 1026 2597 sed
1052 2563 1098 2598 et
1118 2558 1191 2599 ali·

301 2633 387 2675 quo
405 2619 532 2661 modo
551 2617 838 2671 imaginibus)
883 2619 1044 2662 Quales
1062 2620 1103 2662 in
1118 2621 1192 2662 Bi-

299 2686 521 2728 bliotheca
539 2698 617 2726 sua
635 2685 850 2738 habuisse,
873 2686 1030 2738 colligo
1049 2698 1105 2727 ex
1124 2687 1190 2728 M.

304 2751 433 2792 Tullii
466 2750 522 2791 ad
551 2748 748 2790 Atticum
777 2749 917 2802 Epist.
942 2749 1015 2792 lib.
1035 2762 1100 2791 ιν.
1122 2754 1190 2792 10.

305 2815 318 2837 ‘
336 2813 485 2864 Malo‚'
500 2812 657 2867 inquit,
672 2812 684 2835 ‘
701 2812 743 2853 in
756 2812 1050 2865 illasedecula,
1063 2825 1190 2867 quam

303 2878 437 2919 babes
449 2877 531 2918 sub
543 2875 729 2928 imagine
739 2874 1002 2928 Aristotelis,
1014 2877 1164 2918 sedere
1176 2891 1189 2929 ς

306 2953 432 2995 quam
450 2940 496 2981 in
513 2940 692 2981 istorum
711 2938 818 2979 sella
836 2939 1015 2982 Cnruli.¹
1071 2941 1129 2982 Et
1147 2942 1191 2982 in

307 3005 484 3045 Orator.
541 3001 852 3042 Demosthenis
882 3002 1110 3055 imaginem
1136 3016 1191 3045 ex

308 3081 396 3110 aere
428 3068 471 3107 in
497 3065 740 3107 Tusculana
769 3065 898 3105 Bruti
933 3067 1032 3107 villa
1057 3079 1104 3108 se
1136 3067 1194 3108 vi-

307 3132 419 3172 disse
440 3132 503 3171 ait
522 3144 532 3171 :
561 3134 613 3170 ut
630 3140 707 3168 nos
727 3139 1024 3181 marmoream,
1041 3130 1193 3171 Tarra.

306 3207 434 3245 cone,
452 3207 548 3235 cum
581 3194 661 3234 hac
681 3192 963 3245 inscriptione
986 3193 1192 3236 vidimus:

309 3260 675 3309 ΔΗΜΟΣΘΕΝΗΣ,
702 3257 1033 3309 praetermissam
1054 3257 1110 3299 ab
1129 3258 1195 3312 iis,

311 3322 386 3376 qui
426 3327 619 3362 veterum
660 3321 881 3373 imagines,
915 3321 1116 3374 Hermas,
1151 3329 1196 3365 et

310 3383 531 3427 Terminos
560 3382 801 3424 ediderunt.
848 3382 1034 3429 Senonas
1060 3388 1103 3428 in
1124 3400 1195 3429 no·

312 3451 369 3491 tis
390 3447 444 3490 ad
465 3446 615 3500 Elegia
633 3447 900 3492 Corneliana.

673 225 852 265 NOTAE
897 226 1229 266 VARlORUM
1271 227 1336 267 IN
1380 228 1433 266 C.
1475 228 1741 267 NssPo'rlS

1295 345 1418 386 Liber
1449 347 1588 387 Graecae
1617 344 1815 394 consectus
1843 344 1892 385 de
1913 344 2127 384 Consulatu

1223 408 1225 411 ⁴
1246 408 1464 461 Ciceronis]
1492 410 1566 450 De
1585 422 1668 462 quo
1688 408 1842 448 Cicero
1859 405 1998 458 Epist.
2029 407 2059 446 1.
2073 418 2124 447 ιι.

1244 475 1283 512 1.
1311 472 1323 494 ‘
1341 472 1460 512 Puer
1480 477 1578 514 tuus
1598 472 1704 514 mihi
1730 471 1876 512 literas
1905 469 1980 510 abs
2002 477 2063 521 te,
2081 475 2130 512 et

1243 534 1603 576 Commentarium
1618 535 1865 576 consulatus
1881 533 1963 573 mei
1974 532 2130 574 Graece

1244 599 1454 650 scriptum
1489 598 1710 640 reddidit:
1757 599 1800 638 in
1837 610 1924 651 qua
1955 597 2127 641 laetatu·

1244 673 1351 714 sum,
1369 661 1588 716 aliquanto
1613 667 1716 703 ante
1741 661 1795 701 de
1814 660 1965 702 iisdem
1985 658 2131 712 rebus,

1245 723 1404 764 Graece
1422 723 1526 764 item
1546 724 1755 775 scriptum
1782 722 1935 763 librum
1956 722 2008 763 L.
2027 721 2130 762 Cos-

1244 783 1352 824 sinio
1397 783 1452 824 ad
1499 789 1544 824 te
1597 783 1899 836 perferendum
1944 783 2129 825 dedisse.

1246 847 1359 888 Nam
1378 847 1414 887 si
1433 859 1514 900 ego
1535 855 1652 893 titum
1672 852 1773 889 ante
1792 847 2004 900 legissem,
2019 847 2131 888 fura-

1247 916 1338 951 tum
1371 922 1438 950 me
1474 909 1549 951 abs
1579 914 1624 950 te
1656 909 1850 950 diceres:
1889 920 2129 962 quanquam

1249 980 1324 1015 tua
1359 975 1578 1025 incompta
1609 974 1700 1014 visa
1737 976 1865 1014 sunt.’
1919 971 2030 1014 Vide
2065 985 2130 1014 se-

1248 1038 1438 1090 quentia.
1495 1037 1741 1090 Scripserat
1770 1041 1817 1077 et
1843 1035 2042 1077 Herodes
2061 1048 2131 1077 ea.-

1250 1101 1348 1142 dem
1366 1101 1421 1142 de
1440 1112 1503 1154 re,
1527 1101 1604 1142 sed
1624 1113 1719 1154 quae
1739 1099 1957 1142 Ciceronis
1974 1099 2019 1140 in
2034 1110 2132 1141 con-

1249 1166 1390 1207 sulatu
1411 1166 1621 1219 praeclare
1639 1164 1758 1206 facta
1768 1163 2046 1214 obscurarent
2060 1175 2133 1216 po-

1250 1228 1337 1269 tius
1355 1241 1483 1283 quam
1500 1229 1794 1270 illustrarent:
1825 1226 1966 1279 Epist.
1982 1226 2058 1267 lib.
2076 1237 2130 1268 11.

1249 1296 1289 1334 2.
1345 1291 1519 1334 Atticus
1546 1292 1676 1333 etiam
1707 1303 1802 1345 quae
1820 1290 1958 1331 minus
1978 1288 2131 1343 proba-

1251 1355 1326 1396 bat
1343 1356 1388 1396 in
1408 1355 1631 1398 Ciceronis
1648 1353 1786 1404 libris,
1813 1366 1867 1394 ea
1884 1360 2035 1399 notare
2053 1353 2131 1393 mi-

1248 1419 1368 1460 niata
1386 1432 1490 1460 cera
1507 1419 1656 1460 solitus
1680 1424 1788 1459 erat.
1842 1416 1983 1469 Epist.
2010 1416 2039 1457 l.
2056 1427 2133 1458 xv»

1250 1485 1315 1522 14.
1336 1488 1380 1523 et
1396 1482 1469 1523 lib.
1489 1494 1585 1523 xvi.
1607 1484 1673 1523 11.
1714 1481 1811 1522 Nec
1829 1481 1969 1521 Bruto
1989 1480 2133 1520 omnia

1246 1545 1433 1598 probare
1452 1545 1608 1598 potnit,
1626 1557 1722 1598 quae
1746 1545 1819 1584 De
1834 1543 2018 1584 Oratore
2032 1554 2132 1583 con·

1245 1609 1490 1662 scripserat.
1544 1609 1612 1650 De
1643 1620 1729 1660 qua
1759 1619 1860 1648 cera
1887 1605 1999 1657 Aug.
2015 1605 2133 1647 Poli-

1246 1672 1388 1713 tianus
1409 1671 1595 1713 Miscell.
1614 1683 1712 1723 cap.
1725 1673 1794 1711 58.
1820 1669 1974 1710 Schott.

1300 1736 1411 1777 Cn.
1450 1739 1517 1776 19.
1567 1735 1716 1775 Rerum
1751 1732 1957 1785 exemplis
1973 1732 2133 1778 lectores

1244 1797 1482 1850 docebimus]
1524 1797 1717 1839 Notatur
1746 1794 1981 1849 applicatio
2011 1809 2134 1848 παρα-

1245 1860 1464 1913 δειγμάτων
1488 1860 1554 1902 καὶ
1570 1858 1773 1911 νοημάτων
1787 1859 1841 1902 ad
1857 1857 2020 1912 χρήσεις
2033 1871 2134 1909 'ysm-

1245 1925 1359 1977 μικὰς
1375 1924 1440 1966 καὶ
1450 1922 1743 1978 nummi-utar,
1754 1923 1801 1963 in
1814 1934 1899 1976 quo
1917 1921 2135 1974 praecipua

1246 1990 1438 2032 historia:
1457 1988 1724 2043 philosophia
1747 1985 1974 2028 consistit:
2002 1989 2051 2025 ut
2069 1995 2133 2024 os-

1249 2054 1500 2107 tendantur,
1517 2053 1706 2106 inquam,
1733 2048 1970 2092 officiorum
1989 2046 2134 2088 fontes

1248 2117 1654 2158 commemoratione
1697 2119 1870 2155 actuum
1904 2123 1960 2153 ex
1991 2107 2134 2151 officio

1249 2180 1557 2234 profectorum,
1574 2179 1617 2220 id
1636 2183 1720 2232 est,
1737 2177 2029 2230 exemplorum
2046 2186 2135 2216 mo·

1250 2244 1416 2285 ralium.
1444 2244 1627 2285 Boecler.

1306 2306 1393 2352 Quo
1408 2309 1495 2346 erat
1513 2304 1641 2356 ortus]
1667 2305 1836 2357 Supra:
1878 2303 1891 2325 ‘
1911 2303 2134 2356 Perpetuo

1251 2383 1275 2410 a
1293 2368 1526 2422 majoribus
1545 2372 1771 2419 acceptam
1798 2370 2042 2419 equestrem
2059 2365 2135 2406 ob-

1251 2433 1382 2474 tinuit
1398 2431 1679 2484 dignitatem?

1308 2496 1411 2537 Divi
1427 2495 1535 2536 Julii
1541 2493 1648 2549 filii]
1666 2493 1719 2535 In
1730 2492 1914 2534 nummis
1932 2490 2135 2544 antiquis,

1253 2560 1298 2600 in
1329 2559 1619 2600 Trinmviratu
1651 2556 1794 2598 cusis:
1839 2565 1947 2598 mr.
1980 2563 2136 2595 essm

1255 2636 1352 2665 mvi
1375 2634 1414 2665 F.
1433 2634 1506 2665 111.
1526 2633 1621 2665 vm.
1640 2631 1764 2663 nnn.
1781 2631 1827 2662 n.
1847 2631 1889 2660 ι».
1911 2630 1950 2661 c.
2005 2617 2136 2670 Apud

1254 2687 1489 2729 Antonium
1519 2685 1808 2739 Augustinum
1839 2694 1993 2724 aureus
2019 2693 2138 2727 num·

1252 2763 1370 2793 mus:
1413 2761 1519 2792 nn‘.
1548 2759 1654 2791 cAES.
1689 2759 1788 2789 mv1
1822 2757 1862 2789 F.
1894 2755 2134 2787 AvasTvs.

1252 2815 1311 2856 Et
1342 2815 1388 2855 in
1420 2825 1568 2863 aversa
1600 2818 1749 2866 parte:
1779 2823 1820 2853 c.
1850 2823 1892 2854 ι..
1918 2820 2136 2855 wuns-

1252 2889 1464 2920 Avovs'ri.
1496 2889 1536 2919 r.
1574 2887 1667 2919 cos.
1700 2886 1851 2918 nasto.
1884 2884 2041 2915 taluc.
2071 2885 2137 2915 lv-

1253 2952 1390 2983 vnur.
1417 2941 1529 2982 Item
1548 2951 1686 2980 aereus
1702 2939 1818 2991 apud
1838 2938 2019 2978 eundem
2033 2937 2137 2978 duo·

1252 3004 1332 3044 bus
1360 3003 1572 3056 capitibus
1590 3003 1810 3054 signatus;
1839 3002 1883 3041 in
1901 3013 1985 3042 nne
2000 2998 2138 3043 latere

1254 3077 1389 3107 Divos
1419 3077 1567 3107 tvmvs
1598 3063 1891 3118 praeferebat;
1931 3064 1975 3104 in
2001 3064 2138 3105 altero

1254 3140 1356 3171 mvr
1388 3141 1428 3171 F.
1445 3139 1557 3171 ave.
1584 3128 1714 3169 Divos
1733 3133 1878 3168 autem
1911 3139 1991 3180 pro
2008 3127 2139 3168 Dim

1256 3194 1440 3234 Veteres
1473 3192 1692 3242 dicebant,
1724 3195 1773 3232 ut
1805 3198 1851 3232 et
1888 3191 2025 3231 Dauos
2058 3199 2136 3242 pro

1256 3257 1408 3299 Davus.
1436 3255 1611 3297 Servius
1639 3254 1685 3296 in
1717 3253 1823 3294 illud
1842 3251 2011 3304 Virgilii
2031 3262 2138 3293 vlu.

1256 3319 1422 3361 AEneid.
1458 3323 1470 3341 ‘
1486 3318 1647 3360 Divum
1666 3315 1828 3370 genus,’
1846 3314 1949 3356 Diei
1975 3313 2136 3367 legisse

1258 3382 1464 3436 quosdam
1498 3379 1657 3429 refert3
1699 3383 1820 3420 recte
1851 3389 1947 3419 mea
1963 3377 2136 3430 quidem

1258 3446 1490 3499 sententia,
1526 3443 1657 3501 idque
1693 3453 1789 3484 cum
1823 3440 2047 3498 apotheosi
2092 3441 2137 3483 iu
