2306 3900
926 294 1327 334 FRAGMENTA.

209 425 305 455 mea
323 419 465 455 autem
491 415 721 466 sententia,
747 414 818 466 qui
838 413 1087 465 reipublicae

211 477 268 518 sit
294 477 460 529 infelix,
489 477 595 518 felix
626 489 722 518 esse
755 489 881 518 nemo
914 478 1088 529 potest!

210 542 274 582 Ut
307 543 428 584 Nero
460 542 620 593 Caesar,
650 547 697 581 et
726 541 860 592 Sylla,
895 540 1087 593 quamvis

205 605 306 646 liuic
325 606 483 646 Felicis
501 616 737 656 cognomen
758 603 919 644 datum.
974 604 1089 643 Vide

210 669 263 709 ad
278 667 416 709 Attic.
431 668 504 709 lib.
522 679 604 709 vu.
634 667 786 708 Schott.

266 732 455 772 camillus
474 731 655 783 exulans]
699 731 845 771 Valer.
875 730 1090 771 Maximus

209 795 285 837 lib.
305 807 347 838 v,
365 799 404 837 3.
432 797 445 818 ‘
464 795 628 836 Virium
661 796 946 836 Romanarum
965 799 1010 835 et
1026 795 1089 835 iu-

209 866 477 902 crementum
495 861 774 913 laetissimum,
786 866 833 901 et
846 860 983 901 tutela
999 871 1091 900 cer-

210 925 375 966 tissima
392 926 546 966 Furius
579 925 798 976 Camillus,
829 924 872 964 in
891 924 1011 965 Urbe
1029 925 1093 964 in·

212 989 503 1030 columitatem
522 1001 640 1029 suam
675 988 788 1029 tueri
816 999 901 1029 non
930 987 1091 1037 valuit;

210 1052 335 1104 cujus
367 1052 461 1104 ipse
482 1052 660 1092 salutem
680 1050 938 1103 stabilierat,
956 1050 1092 1091 felici-

212 1121 346 1157 tatem
373 1114 584 1156 auxerat?
640 1114 814 1167 Quippe
849 1114 922 1167 qui
951 1115 1091 1167 Cape-

211 1185 333 1220 nates
351 1185 398 1219 et
426 1178 661 1230 Phaliscos,
690 1182 736 1216 et
764 1177 878 1230 quod
906 1177 1091 1217 omnium

209 1254 468 1292 maxumum,
481 1241 641 1282 Urbem
661 1240 792 1281 Veios
812 1251 858 1281 x.
877 1241 999 1281 annis
1019 1240 1091 1280 ob·

210 1317 368 1346 sessam
387 1305 613 1358 adjecerat
640 1304 834 1356 imperio.
888 1303 1000 1343 Vide
1021 1305 1091 1344 Li-

208 1369 340 1419 vium,
360 1368 655 1418 Plutarchum,
682 1366 911 1418 Agellium.
965 1365 1007 1406 A
1040 1367 1089 1407 L.

125 1458 132 1460 >
209 1432 396 1486 Apuleio
411 1432 527 1472 Trib.
545 1430 686 1483 plebis
715 1430 761 1470 iu
786 1430 962 1470 exilium
982 1430 1092 1482 ejec-

212 1502 281 1537 tus
299 1501 379 1538 est.
433 1495 513 1547 an
521 1506 568 1534 us
587 1498 686 1546 post
704 1493 810 1533 alios
825 1492 988 1533 Seneca
1006 1503 1090 1533 me-

211 1560 336 1602 minit
352 1572 397 1602 v.
417 1560 469 1600 de
489 1557 735 1599 Beneficiis.
761 1557 912 1598 Kctwh.

262 1624 314 1664 111
325 1624 424 1675 quod
435 1621 631 1675 cupierat]
660 1621 854 1673 Regnum
866 1617 1092 1661 affectasse

210 1686 436 1738 Manlium,
472 1690 643 1726 servato
689 1683 916 1736 Capitolio,
961 1695 1093 1736 supra

211 1748 388 1852 (gctum.
454 1749 603 1789 Testes
639 1746 832 1800 Agellius
859 1753 906 1788 et
939 1748 1093 1789 Cicero

255 1811 326 1852 hil.
340 1823 393 1852 11.

267 1876 438 1921 Quidam
455 1873 648 1926 veterum]
678 1876 748 1916 De
765 1874 968 1928 periculis
987 1875 1093 1927 agit,

211 1940 255 1981 in
285 1953 381 1994 quse
416 1940 562 1980 vocari
593 1940 846 1993 plerumque
881 1939 1092 1980 Histoi-ici

210 2004 366 2046 solent.
420 2004 527 2056 Ejus
559 2003 623 2043 rei
653 2001 829 2043 fuerunt
846 2002 1091 2044 Cremutius

211 2067 380 2109 Cordus
420 2067 535 2120 apud
568 2066 758 2107 Dionem
797 2071 846 2107 et
877 2067 1091 2118 Tacitum,

210 2131 366 2173 Junius
411 2130 615 2171 Rusticus
661 2130 775 2182 apud
825 2129 1093 2181 Suetonium,

211 2194 507 2248 Hermogenes
526 2198 573 2234 et
597 2193 762 2234 Metius
787 2192 1093 2246 Pompusianus

212 2259 328 2312 apud
346 2259 542 2300 eundem.
572 2258 771 2299 schottus.
879 2287 885 2290 -

265 2322 543 2364 Fon-micantes
576 2334 639 2374 ea,
687 2331 771 2374 quoe
791 2362 802 2367 ,
817 2318 1092 2372 scriptoribus]

211 2386 369 2438 Ingens
390 2385 570 2427 audacia
587 2384 779 2426 Schotti!
822 2383 996 2436 Quippe
1006 2395 1092 2424 non

210 2449 344 2489 solum
366 2460 444 2502 pro
458 2447 753 2490 Ciceronianis
770 2446 980 2499 venditat,
995 2459 1091 2500 quae

213 2512 432 2553 Ciceronis
451 2524 536 2552 non
564 2523 658 2552 esse
685 2509 814 2550 facile
832 2513 976 2550 omnes
998 2518 1093 2561 pers

211 2575 414 2628 spiciunt,
430 2576 503 2629 qui
535 2574 754 2627 purissimi
771 2573 998 2625 scriptoris
1017 2586 1090 2614 au·

213 2650 307 2679 rum
327 2639 381 2680 ab
400 2638 615 2679 Ammiani
631 2638 724 2678 luto
751 2641 909 2677 norunt
927 2636 1091 2677 discer-

213 2714 342 2752 nere3
371 2701 443 2742 sed
463 2702 593 2742 etiam
613 2700 807 2753 pluscula
820 2699 875 2740 de
889 2711 965 2741 suo
983 2700 1092 2740 inse-

212 2765 314 2806 ruit.
367 2764 615 2805 Ammianus
629 2762 741 2803 enim
756 2768 982 2815 postquam
998 2762 1091 2803 dix·

211 2828 315 2869 isset
334 2827 414 2868 sibi
434 2839 566 2880 usque
594 2826 649 2867 ad
678 2825 863 2867 confinia
882 2826 1092 2879 propioris

211 2891 430 2932 memoriae
444 2902 671 2943 progresso
683 2888 813 2930 fuisse
825 2889 1094 2941 propositum

211 2951 374 2996 referre
405 2967 430 2995 a
461 2953 701 2995 notioribus
718 2952 891 3005 pedem,
919 2958 967 2994 ut
986 2954 1096 3006 peri·

213 3019 310 3059 cula
328 3018 505 3058 veritati
520 3029 637 3070 saepe
652 3017 853 3068 contigua
879 3021 924 3057 et
940 3017 1095 3058 intem-

213 3081 403 3134 pestivos
440 3092 638 3122 censores
668 3080 932 3130 declinarem
959 3081 1094 3121 solum

211 3144 296 3185 ista
314 3143 490 3196 subjicit
507 3157 518 3184 ε
547 3145 561 3167 ⁴
579 3144 688 3184 Haec
706 3143 880 3197 quidam
899 3150 1094 3185 veterum

211 3206 507 3251 formidantes,
535 3206 800 3257 cognitiones
831 3213 1002 3246 actuum
1022 3219 1095 3247 va-

212 3270 371 3310 riorum
388 3268 513 3321 stylis
531 3267 734 3308 uberibus
752 3267 990 3320 explicatas
1011 3280 1094 3308 non

215 3331 393 3373 edidere
411 3330 680 3382 superstites,
712 3334 760 3369 ut
778 3330 820 3370 in
838 3330 1020 3383 quadam
1040 3330 1094 3371 ad

214 3394 343 3434 Corn.
368 3395 584 3446 Nepotem
604 3392 786 3444 epistola
802 3392 970 3432 Tullius
992 3406 1095 3446 quo-

214 3467 298 3507 que
317 3457 440 3498 testis
470 3455 730 3497 reverendus
761 3454 986 3499 adfirmat.’
1013 3458 1094 3499 Bo·

211 3531 301 3561 stus.

1924 282 2031 334 709

1205 416 1386 466 Infelices
1412 416 1512 468 esse]
1552 405 1662 457 Haec
1694 415 1913 457 Ciceronis
1943 416 2032 468 qui·

1151 478 1249 520 dem
1282 493 1375 520 esse
1413 493 1468 521 ex
1504 480 1731 521 Ammiano
1772 485 1911 533 patet,
1957 480 2031 533 qui
2087 479 2103 486 ”

1152 543 1165 565 ‘
1186 545 1441 586 sententiam
1470 545 1739 586 Tullianam'
1775 551 1925 594 vocat;
1955 543 2031 584 sed

1151 617 1206 644 ex
1237 607 1444 657 Epistolis
1476 607 1530 647 ad
1559 608 1775 660 Nepotem
1806 607 2034 660 desumpta

1152 679 1238 708 non
1258 669 1334 709 ait.
1362 670 1458 710 Bos.
1516 670 1735 722 Suspicor,
1753 671 1820 710 vel
1850 670 1903 710 ab
1934 670 2031 723 ipso

1153 730 1410 772 Marcellino
1429 731 1738 787 conformatum
1765 733 1846 773 hoc
1879 745 1932 772 ex
1967 745 2035 772 su-

1153 795 1423 848 perioribus3
1452 796 1520 836 vel
1540 808 1642 836 sane
1661 809 1715 836 ex
1734 796 1884 836 eadem
1913 796 2035 837 Cice-

1154 859 1269 900 ronis
1299 860 1481 912 epistola
1513 860 1813 911 desumptum;
1839 859 1924 900 loci
1943 858 2034 900 affi-

1151 923 1294 963 nitate
1310 935 1558 975 persuasus,
1576 923 1691 977 quod
1710 922 1752 962 in
1773 922 1922 964 eodem
1942 923 2036 975 ipso

1155 997 1285 1028 xxvr.
1317 987 1561 1027 Marcellini
1598 987 1831 1038 repererim
1871 991 2037 1027 utrum-

1155 1061 1252 1102 que,
1290 1050 1370 1090 hoc
1406 1055 1602 1091 extremo
1639 1049 1764 1101 libro,
1810 1049 1916 1089 illud
1948 1061 2035 1090 nou

1154 1115 1305 1167 procul
1336 1114 1390 1156 ab
1421 1115 1557 1155 initio.
1614 1114 1666 1155 In
1693 1126 1777 1167 qua
1796 1113 1968 1166 quidem
1988 1123 2035 1153 re

1153 1179 1369 1232 integrum
1395 1185 1462 1220 est
1480 1179 1636 1232 cuique
1656 1191 1680 1219 a
1699 1189 1767 1218 me
1787 1177 2034 1218 dissentire.

1155 1241 1255 1282 Non
1273 1241 1477 1282 dissimile
1505 1241 1626 1292 illud,
1656 1240 1769 1295 quod
1790 1241 1842 1281 D.
1867 1240 2037 1293 Augus-

1155 1304 1230 1344 tin.
1247 1304 1318 1345 lib.
1334 1316 1378 1346 V.
1400 1304 1530 1346 Civit.
1551 1305 1654 1355 Dei,
1667 1316 1761 1357 cap.
1774 1307 1842 1344 2⁷.
1857 1303 2034 1344 laudat:

1155 1368 1168 1390 ⁸
1189 1366 1464 1419 Omiserum,
1500 1367 1570 1408 cui
1606 1379 1789 1419 peccare
1835 1366 2037 1408 licebat?

1155 1428 1282 1471 Quod
1302 1429 1356 1470 de
1376 1430 1426 1471 C,
1448 1430 1582 1471 Cinna
1602 1430 1662 1470 ait
1681 1430 1836 1470 Cicero
1862 1431 2038 1470 Tuscul.

1153 1503 1199 1533 v,
1251 1493 1310 1534 Et
1330 1493 1392 1534 'in
1427 1493 1663 1534 Hortensio
1700 1491 1814 1544 apud
1853 1491 2038 1533 eundern

1154 1555 1383 1608 Augustin.
1404 1556 1479 1597 lib.
1500 1567 1608 1597 1111.
1629 1567 1726 1608 cap.
1746 1560 1786 1596 6.
1807 1555 1862 1596 de
1886 1556 2039 1597 Trinit-

1155 1620 1167 1642 ‘
1189 1619 1330 1670 Velle,
1364 1619 1476 1673 quod
1522 1631 1606 1660 non
1638 1619 1808 1671 deceat,
1852 1620 2039 1660 miserri-

1153 1694 1298 1723 mum:
1328 1695 1409 1724 nec
1429 1688 1517 1724 tam
1531 1683 1733 1724 miserum
1748 1689 1829 1734 est,
1843 1695 1929 1724 non
1948 1683 2039 1724 adi-

1155 1745 1279 1797 pisci,
1296 1745 1409 1798 quod
1424 1746 1548 1798 velis,
1566 1758 1690 1800 quam
1712 1745 1894 1799 adipisci
1914 1747 2040 1799 velle,

1155 1807 1269 1862 quod
1294 1821 1380 1849 non
1408 1814 1623 1862 oporteat.
1679 1809 1786 1849 Plus
1804 1809 1917 1850 enim
1936 1810 2038 1850 mali

1155 1872 1347 1925 pravitas
1365 1873 1606 1913 voluntatis
1624 1871 1784 1924 adfert,
1802 1885 1930 1926 quam
1951 1871 2037 1913 for-

1156 1938 1259 1976 tuna
1276 1936 1472 1989 cuiquam
1489 1935 1619 1977 boui.'
1648 1935 1804 1976 Schott.

1225 2075 1350 2115 Inest
1369 2085 1434 2116 an
1453 2075 1669 2117 A'r‘rrcum
1690 2087 1751 2117 ne
1765 2076 1971 2117 Neron.

1211 2191 1379 2244 Nepotis
1412 2192 1630 2245 epistolam]
1679 2191 1861 2233 Homeri
1896 2192 2038 2232 locum

1156 2254 1366 2307 respexit,
1396 2259 1446 2295 ut
1461 2253 1552 2296 fere
1570 2255 1615 2295 in
1632 2255 1699 2296 his
1718 2255 1924 2308 epistolis,
1942 2267 2039 2296 cum

1157 2317 1212 2358 ad
1247 2317 1546 2358 amicissimum
1579 2317 1909 2360 familiarissime
1937 2318 2039 2359 scri-

1155 2380 1295 2423 beret.
1347 2383 1506 2423 Versus
1527 2381 1707 2423 Homeri
1736 2387 1829 2423 est:
1869 2383 1954 2421 Τῶν
1971 2379 2041 2421 ἄλ·

1155 2453 1235 2486 λων
1251 2447 1414 2486 Δαναῶν
1425 2447 1511 2496 uer’
1529 2445 1704 2496 ἀμύμονα
1716 2445 1926 2495 Πηλείωνα.
1954 2447 2041 2486 Ex-

1155 2509 1291 2561 plicat
1312 2521 1413 2548 vero
1433 2515 1576 2560 acute,
1594 2516 1643 2549 ut
1675 2509 1831 2560 omnia,
1850 2510 2043 2549 doctissi-

1154 2584 1248 2612 mus
1283 2571 1514 2611 Turnebus
1543 2571 1728 2612 Advers.
1766 2571 1842 2611 lib.
1875 2582 1937 2612 rx.
1969 2575 2039 2611 22.

1154 2634 1304 2674 Schott.
1337 2633 1449 2673 Vide
1464 2633 1594 2673 etiam
1613 2633 1873 2687 Schoppium
1890 2633 1933 2673 in
1955 2633 2039 2673 Pa-

1153 2696 1324 2737 radoxis
1342 2697 1538 2737 literariis
1558 2697 1694 2749 Epist.
1712 2702 1753 2737 5.

1210 2761 1321 2801 Male
1337 2772 1478 2801 narras
1495 2762 1543 2801 de
1556 2760 1724 2812 Nepotis
1729 2760 1835 2814 filio,
1852 2761 1963 2800 valde
1980 2773 2040 2801 me

1155 2826 1306 2866 hercule
1337 2836 1505 2873 moveor,
1539 2827 1579 2864 et
1612 2824 1770 2864 moleste
1789 2822 1897 2874 sero.
1956 2824 2039 2863 Ne-

1153 2889 1318 2928 scier-am
1362 2887 1516 2927 omnino
1560 2899 1640 2928 esse
1683 2887 1804 2928 istum
1859 2887 2041 2939 puerum]

1158 2953 1296 3005 Epist.
1315 2955 1382 2994 14.
1421 2952 1488 2991 De
1505 2950 1694 2992 Cornelii
1710 2950 1800 2991 filio
1830 2951 2040 2992 nihildum

1158 3016 1312 3070 reperi.
1366 3017 1512 3059 Quare
1546 3015 1672 3055 valde
1704 3015 1891 3067 ambigo,
1926 3015 2040 3054 sitne

1157 3079 1226 3119 hic
1260 3078 1529 3131 cognationis
1560 3090 1716 3119 nomen
1764 3078 1928 3129 Nepos,
1970 3078 2041 3117 vel

1158 3142 1322 3183 Caecilii
1360 3142 1539 3194 alicujus
1585 3141 1755 3180 Metelli
1790 3153 2041 3192 cognomen.

1158 3204 1310 3246 Schott.
1379 3203 1563 3255 Nepotis
1607 3202 1770 3243 mentio
1813 3201 1866 3242 fit
1910 3203 2040 3244 etiam

1158 3267 1233 3307 lib.
1252 3278 1303 3309 11.
1360 3267 1459 3306 Non
1477 3265 1646 3316 dubito,
1673 3266 1766 3306 haec
1785 3265 1838 3305 ad
1859 3267 2040 3309 eundem

1159 3330 1377 3381 Nepotem
1396 3328 1634 3381 pertinere,
1661 3328 1713 3368 ad
1735 3340 1858 3382 quem
1879 3341 2042 3383 praece-

1157 3394 1263 3434 dens
1281 3393 1427 3433 locus:
1456 3404 1540 3432 uon
1569 3398 1712 3433 autem
1742 3392 1796 3433 ad
1819 3394 2039 3434 Caecilium

1159 3457 1358 3509 aliquem,
1374 3461 1423 3496 ut
1441 3455 1621 3497 Schotto
1642 3454 1684 3496 in
1703 3462 1892 3497 mentem
1911 3457 2039 3497 venit.

1159 3520 1317 3562 Bost'us.
