2306 3900
748 248 974 290 RERUM
1018 249 1095 289 ET
1136 249 1503 291 VERBORUM.

223 369 448 413 divinatio.
467 377 526 414 est
554 371 762 424 prudentia
788 386 879 419 xxv,
900 377 953 414 lo
980 374 1081 414 divi-

249 425 358 464 natio
374 425 611 478 appellanda
628 432 689 467 est
706 435 896 479 perpetua
925 435 1082 467 natura·-

249 479 298 520 tis
330 480 483 520 bonitas
509 494 598 527 xxv,
617 484 645 522 9
689 480 776 533 (Ita
803 481 963 532 quidem
995 481 1081 521 libri

220 569 226 573 .
248 545 383 576 omnes
400 532 499 575 editi
513 533 738 587 scriptique.
766 535 835 574 sed
852 534 1080 575 Buchnerus

247 586 381 626 mallet
417 586 494 638 legi
541 586 780 634 ‘divinitae’
816 589 926 640 quod
961 589 1080 628 etiam

215 639 409 682 „Schntto
440 641 483 683 in
502 647 668 682 mentem
699 649 870 682 venerat.
909 642 1081 694 Conjec-

245 699 342 734 turae
360 695 499 734 summi
523 694 595 734 viri
612 695 758 742 favent,
795 709 884 748 quae
902 702 986 737 toto
1010 696 1081 735 ist-

245 748 323 790 hoc
357 748 489 800 capite
525 747 798 800 subjiciuntur,
837 750 911 790 nisi
951 756 1082 790 tamen

214 838 220 845 .
244 799 357 843 malis
388 806 402 825 ‘
418 802 564 843 divina'
592 804 734 856 legere.
762 804 856 844 Vid.
880 803 1083 855 VV.LL.)

192 854 340 897 Dives:
361 855 573 897 ditissimus
600 857 825 909 eloquentia
843 856 994 898 Graecae
1009 858 1082 898 lin-

245 922 332 962 guae
360 910 428 955 vii,
445 914 472 950 2
507 911 597 962 (ubi
616 912 735 963 vulgo
753 918 814 952 est
842 917 854 935 ⁴
868 911 1086 964 disertiss.’)

190 963 456 1004 Divitissimus
483 965 569 1011 xix,
584 969 606 1006 l
626 966 779 1018 (denuo
796 971 908 1005 notas
928 965 1016 1019 adi)

190 1017 361 1062 Divitias
377 1017 480 1058 orbis
497 1024 680 1059 terrarum
693 1020 871 1071 accipere
887 1020 993 1060 nolle
1013 1033 1082 1072 pro

245 1071 355 1112 carit.
383 1071 520 1124 patriae
549 1074 835 1127 (ὑπερβολικῶς
852 1074 903 1113 de
933 1087 1082 1113 summo

244 1123 391 1178 pretio)
419 1139 485 1172 xv,
515 1131 540 1168 4
564 1126 730 1166 ·divitiis
765 1140 900 1168 ornare
933 1127 1082 1180 (cives)

212 1208 218 1213 -
240 1178 285 1228 ii,
301 1182 328 1220 2
356 1178 498 1232 (ιῑίὸίε
529 1180 791 1234 locupletare)

187 1232 357 1274 Diutina
370 1234 572 1274 contentio
601 1234 684 1282 xiii,
702 1239 728 1275 2
758 1249 831 1286 pax
862 1249 926 1283 xv,
947 1240 971 1275 5

189 1286 338 1327 Divum
352 1288 426 1327 sub
444 1286 537 1328 divo
565 1288 619 1336 iv,
639 1294 663 1330 5
711 1289 776 1342 (et
801 1288 917 1341 juxta
948 1289 1080 1328 Savar.

239 1346 284 1381 et
311 1340 408 1381 alios
433 1341 541 1388 xviii,
570 1347 610 1383 5.
645 1342 670 1381 i.
685 1356 721 1381 e.
749 1343 791 1381 in
810 1348 944 1395 aperto
974 1343 1081 1388 aere,

216 1432 219 1434 ,
239 1407 322 1435 non
339 1396 413 1435 sub
433 1400 552 1435 tecto.
569 1395 805 1447 Scripturatn
824 1397 924 1436 hanc
939 1409 962 1435 e
981 1397 1080 1436 Mss.

241 1447 371 1488 codd.
409 1447 571 1494 Nostro,
602 1449 774 1501 itemque
804 1449 989 1489 Lucretio
1023 1449 1079 1496 iv,

237 1505 332 1543 211.
351 1501 534 1542 Ciceroni
563 1507 598 1543 l.
618 1503 660 1542 in
677 1503 788 1543 Verr-
806 1516 894 1555 cap.
913 1506 976 1543 19.
999 1503 1080 1542 Ho-

237 1555 336 1596 ratio
366 1555 448 1596 od.
475 1554 533 1603 iii,
564 1560 604 1598 3.
636 1560 704 1598 23.
768 1557 849 1597 od.
879 1557 906 1604 i,
930 1560 996 1604 18,
1016 1561 1080 1596 13.

238 1608 379 1649 acOd.
393 1608 452 1656 iii,
470 1613 512 1657 2,
529 1615 569 1652 5.
596 1610 785 1650 Suetonio
817 1611 861 1649 in
894 1610 977 1651 Jul.
1013 1614 1081 1651 72.

239 1671 283 1704 et
298 1663 404 1715 Aug.
423 1667 490 1704 82.
528 1665 678 1706 dudum
698 1664 895 1711 Gifanius,
911 1663 1079 1704 Torren-

240 1719 332 1763 tius,
350 1716 494 1770 aliique
513 1730 721 1758 asseruere.
762 1718 895 1758 Antea.
910 1731 1080 1770 namque

237 1771 358 1811 fenne
374 1771 539 1823 ubique‘
549 1773 621 1811 sub
639 1771 720 1811 dio'
730 1773 930 1825 legebatur
944 1785 956 1821 ;
974 1773 1080 1823 quod

237 1823 376 1865 Festus
385 1823 464 1866 ἀπὸ
476 1825 634 1866 τοῦδιδς
644 1825 793 1865 dictum
809 1826 905 1868 vult.
915 1824 1082 1865 Rectius

237 1878 362 1918 Varro
381 1879 433 1918 de
445 1878 492 1918 L.
511 1879 599 1919 Lat.
615 1879 670 1925 iv,
688 1883 754 1920 10.
771 1879 839 1932 qui
857 1881 908 1919 ab
919 1878 1082 1931 antiquo

198 1969 203 1973 .
237 1937 251 1956 ‘
265 1932 420 1972 Diovis’
438 1934 600 1973 derivat.
630 1933 750 1974 Unde
780 1933 919 1974 Horat.
939 1934 966 1972 i.
1000 1934 1080 1973 od.

241 1990 280 2028 l.
300 1992 313 2009 ⁸
325 1987 398 2026 sub
413 1986 515 2027 Jove
529 1986 702 2040 frigido,’
722 1987 750 2027 i.
765 2000 802 2027 e.
820 1989 893 2028 sub
911 1988 1019 2035 divo,
1039 1987 1079 2026 in

236 2040 330 2081 ne're
350 2040 520 2093 frigido)

185 2093 313 2137 Divus
323 2094 585 2148 (ἆποθεωθεὶς,
601 2102 860 2135 consecratus.
888 2095 1080 2134 Absolute

240 2149 399 2200 ponitur
431 2162 501 2201 pro
533 2149 558 2188 J
564 2148 641 2187 ulio
677 2148 852 2202 Caesare)
898 2162 989 2196 xxv,
1029 2152 1102 2189 19·

237 2202 354 2254 (nam
388 2208 430 2241 et
464 2203 540 2242 hoc
580 2203 682 2242 inter
709 2211 850 2242 arcana
882 2202 1080 2241 firmandoe

239 2256 516 2306 dominationis
529 2256 676 2309 flagitia
687 2257 903 2296 inventum.
922 2255 1080 2309 Boecl.)

187 2307 347 2349 Docere.
358 2310 592 2364 (exponere,
625 2310 799 2363 narrare)
845 2311 875 2357 i,
893 2310 1031 2356 θωπί,
1050 2314 1075 2350 4

236 2362 482 2416 (ostendere,
500 2363 784 2418 demonstrare)
818 2363 896 2410 xiV,
916 2369 956 2404 5.
981 2363 1078 2410 xvii,

237 2421 265 2459 2
310 2418 451 2458 docere
479 2417 643 2458 lectores
662 2418 853 2470 exemplis
896 2431 989 2464 xxv,
1025 2422 1076 2459 19

193 2503 198 2507 .
237 2471 381 2512 docere
398 2473 566 2524 aliquem
586 2472 786 2518 musicam,
807 2472 923 2510 Praef.

184 2524 379 2564 Docilitas
395 2525 544 2576 ingenii
570 2538 659 2570 xxv,
678 2528 698 2564 1

185 2578 339 2617 Ductor
355 2578 549 2618 literarum
567 2578 790 2617 Graecarum
817 2578 926 2624 xxiii,
950 2582 1002 2619 13

185 2630 378 2671 Doctrina
412 2632 534 2671 multa
570 2638 769 2684 comparet
804 2632 845 2670 in
879 2632 955 2671 hoe
976 2632 1075 2671 libro

236 2685 452 2738 (eruditio)
475 2686 579 2732 xxiv,
599 2690 623 2726 3
661 2685 854 2732 doctrina,
888 2699 968 2724 non
1005 2698 1076 2726 na-

238 2746 325 2779 tura
358 2740 499 2786 solum,
538 2740 613 2781 hoc
650 2739 745 2779 fecit
772 2753 861 2786 xxv,
882 2743 932 2780 17
980 2740 1073 2779 doc-

238 2793 348 2833 trinoe
374 2793 653 2846 (doctrinarum
674 2793 846 2846 cognitio
865 2800 907 2833 et
924 2794 1075 2846 prosec-

238 2846 322 2900 tus)
363 2861 426 2894 xv,
445 2851 471 2888 2
518 2847 706 2887 doctrinae
744 2846 902 2899 puerilis
951 2849 1077 2888 aetatis

236 2902 348 2955 (quae
366 2902 468 2941 tradi
487 2900 616 2941 solent
634 2901 785 2954 pueris)
815 2914 902 2948 xxv,
922 2904 943 2941 1

184 2955 357 2995 Dodona.
381 2956 495 3007 (urbs
520 2955 708 2996 Clraoniae
736 2954 778 2993 in
797 2954 943 3007 Epiro:
980 2954 1005 2994 J
1010 2955 1074 2994 ovi

236 3022 356 3049 sacra.
379 3009 457 3048 Pro
475 3010 632 3050 oraculo
653 3009 876 3055 Dodonaeo,
894 3008 978 3048 sive
1003 3022 1073 3061 po-

239 3062 317 3101 tins
345 3064 609 3103 sacerdotibus
647 3064 817 3117 oraculi)
865 3064 915 3109 vi,
940 3067 964 3103 8
1011 3066 1071 3116 (v.

238 3116 439 3157 Plutarch.
467 3117 508 3156 in
525 3115 750 3170 Lysandro)

185 3170 367 3210 Dodrans
383 3183 391 3207 :
409 3182 458 3208 ex
474 3170 666 3209 dodrante
681 3171 800 3209 liaeres
828 3181 915 3216 xxv,
935 3175 960 3210 5
980 3169 1071 3223 (no-

239 3238 324 3264 veni
372 3229 499 3275 partes
547 3222 783 3263 hmredimis
825 3223 1072 3275 intelligend-

186 3310 191 3318 .
237 3291 328 3318 curn
347 3277 516 3315 dodrans
532 3289 673 3315 novem
693 3283 819 3328 partes
837 3277 918 3316 sive
938 3278 1071 3316 uncias

235 3331 331 3371 assis
350 3344 398 3370 ex
419 3334 484 3372 12.
514 3343 569 3369 sc.
586 3329 683 3369 alias
701 3328 907 3381 significet.
967 3329 1069 3368 Nam

238 3385 334 3424 mis
352 3385 543 3424 vocabulo
558 3383 823 3423 haereditatem
842 3388 962 3421 totam
979 3396 990 3432 ;
1018 3386 1069 3423 12

242 3437 413 3490 partibus
442 3439 542 3478 assis
573 3444 700 3491 partes
728 3435 963 3477 haereditatis
999 3448 1069 3489 ap-

222 3535 227 3540 .
294 3502 437 3556 υειρι..
454 3508 493 3545 ει
520 3503 614 3545 ναν.
639 3505 747 3544 σιω.

1900 237 2027 295 xlix

1201 375 1338 426 pellari
1354 387 1490 415 omnes
1508 379 1716 414 noverunt.
1758 388 1795 414 v.
1824 375 1963 415 Budae.
1979 374 2029 417 de

1197 441 1295 469 asse.
1324 430 1475 469 Donat.
1519 429 1571 468 ad
1602 429 1713 469 Suet.
1756 428 1841 471 Jul.
1871 433 1924 471 83
1954 429 2030 471 ὅτε.

1197 482 1334 523 Boecl.
1371 484 1466 523 add.
1498 488 1583 522 not.
1611 482 1757 523 Ernstii
1788 489 1830 524 et
1847 483 2029 525 'Gronov-

1196 537 1247 575 de
1267 550 1409 588 pecun.
1427 543 1506 577 vet.
1534 535 1592 583 iii,
1617 536 1691 588 10)

1143 589 1322 641 Dolopes
1340 591 1505 642 Scyrum
1523 591 1703 630 obtinent
1742 604 1782 638 ν,
1802 594 1829 631 2
1870 590 2030 645 (populi

1193 643 1425 695 Thessaliae)
1909 663 1912 665 ·

1143 695 1269 736 Dolor
1304 696 1488 738 desiderii
1534 695 1603 748 (ex
1650 697 1777 736 desid.
1825 698 2030 752 concept.)

1198 764 1287 797 xxv,
1305 755 1332 791 4
1361 757 1514 790 tantum
1531 751 1695 790 indulsit
1711 751 1853 798 dolori,
1878 757 1923 791 ut
1937 766 2029 792 enm

1197 805 1324 856 pietas
1352 805 1525 844 vinceret
1569 804 1647 851 xxi,
1676 808 1694 844 1
1743 805 1938 858 (Sensusz
1968 807 2031 845 in-

1197 858 1426 910 dignatione
1451 857 1562 910 justa
1589 857 1633 897 in
1664 858 1789 898 scelus
1825 859 1956 898 marsis
1990 866 2034 900 et

1200 913 1412 952 vindictam
1431 912 1487 951 im
1504 912 1658 959 exarsit,
1677 924 1729 951 ne
1742 911 2032 953 oblivisceretur

1198 966 1365 1014 interim,
1385 973 1544 1006 matrem
1573 979 1671 1012 esse,
1708 979 1824 1028 snper
1842 965 1956 1018 cnjus
1972 968 2030 1006 fa-

1199 1020 1331 1060 cinore
1350 1021 1512 1060 doleret.
1567 1019 1693 1071 Igitur
1708 1019 1782 1060 filii
1800 1020 1928 1060 officio
1946 1022 2032 1061 ani-

1200 1087 1342 1127 moque
1360 1075 1472 1114 dolor
1489 1073 1625 1113 irritati
1639 1074 1820 1127 conjugis
1838 1079 1902 1113 est
1918 1074 2031 1115 coet-

1197 1127 1313 1170 citus.
1341 1128 1501 1179 Boecl.)
1532 1128 1668 1167 dolore
1680 1128 1841 1168 incendi
1867 1128 1921 1175 vi,
1939 1132 1966 1169 3

1146 1182 1251 1220 Dolo
1273 1187 1461 1234 pugnant,
1487 1182 1553 1234 qui
1576 1194 1686 1233 pares
1702 1195 1782 1221 non
1800 1187 1894 1222 sunt
1916 1183 2031 1222 armis

1196 1235 1304 1283 xxiii,
1319 1241 1371 1277 1⁰
1828 1267 1831 1270 »

1144 1289 1384 1330 Domesticis
1411 1291 1524 1329 rebus
1551 1289 1651 1341 (vel,
1682 1295 1726 1327 ut
1754 1287 1836 1336 alii,
1866 1289 2030 1344 opibus)

1197 1345 1377 1383 robustus
1405 1342 1514 1389 xxiii,
1535 1347 1588 1383 10

1144 1396 1396 1436 Domicilium
1415 1397 1570 1449 (sedes)
1610 1395 1705 1441 xvii,
1723 1399 1748 1436 3
1791 1395 1866 1434 sibi
1883 1396 2032 1436 consti·

1197 1456 1306 1489 tuere
1324 1448 1551 1503 (habitandi
1569 1449 1721 1502 locum)
1747 1447 1792 1495 ii,
1813 1453 1865 1489 10
1905 1450 2033 1489 domi-

1196 1503 1329 1542 cilium
1358 1502 1511 1556 imperii
1540 1502 1642 1542 orbis
1670 1509 1853 1542 terrarum
1880 1509 1964 1543 erat
1988 1503 2032 1543 in

1194 1571 1243 1596 ea
1274 1559 1371 1597 urbe
1400 1559 1475 1611 (de
1505 1556 1655 1608 Roma)
1699 1570 1790 1604 xxv,
1823 1561 1849 1597 8
1894 1557 2033 1612 (quasi

1194 1612 1351 1650 fortuna
1366 1611 1513 1663 imperii
1531 1611 1586 1650 ibi
1603 1610 1808 1651 habitaret.
1827 1610 1922 1651 Tac.
1937 1617 1950 1635 ‘
1965 1624 2034 1651 ca-

1198 1671 1270 1716 put
1297 1665 1434 1705 rerum'
1462 1665 1513 1703 A.
1544 1665 1572 1711 i,
1602 1668 1670 1712 47,
1691 1668 1729 1704 1.
1772 1670 1783 1688 ‘
1801 1665 1905 1712 urbs,
1920 1666 2032 1706 unde

1194 1719 1238 1757 in
1257 1720 1388 1758 omnia
1403 1718 1590 1770 regimen’
1613 1718 1662 1757 A.
1690 1717 1748 1764 iii,
1794 1722 1864 1765 47,
1883 1722 1924 1759 2.
1963 1718 2032 1759 Ci-

1197 1785 1274 1811 cer.
1321 1772 1588 1811 ‘domicilium
1615 1770 1769 1822 imperii
1797 1777 1917 1823 atque
1946 1773 2032 1824 glo-

1198 1825 1279 1865 riae’
1310 1830 1347 1866 1.
1375 1828 1427 1865 de
1451 1831 1550 1865 orat.
1578 1827 1647 1866 28.
1674 1825 1778 1864 Flor.
1808 1826 2033 1866 ‘destinata

1198 1879 1399 1920 hominum
1418 1893 1464 1920 ac
1482 1881 1643 1919 deorum
1666 1879 1867 1918 domicilio
1881 1878 2032 1919 civitas’

1197 1933 1226 1980 i,
1245 1937 1311 1981 13,
1336 1938 1400 1974 18.
1441 1933 1505 1972 Id.
1524 1939 1537 1957 ‘
1557 1931 1719 1985 Imperii
1732 1934 1864 1972 sedern
1891 1940 2032 1987 caput-

1196 2001 1275 2040 que
1304 1987 1500 2027 terrarum’
1533 1993 1650 2026 vocat
1675 1986 1704 2032 i,
1733 1990 1775 2033 7,
1804 1990 1832 2026 8
1870 1986 1945 2027 διο.
1977 1988 2030 2028 V.

1196 2042 1350 2092 clapm.
1379 2042 1429 2080 de
1447 2053 1576 2080 arcan.
1602 2041 1646 2087 ii,
1663 2038 1741 2091 20)

1143 2095 1372 2135 Dominatio
1392 2101 1583 2147 perpetua
1607 2093 1638 2141 i,
1651 2097 1677 2133 8
1704 2093 1798 2146 (pro
1815 2092 1978 2146 imperio
1991 2101 2032 2134 et

1197 2155 1418 2202 potestate:
1449 2149 1503 2187 ita
1531 2147 1637 2187 enim
1663 2150 1928 2197 συνωνυμικῶς
1957 2162 2030 2187 vo-

1196 2211 1307 2243 catur
1334 2203 1362 2251 i,
1389 2202 1452 2255 3).
1479 2202 1694 2241 dominatio
1711 2201 1828 2240 unius
1842 2201 2032 2255 (libertati

1197 2258 1371 2296 omnium
1393 2254 1586 2310 opposit.)
1613 2256 1642 2302 i,
1662 2258 1688 2295 3
1720 2255 1938 2295 dominatio
1957 2255 2031 2309 (de

1195 2312 1507 2363 intemperantia,
1537 2322 1616 2362 qua
1640 2309 1679 2348 in
1710 2309 1807 2348 alios
1826 2310 2031 2349 affectatur

1195 2363 1423 2417 imperium)
1465 2363 1508 2410 ii,
1528 2367 1552 2404 7
1597 2363 1794 2415 impotens
1811 2363 2030 2403 Athenien-

1197 2419 1295 2460 sium
1314 2417 1530 2458 dominatio
1569 2417 1624 2464 vi,
1645 2422 1666 2458 1
1710 2415 1786 2469 (de
1802 2416 1966 2470 imperio
1986 2424 2030 2456 ut

1195 2479 1313 2524 capto
1342 2477 1629 2523 occupatoque,
1667 2470 1845 2522 adeoque
1884 2471 1938 2509 de
1964 2477 2029 2523 ty·

1196 2524 1370 2564 rannide.
1388 2525 1452 2564 Sic
1468 2538 1478 2562 ι
1498 2523 1712 2563 dominatio
1729 2523 1932 2562 Persarum
1946 2522 1975 2571 i,
1989 2528 2029 2564 3.

1194 2592 1231 2617 v.
1267 2579 1421 2630 Clapm.
1452 2579 1503 2616 de
1521 2589 1650 2615 arcan.
1687 2576 1743 2623 iii,
1763 2581 1802 2616 2.
1833 2575 2030 2628 ejusmodi

1194 2631 1471 2671 dominationis
1486 2630 1680 2683 cupiditas
1706 2636 1746 2668 et
1764 2643 1858 2670 cura
1883 2630 2028 2670 intelli-

1193 2687 1296 2735 gitur
1313 2686 1354 2724 in
1374 2682 1680 2725 Lacedaemoniis
1693 2682 1738 2730 ii,
1753 2688 1797 2724 7.
1812 2697 1848 2723 ν.
1872 2683 2028 2735 Clapm.

1192 2740 1304 2787 iim.
1342 2739 1429 2791 ejus
1461 2738 1644 2790 parandae
1677 2744 1777 2776 artes
1811 2745 1853 2777 et
1879 2737 2025 2791 flagitia

1193 2793 1246 2841 vi,
1269 2798 1307 2834 1.
1334 2794 1384 2832 de
1403 2793 1543 2845 quibus
1572 2791 1682 2830 Idem
1713 2794 1754 2831 2.
1783 2804 1872 2843 cap.
1899 2796 1941 2839 9,
1961 2797 2028 2832 15.

1191 2855 1232 2886 et
1253 2851 1317 2888 19.
1358 2847 1450 2886 Alia
1477 2843 1754 2885 dominationis
1772 2844 1921 2897 flagitia
1945 2845 2029 2893 viii,

1196 2906 1230 2941 1.
1246 2915 1283 2939 v.
1304 2902 1471 2940 eundem
1488 2900 1640 2951 Claprn.
1659 2913 1679 2935 v
1694 2928 1705 2947 ,
1719 2903 1758 2945 5,
1781 2903 1845 2939 10.
1861 2899 1958 2938 Tale
1970 2906 2031 2938 est

1193 2969 1231 3002 x,
1250 2960 1292 3003 4,
1312 2959 1351 2996 8.
1369 2960 1409 2995 et
1433 2957 1474 2994 4.
1502 2953 1620 2992 Adde
1649 2952 1794 2993 Justin.
1829 2951 1859 2999 i,
1888 2957 1930 2999 7,
1961 2957 2028 2992 12.

1193 3010 1258 3048 ubi
1294 3016 1376 3048 not-
1407 3009 1470 3049 Cl.
1508 3007 1704 3059 Bernegg.
1736 3006 2026 3046 Dominationis

1191 3064 1390 3102 firmandae
1432 3061 1550 3101 obvia
1583 3061 1733 3112 flagitia
1768 3058 1939 3112 suspicio
1985 3066 2027 3098 et

1188 3117 1396 3156 crudelitas
1409 3115 1475 3163 xii,
1494 3119 1534 3155 2.
1554 3113 1756 3165 Boecler.)

1136 3170 1372 3209 Dominatns
1389 3170 1481 3221 (pro
1493 3166 1687 3220 μοναρχίᾳ
1704 3181 1713 3205 2
1733 3177 1873 3217 oppos.
1887 3178 2024 3218 regno,

1189 3225 1295 3276 quod
1314 3222 1472 3262 nomine
1492 3222 1568 3260 tale
1588 3228 1661 3267 est,
1698 3231 1777 3258 non
1808 3219 2025 3273 potestate)

1191 3276 1269 3321 xxi,
1289 3281 1308 3316 1

1135 3329 1331 3368 Dominus
1346 3329 1453 3367 navis
1481 3328 1522 3373 ii,
1542 3331 1568 3367 8
1582 3326 1642 3379 (v.
1662 3325 1806 3379 Navis)

1136 3383 1288 3421 Domus
1305 3382 1399 3434 (pm
1417 3380 1614 3433 nedibus):
1644 3380 1798 3421 Domus
1816 3378 1948 3433 (ejus)
1967 3380 2022 3418 sic

1189 3442 1271 3476 erat
1287 3436 1488 3483 instructa,
1522 3445 1564 3474 ut
1589 3435 1695 3475 nulla
1724 3434 1764 3474 in
1785 3448 1824 3474 re
1851 3434 2022 3472 differret

1017 3503 1102 3543 lna.
1125 3503 1225 3555 Nep.
1884 3513 1916 3550 δ’
