2306 3900
313 241 422 296 624

316 375 392 417 tal.
431 386 561 416 carm.
597 378 664 416 16.
710 377 905 428 Lemma,
940 377 1202 430 Pomponius

314 439 524 478 maximus
553 436 707 478 affinis.
767 440 856 481 Cur
876 438 1014 481 affinis
1034 440 1204 482 dicatur

315 503 426 542 satio
438 501 655 554 sequitur:
684 502 697 525 ‘
715 502 882 555 Conjux
895 515 1079 557 namque
1094 516 1202 544 meae

315 573 364 607 tu
392 565 635 607 consociate
663 566 828 608 sorori!
900 567 1024 609 Idem
1059 569 1201 610 Carm-

313 633 381 670 21.
436 629 550 669 Vide
573 629 678 670 Not.
697 630 739 670 in
760 630 908 672 Sidon.
927 632 1070 673 Carm.
1089 636 1127 673 5.
1157 636 1204 673 et

313 695 381 734 20.
436 691 562 733 Infra
580 692 624 732 in
645 691 812 735 Attico.
841 694 1006 736 Savaro.

369 757 554 798 Fratrem
572 761 784 810 tyrannum
801 758 1114 813 interficiendum
1140 771 1204 799 cu·

313 821 441 874 ravit]
469 821 642 863 Justam
667 833 850 862 censens
875 821 1036 873 injuste
1069 822 1203 874 impe-

313 884 423 924 rium
455 891 530 924 aut
555 884 826 937 tyrannidem
859 885 1112 937 occupantis
1141 884 1204 925 in-

312 947 631 999 terfectionem,
661 960 717 988 ex
746 947 885 988 veteri
903 948 1002 1000 lege
1031 947 1205 988 Rhada-

314 1011 467 1061 manti,
485 1015 530 1050 et
552 1009 745 1062 pluribus
761 1010 1098 1063 Graecorum,de
1112 1010 1204 1064 qui-

314 1075 395 1119 bus
435 1074 612 1115 Grotius
648 1073 704 1114 de
739 1074 835 1116 Jur.
866 1074 978 1114 Bell.
1015 1078 1062 1115 et
1095 1074 1203 1115 Pac.

313 1139 389 1180 lib.
419 1150 451 1178 1.
484 1141 525 1180 4.
546 1141 612 1179 17.
646 1137 876 1178 Loccenius.
935 1136 1062 1178 Adde
1085 1138 1205 1191 judi-

314 1202 427 1243 cium
449 1201 686 1255 Clapmarii
711 1201 767 1242 de
793 1200 975 1244 Arcanis
995 1202 1202 1256 Rerump.

316 1277 382 1307 lv.
402 1269 472 1307 20.

369 1329 427 1370 Et
446 1329 527 1369 inv.
543 1329 570 1369 l.
585 1341 622 1370 v.
641 1328 885 1381 obterebant]
915 1327 988 1370 Sic
1003 1328 1204 1370 Vatinius

315 1393 503 1447 Nepotis
523 1394 702 1454 aequalis
721 1393 859 1433 Tullio
887 1393 963 1435 lib.
983 1406 1027 1435 v.
1059 1393 1114 1434 ad
1141 1392 1205 1434 fa-

314 1459 402 1501 mil.
423 1458 534 1498 dixit
568 1458 581 1480 ‘
603 1462 879 1510 prosternere
913 1461 1046 1509 atque
1083 1456 1205 1498 obte-

314 1533 410 1563 rere
431 1520 770 1562 obtrectationes
799 1525 845 1561 et
874 1520 1055 1561 invidias
1073 1521 1205 1562 male-

316 1583 540 1627 volorum!
577 1583 724 1637 Atque
741 1584 835 1637 ipse
857 1583 994 1625 Cicer.
1016 1596 1094 1637 pro
1111 1583 1206 1625 Cae-

314 1649 427 1700 cina,
473 1649 486 1672 ⁴
509 1648 777 1690 Calumniam
823 1647 1025 1689 obterere
1074 1654 1205 1702 atque

315 1710 614 1754 contundere!

374 1776 533 1828 Verbis]
561 1776 631 1817 SIc
650 1775 830 1829 vulgati.
858 1775 968 1818 Mss.
981 1777 1106 1818 rebus.
1152 1777 1205 1818 In

315 1837 458 1880 Alcib.
486 1843 499 1862 ‘
525 1839 609 1880 His
629 1841 776 1881 Lacon
793 1840 919 1881 rebus
933 1839 1204 1882 commotus!

312 1902 367 1944 In
385 1903 578 1944 Eumene
594 1917 606 1944 ε
634 1903 646 1926 ‘
662 1904 725 1943 his
739 1904 866 1945 rebus
881 1905 1097 1946 Eumenes
1109 1916 1205 1958 per-

313 1966 486 2009 motus!
541 1967 596 2009 In
629 1968 847 2009 Datame:
878 1968 1070 2011 ‘Pisidae
1095 1981 1207 2012 nova

317 2041 365 2072 re
385 2030 618 2073 commoti.'
647 2030 811 2074 Savaro.

374 2093 430 2135 Ut
449 2107 722 2147 nonnunquam
741 2095 835 2136 vitae
838 2095 966 2150 finem
973 2095 1111 2146 facere
1141 2108 1206 2137 vo-

315 2158 454 2210 luerit]
498 2158 652 2199 Inedia
683 2171 728 2199 se
761 2159 1047 2212 exstinguere.
1103 2160 1206 2200 Plu-

316 2221 516 2264 tarchus:
556 2223 738 2275 ’Ὠρμησε
779 2221 854 2273 μὲν
903 2224 954 2264 ὥς
998 2226 1208 2276 διαφθερῶν

315 2282 531 2336 ἀπέχεσθαι
559 2288 719 2339 τροφῆς.
773 2286 860 2327 Sed
906 2287 1077 2327 mollem
1118 2287 1206 2327 ani-

314 2362 429 2390 mum
465 2349 583 2390 illum
618 2350 753 2403 dicas,
784 2351 858 2403 qui
888 2351 1207 2404 praeclarissimi

314 2411 515 2453 facinoris
548 2412 631 2453 sibi
665 2414 864 2454 conscius
903 2413 1206 2455 absurdissimo

314 2475 579 2516 mulierculae
592 2476 764 2529 judicio
785 2481 1014 2530 tantopere
1033 2482 1207 2518 contur-

315 2539 505 2580 baretur.
536 2539 738 2581 Gebhard.
786 2541 980 2593 Eratque
998 2541 1078 2582 hoc
1094 2540 1208 2581 Stoi·

316 2616 462 2645 corum
481 2603 727 2645 artificium.
782 2604 897 2645 Vide
910 2605 1145 2657 Ernstinm,
1162 2605 1207 2646 in

315 2667 646 2708 Introductioue
667 2667 723 2707 ad
742 2679 890 2708 veram
905 2667 1054 2720 vitam,
1084 2681 1123 2710 c.
1138 2672 1205 2710 22.

373 2731 489 2772 CAP.
504 2734 547 2771 2.
577 2731 860 2783 Syracusarum
875 2732 1026 2784 potitus
1040 2732 1117 2784 est]
1139 2733 1208 2773 Ita

319 2801 465 2838 tamen
494 2801 544 2836 ut
576 2796 702 2837 Iceta
719 2802 927 2847 tyrannus
946 2796 1208 2838 Acradinam

319 2866 366 2902 et
388 2859 621 2912 Neapolim
652 2865 839 2912 teneret,
874 2861 1106 2914 Dionysius
1135 2862 1208 2904 In-

318 2925 484 2965 sulam:
530 2929 579 2964 ut
608 2924 746 2965 tradit
777 2923 999 2966 Diodorus
1031 2925 1110 2968 lib.
1140 2936 1206 2967 vr.

318 2988 503 3029 Lambin-

376 3052 551 3105 Tutoque
586 3056 630 3092 ut
682 3053 919 3094 Corinthum
964 3054 1207 3106 perveniret]

319 3116 407 3157 Ubi
428 3117 575 3156 ludum
595 3116 824 3169 Dionysius
852 3118 1038 3170 aperuit.
1094 3118 1208 3160 Vide

322 3181 612 3233 proverbium,
629 3183 641 3203 ‘
658 3181 894 3234 Dionysius
914 3181 1141 3232 Corinthi,’
1162 3186 1209 3222 et

319 3244 540 3284 Plutarch.
561 3244 604 3284 in
616 3244 883 3285 Timoleonte
899 3244 954 3285 de
973 3244 1101 3286 dictis
1121 3243 1209 3285 fac-

321 3305 459 3358 tisque
481 3307 613 3347 etiam
636 3308 850 3359 Dionysii.
880 3307 1078 3349 schottus.
1122 3309 1209 3349 Ex-

321 3373 407 3409 stat
422 3370 464 3407 in
479 3371 687 3411 Cicerone
705 3372 759 3412 ad
776 3371 912 3413 Attic.
930 3383 994 3414 ix.
1013 3375 1054 3414 9.
1075 3372 1210 3414 Quin-

322 3432 388 3473 til.
409 3443 510 3472 vm.
526 3436 565 3472 6.
607 3434 771 3474 Laertii
801 3436 1004 3478 Platone.
1064 3435 1207 3479 Valer.

325 3495 446 3538 Max.
467 3495 541 3538 lib.
563 3506 625 3536 VI.
644 3499 685 3536 9.
716 3497 821 3540 aliie.

706 257 887 298 NOTAE
926 256 1264 300 VARIORUM
1305 259 1372 300 IN
1413 260 1464 301 0.
1502 258 1768 301 NEPOTIS

1321 379 1496 432 Eamque
1508 380 1740 433 praeclaram
1753 377 1958 420 victoriam
1973 379 2154 434 ducebat]

1267 443 1463 496 Vulgati,
1493 448 1532 484 et
1562 445 1663 496 quod
1682 455 1766 484 eam
1779 442 2013 494 μναῖαι-ωτι
2029 443 2152 484 victo·

1266 506 1368 546 riam
1398 506 1579 548 ducebat.
1633 506 1832 547 Platonis
1847 510 1916 546 est
1934 507 2154 548 sententia

1267 567 1336 608 De
1355 569 1461 621 Log.
1472 569 1556 621 lib.
1573 582 1606 611 1.
1629 570 1770 620 initio,
1797 568 2028 609 maximam
2058 581 2154 612 esse

1267 631 1494 673 victoriam
1514 633 1702 686 seipsum
1719 634 1910 683 vincere,
1928 637 1975 673 et
2005 632 2049 672 in
2077 633 2152 673 ad-

1267 695 1403 736 versis
1422 695 1564 737 animo
1583 708 1666 736 non
1685 696 1885 747 demisso,
1913 707 1995 736 nec
2026 695 2070 735 in
2089 706 2154 736 se-

1267 757 1417 798 cundis
1451 759 1567 799 elato
1597 771 1722 800 esse:
1753 757 1969 811 Κᾶνταύθα,
1998 757 2028 798 ὦ
2059 757 2155 812 ξέκ,
2228 771 2232 775 ’

1266 819 1314 861 τὸ
1337 823 1445 874 νικᾷν
1462 821 1578 862 αὐτὸν
1596 821 1732 874 αὑτὸν,
1748 826 1885 864 πασῶν
1900 825 2009 864 νικῶν
2024 822 2155 876 πρε-’πη

1268 899 1312 924 τε
1345 884 1411 925 καὶ
1441 885 1592 938 ἀρίστη·
1619 884 1667 925 τὸ
1685 885 1728 926 δὲ
1749 885 1938 934 ἡττᾶσθαι
1955 886 2073 926 αὐτὸν
2092 887 2159 938 ὑφ’

1269 947 1422 998 ἑαυτοῦ,
1464 946 1616 990 πάντων
1645 948 1853 1003 αἴσχιστόν
1891 964 1937 989 τε
1977 947 2058 999 ἅμα
2088 949 2155 990 καὶ

1268 1010 1467 1052 κάκιστον.
1497 1012 1651 1053 Schott.

1314 1075 1580 1128 Detrusisset]
1594 1075 1812 1118 Detulisset
1832 1080 2006 1118 vetusta
2019 1075 2155 1120 lectio

1269 1141 1366 1181 est:
1395 1137 1603 1190 depulisset
1623 1138 1784 1191 Ultraj.
1812 1139 1940 1182 Idem.

1326 1202 1427 1250 Cum
1447 1203 1556 1242 Iceta
1573 1201 1752 1254 bellavit]
1780 1203 1889 1244 Cum
1905 1203 2061 1256 spiritu
2077 1203 2156 1245 Hi-

1267 1269 1392 1307 oetam
1404 1265 1448 1306 in
1463 1265 1658 1306 Diodoro
1672 1271 1717 1307 et
1729 1265 1927 1307 Gemisto
1938 1261 2154 1307 Plethone

1268 1329 1441 1372 editur:
1495 1329 1759 1371 membranae
1791 1329 1907 1371 enim
1955 1330 2156 1372 Hecatam

1269 1391 1527 1446 praeferunt,
1587 1393 1829 1446 depravate
1882 1397 1933 1435 nt
1989 1394 2158 1447 opinor.

1268 1458 1394 1500 Idem.
1447 1459 1556 1499 Erat
1573 1458 1644 1500 hic
1663 1472 1773 1500 unus
1798 1472 1854 1501 ex
1881 1460 2030 1501 amicis
2049 1459 2156 1500 Dio-

1267 1522 1348 1562 nis.
1380 1522 1582 1564 Ernslius.
1672 1525 1772 1564 Cum
1804 1525 1935 1578 Iceta]
1977 1524 2152 1565 Monuit

1268 1585 1476 1627 Schottus
1494 1587 1684 1628 Hicetam
1703 1598 1758 1628 ex
1776 1586 1902 1628 Diod.
1924 1592 1969 1629 et
1988 1586 2158 1628 Gemin-

1268 1653 1315 1688 to
1335 1648 1550 1690 Pletbone
1567 1650 1810 1702 legendum.
1851 1650 1937 1694 Qui
1953 1650 2156 1692 Ciceroni

1269 1711 1437 1753 Nicetas
1457 1719 1680 1765 corrupte,
1708 1718 1758 1754 nt
1776 1713 1947 1765 opinor,
1970 1725 2026 1755 ex
2045 1714 2157 1766 aspi-

1268 1774 1440 1817 ratione
1459 1775 1504 1819 in
1522 1776 1694 1817 literam
1712 1788 1739 1816 n
1759 1776 2032 1828 versipellem
2064 1776 2156 1818 fac-

1269 1843 1329 1880 ta.
1384 1839 1496 1880 Nam
1517 1839 1687 1881 Graecis
1710 1839 1993 1880 communiter
2009 1838 2156 1882 ‘rubras

1268 1901 1540 1956 Συρακούσιος.
1567 1903 1700 1956 Diog.
1717 1902 1864 1944 Lae'rt.
1877 1903 1919 1943 in
1931 1903 2153 1944 Philolao:

1269 1967 1370 2009 κατὰ
1396 1967 1543 2009 κύκλον
1572 1967 1646 2018 τὴν
1682 1970 1761 2020 ’γῆν
1790 1970 1976 2010 κινεῖσθαι
2009 1971 2157 2022 πρῶτον

1269 2032 1403 2087 εἰπεῖν,
1433 2034 1470 2075 οῖ
1501 2032 1543 2074 δὲ
1576 2031 1726 2075 Ἱκέταν
1756 2031 2015 2087 Συρακούσιόν
2041 2042 2156 2087 φησι.

1268 2098 1383 2140 Vide
1407 2099 1652 2140 Turnebum
1671 2098 1859 2140 Advers.
1875 2098 1950 2141 lib.
1968 2109 2067 2140 xvi.
2087 2101 2156 2139 18.

1269 2162 1399 2204 Icetas
1436 2167 1581 2203 autem
1615 2174 1695 2215 pro
1726 2161 1938 2213 Hicetas;
1965 2166 2015 2202 ut
2044 2161 2156 2214 Iphi-

1268 2228 1410 2276 crates,
1443 2225 1756 2277 Hiphicrates3
1817 2225 1938 2278 Ister,
1977 2223 2158 2276 Hister;

1268 2289 1492 2341 Agesilaus,
1521 2289 1797 2341 Hagefflaus,
1831 2294 1878 2330 et
1905 2288 1992 2330 alia
2010 2290 2053 2329 in
2069 2288 2157 2329 Ex·

1269 2352 1445 2403 cerptis.
1474 2353 1677 2392 Keucken.
2156 2400 2161 2403 ⁷

1324 2415 1416 2456 Hoc
1431 2415 1633 2467 superato]
1680 2414 1733 2455 Id
1754 2419 1835 2468 est,
1864 2426 2009 2456 arcem
2030 2414 2157 2456 relin·
2209 2413 2221 2426 '

1270 2489 1402 2531 quere
1421 2482 1573 2519 coacto
1592 2482 1638 2518 et
1657 2489 1711 2518 ex
1731 2490 1833 2520 arce
1861 2477 2060 2531 depulso,
2092 2478 2157 2518 id-

1271 2552 1355 2594 que
1374 2541 1492 2582 nullo
1511 2553 1566 2581 ex
1588 2541 1820 2582 Corinthiis
1841 2542 2083 2595 vulnerato,
2107 2546 2156 2582 ut

1271 2603 1407 2644 tradit
1427 2603 1704 2647 Plutarchus.
1740 2606 1828 2646 Sed
1848 2605 2061 2646 Diodorus
2079 2605 2156 2647 lib.

1271 2678 1370 2708 xvr.
1401 2672 1566 2718 narrat,
1578 2669 1896 2710 Timoleontem
1913 2681 2011 2710 cum
2030 2669 2157 2711 Iceta

1272 2731 1518 2785 pactionem
1537 2726 1711 2785 fecisse,
1728 2738 1774 2774 et
1793 2733 2068 2786 transegisse.
2084 2733 2156 2774 Sic

1271 2795 1385 2836 enim
1403 2795 1476 2836 ille
1494 2809 1505 2836 ε
1527 2794 1663 2846 Ἕχων
1691 2794 1735 2837 δὲ
1765 2794 1938 2847 πόλεμον
1954 2796 2047 2849 πρὸς
2062 2795 2158 2838 Ἱκέ-

1269 2874 1357 2911 ταν,
1376 2857 1606 2901 διελεύσατυ
1622 2858 1720 2913 πρὸς
1737 2860 1871 2914 αὐτὸν,
1900 2860 1966 2902 καὶ
1982 2868 2158 2915 προσλα-

1269 2923 1431 2976 βόμενος
1447 2924 1539 2967 τοὺς
1566 2926 1651 2976 μετ’
1684 2926 1806 2966 αὐτοῦ
1834 2925 2084 2980 στρατιώτας,
2112 2926 2158 2966 οὗ

1268 2989 1429 3043 μετρίως
1460 2990 1604 3040 ηὔξησε
1631 2990 1707 3038 τὴν
1723 2988 1820 3031 ἰδίαν
1842 2988 2012 3040 δύναμιν.
2068 2990 2157 3031 Sed

1271 3065 1367 3106 quae
1387 3053 1458 3093 hic
1479 3065 1504 3093 a
1524 3052 1669 3093 Probo
1687 3052 1904 3104 dicuntur,
1929 3051 2159 3094 referenda

1272 3120 1373 3158 sunt
1404 3115 1458 3156 ad
1492 3127 1560 3167 ea,
1598 3128 1694 3169 quae
1732 3121 1884 3169 postea
1921 3112 2159 3157 consecuta

1269 3186 1382 3222 sunt.
1439 3181 1551 3221 Nam
1581 3180 1749 3221 Icetam
1783 3181 1916 3222 etiam
1942 3178 2155 3220 Diodorus

1271 3244 1407 3285 tradit
1437 3243 1666 3297 aliquando
1704 3257 1730 3284 a
1760 3243 2030 3284 Timoleonte
2063 3253 2157 3282 esse

1270 3313 1535 3361 superatum,
1555 3312 1601 3348 et
1629 3308 1791 3363 honore
1823 3305 2059 3359 sepulturae
2092 3303 2155 3345 af·

1272 3370 1460 3425 fectum.
1507 3371 1620 3412 Μετὰ
1637 3370 1820 3412 δὲταῦτα
1836 3368 1908 3410 τὸν
1923 3366 2075 3408 Ἱκέταν
2087 3383 2156 3410 κα·

1269 3434 1551 3486 ταπολεμήσας
1580 3433 1710 3488 ἔθαψε.
1766 3432 2025 3474 Plutarchus
2053 3445 2157 3486 quo·

1271 3512 1354 3555 que
1365 3505 1526 3553 narrat,
1545 3510 1645 3540 eum
1658 3496 1928 3539 Timoleonte
1944 3496 2041 3538 vivo
2059 3507 2156 3550 cap-
