2306 3900
757 297 817 334 x.
886 295 1152 346 morum,
1195 297 1332 338 ose.
1371 283 1422 336 2.

176 411 251 454 lib.
271 423 302 454 1.
320 416 359 454 7.
386 411 399 435 ‘
414 411 516 466 Ipsa
546 418 654 455 aetas
685 413 839 455 Galbae
857 418 904 456 et
922 412 1064 455 irrisui

176 481 224 517 et
242 474 417 516 fastidio
435 481 531 517 erat
554 476 739 518 assuetis
756 478 953 531 juventas
974 479 1065 520 Ne-

177 540 310 590 ronis,
327 545 374 581 et
387 540 676 593 Imperatores
690 539 828 582 forma
841 552 892 581 ac
906 541 1065 582 decore

175 602 370 655 corporis
386 602 459 655 (nt
472 608 538 644 est
549 616 640 645 mos
657 603 798 657 volgi)
816 616 1068 657 comparan-

178 664 322 708 tibus!
375 665 536 709 Justin.
567 667 641 709 lib.
659 678 763 710 1111.
783 671 822 709 1.
849 669 863 692 ‘
878 668 965 709 Sed
984 680 1067 709 nec

177 732 321 773 Amici
378 732 619 774 Alexandri
673 732 836 775 frustra
887 746 1067 787 regnum

179 797 462 849 spectabant:
491 809 588 838 nam
611 798 701 851 ejus
731 797 906 839 virtutis
926 810 978 839 ac
997 809 1069 839 ve-

176 862 415 903 nerationis
450 869 589 914 erant,
622 868 674 904 ut
704 864 894 915 singulos
923 863 1069 915 Reges

177 931 370 977 putares.
425 926 600 978 Quippe
633 938 682 966 ea
707 925 859 967 formae
889 925 1071 978 pulchri-

180 988 288 1030 tudo
305 989 348 1030 in
367 990 566 1030 omnibus
579 988 680 1042 fuit,
698 995 748 1030 ut
765 990 838 1043 qui
860 1002 934 1030 eos
952 989 1070 1042 igno-

180 1057 312 1104 raret,
333 1064 418 1093 non
438 1065 494 1093 ex
513 1064 599 1093 una
618 1058 776 1106 gente;
804 1053 881 1094 sed
901 1064 958 1094 ex
976 1058 1071 1094 toto

180 1120 396 1156 terrarum
455 1116 562 1157 orbe
608 1117 771 1157 electos
821 1114 1071 1170 judicaret?

183 1179 387 1222 Gebhard.

178 1263 181 1266 ⁴
236 1243 378 1295 Neque
406 1243 536 1284 minus
568 1247 731 1296 propter
762 1243 909 1295 mores]
951 1243 1071 1284 Plut.

181 1307 331 1358 paullo
350 1306 505 1348 aliter:
541 1307 608 1347 Ἐν
637 1307 742 1362 ἇρχῇ
766 1306 839 1358 μὲν
855 1305 940 1359 εἶχε
956 1306 1072 1357 τιμὴν

181 1368 260 1411 ἀπὸ
272 1371 345 1419 τῆς
367 1369 554 1422 ἀδελφῆς,
573 1370 736 1424 ὕστερον
760 1370 803 1412 δὲ
818 1373 891 1412 τοῦ
916 1373 1071 1423 φρονεῖν

176 1432 304 1475 διδοὺς
331 1435 481 1486 πεῖραν,
508 1433 584 1483 ἤδη
619 1434 702 1476 καθ’
731 1432 870 1475 ἑαυτὸν
887 1434 1070 1485 ἠγαπᾶτο

180 1496 285 1551 παρὰ
299 1498 359 1549 τᾷ
371 1495 558 1551 τυράννῳ.
586 1497 818 1540 Lambinus.

235 1549 501 1615 Affinffitem]
529 1561 657 1605 Quod
690 1561 924 1613 Dionysius
955 1560 1071 1602 Aris-

179 1623 410 1666 tomachen
429 1637 615 1667 sororem
648 1624 801 1666 Dionis
827 1625 1009 1667 haberet
1026 1626 1070 1667 in

180 1689 471 1731 matrimonio.
524 1689 576 1730 In
605 1689 794 1732 Pansan.
821 1689 834 1712 ‘
858 1702 988 1743 seque
1009 1695 1072 1730 te-

183 1764 281 1792 cum
319 1751 529 1794 affinitate
566 1753 766 1805 conjungi
802 1752 954 1806 cupit!
1017 1753 1072 1794 ln

183 1814 335 1857 Attico
351 1818 373 1840 θ
384 1817 477 1868 plns
490 1817 634 1857 valere
650 1815 972 1857 similitudinem
986 1828 1074 1858 mo·

184 1890 278 1918 rum
324 1890 450 1932 quam
504 1877 760 1920 affinitatem
781 1878 809 1930 ;’
854 1878 1074 1931 videlicet,

185 1953 279 1994 quae
314 1953 433 1982 soror
466 1941 606 1982 Attici
633 1943 674 1983 2.
704 1942 844 1983 Tullio
874 1943 1073 1984 Ciceroni

183 2008 320 2056 nupta
343 2010 465 2046 erat:
494 2005 610 2046 unde
640 2003 828 2046 ‘affinis'
861 2006 906 2046 in
934 2006 1073 2047 Timo-

183 2067 310 2107 leone
329 2067 396 2108 vir
415 2068 572 2109 sororis
593 2068 851 2122 appellatur,
868 2068 942 2110 ubi
962 2068 1074 2110 vide.

185 2129 351 2171 Sauara.

238 2193 427 2246 Mum]
452 2192 618 2234 Sororis
635 2197 681 2234 et
698 2193 947 2235 liberorum.

241 2254 336 2296 Nin·
353 2265 431 2308 qua
456 2255 501 2295 in
525 2267 571 2296 re
596 2256 722 2307 maim·
738 2257 1077 2310 ipsiusve-tepiditas

181 2316 473 2369 intercesserat]
493 2319 719 2361 Quatenus
737 2320 996 2372 permittunt
1016 2319 1077 2361 af-

184 2379 327 2423 fectus
346 2385 392 2422 et
410 2380 675 2434 cupiditates
687 2381 993 2435 obtemperant
1013 2396 1078 2424 sa-

183 2444 250 2485 nis
270 2444 443 2486 monitis
457 2445 756 2487 dominantes:
786 2448 955 2500 quoties
974 2459 1077 2489 vero

185 2506 395 2548 intensior
413 2507 572 2560 cupido
591 2508 767 2550 incessit
795 2510 972 2562 animos,
1002 2511 1079 2551 ob-

184 2574 365 2611 structae
384 2576 484 2611 sunt
504 2582 628 2611 aures
647 2577 692 2612 et
713 2571 928 2624 impotens
944 2572 1080 2614 libido

182 2631 275 2672 suis
295 2632 479 2673 stimulis
498 2634 727 2686 abripitur.
782 2635 929 2677 Valer.
951 2646 1021 2677 ιιι.
1035 2638 1077 2676 3.

189 2694 303 2747 apud
324 2695 544 2735 Phalarim
573 2698 587 2720 ⁸
606 2697 701 2749 plus
718 2698 986 2738 consuetudo
1005 2698 1079 2738 do-

186 2756 447 2810 minationis,
483 2770 610 2812 qnam
646 2760 813 2801 consilii
850 2759 1078 2802 salubritas

190 2820 352 2861 valuit!

241 2883 479 2935 Legationes
490 2897 582 2926 vero
600 2885 749 2939 onanes]
785 2887 1045 2929 Plutarchus
1065 2901 1076 2929 ε

188 2947 404 3000 Πρεσβείας
426 2963 475 2989 τε
504 2948 577 2990 τὰς
602 2948 793 3001 μέγισται·
817 2950 958 3003 litante,
984 2966 1080 3002 nep.-

187 3009 352 3061 πόμενός
370 3025 418 3053 τε
444 3011 540 3065 πρὸς
558 3013 843 3066 Καρχηδονίους
860 3013 1079 3066 ἐθαυμάσθη

190 3075 454 3128 διαφερόντως.
487 3078 671 3119 Lambin.
693 3091 747 3119 ex
767 3080 1036 3133 conjectura.

243 3138 329 3180 Sua
368 3141 610 3182 humanitate
655 3141 834 3195 tegebat]
893 3143 1080 3196 regebat,

191 3214 319 3243 seusu
379 3203 703 3256 expeditissimo
755 3218 806 3247 ac
865 3219 1079 3259 germano.

191 3267 306 3308 Nam
341 3267 459 3308 Dion
505 3268 770 3309 humanitate
817 3280 868 3310 ac
914 3281 1078 3311 morum

191 3330 505 3383 tranquillitate
527 3330 707 3383 tegebat
738 3337 869 3384 atque
898 3333 1078 3374 abscon-

193 3392 326 3433 debat
360 3393 638 3433 decantatam
676 3394 833 3447 ubique
880 3395 1080 3449 Dionysii

195 3455 526 3507 crudelitatem3
555 3458 627 3511 qui
646 3458 887 3498 mitissimos
922 3459 1079 3499 Dionis

196 3527 336 3558 mores
362 3518 659 3571 intuebantur,
699 3521 957 3572 persuadere
975 3528 980 3531 *
1000 3521 1079 3563 sibi

1908 286 2012 339 531

1127 426 1212 455 non
1225 420 1445 469 poterant,
1455 420 1544 457 tam
1557 416 1786 459 immanem
1801 429 1897 459 esse
1911 418 2014 459 Dio-

1127 479 1309 532 nysium,
1337 492 1464 534 quam
1493 482 1623 534 vulgo
1649 483 1906 535 jactaretur.
1959 485 2018 524 Et

1128 554 1225 582 eum
1258 543 1301 583 in
1321 543 1495 584 modum
1526 545 1715 598 loquitur
1731 547 1871 587 Tacit.
1900 545 2015 587 Anu.

1131 615 1220 647 xu.
1242 609 1309 647 12.
1336 606 1350 630 ⁴
1371 607 1491 648 Dum
1512 620 1657 649 socors
1674 609 1806 663 domi,
1825 611 1927 652 belli
1956 612 2027 655 ἰυ-

1125 667 1307 721 faustus,
1318 671 1533 723 ignaviam
1551 673 1717 714 saevitia
1735 675 1889 725 tegat?
1918 676 2020 718 Pic-

1127 738 1274 774 cartus
1292 733 1369 775 lib.
1382 730 1580 777 'PericuL
1609 735 1813 789 singulari
1837 750 1933 791 cap.
1954 743 2021 782 1⁰.

1129 795 1327 841 defendit
1338 797 1520 851 leniebat,
1535 799 1627 840 sine
1643 811 1787 842 causa.
1818 801 2030 845 Gebhard-

1129 859 1300 901 Tenebat
1318 859 1363 900 in
1380 860 1647 902 Membranis
1665 862 1834 904 Schotti
1865 870 1912 907 et
1941 866 2020 907 Gi-

1128 922 1246 964 fanii.
1312 923 1399 964 Sua
1431 923 1674 966 humanitate
1708 926 1895 980 leniebat]
1948 928 2021 970 Sic

1129 986 1346 1028 edendum
1375 987 1538 1042 curavi,
1571 989 1824 1042 conjectura
1852 991 2021 1034 ductus.

1131 1049 1247 1090 Nam
1263 1062 1362 1091 cum
1376 1050 1420 1090 in
1438 1051 1648 1104 exemplis
1664 1051 1847 1106 Aldinis,
1861 1059 1907 1095 et
1926 1055 2022 1095 Flo-

1132 1112 1327 1164 rentinis,
1346 1117 1392 1154 et
1410 1114 1623 1155 nonnullis
1640 1114 1750 1168 aliis,
1764 1116 2022 1169 reperissem

1133 1176 1360 1230 scriptum,
1378 1177 1570 1233 tenebat,
1586 1190 1728 1232 neque
1746 1179 1827 1221 hoc
1843 1181 2021 1225 verbnm

1132 1239 1188 1280 ad
1217 1241 1330 1281 hunc
1362 1241 1504 1282 locum
1534 1242 1635 1282 mihi
1664 1243 1875 1296 quadrare
1894 1256 2021 1297 posse

1133 1303 1369 1354 videretur,
1388 1316 1442 1344 ex
1460 1304 1630 1358 tenebat,
1644 1306 1732 1347 levi
1748 1312 1793 1348 et
1806 1306 1925 1349 facili
1944 1309 2021 1350 im-

1133 1369 1374 1410 mutatione
1408 1369 1511 1423 feci,
1544 1371 1707 1412 liniebat
1721 1385 1735 1413 .·
1773 1384 1916 1426 neque
1951 1386 2021 1414 me
2043 1424 2047 1428 .

1131 1436 1279 1473 movet
1296 1433 1430 1473 lectio
1460 1433 1737 1488 Germanica,
1766 1435 1811 1476 in
1837 1448 1922 1490 qua
1941 1443 2023 1489 est,

1133 1495 1318 1546 tegebat..-
1346 1497 1427 1537 hoc
1441 1496 1555 1537 enim
1575 1498 1767 1550 tegebat,
1781 1511 1834 1539 ex
1852 1498 2039 1551 tenebat,¹

1133 1557 1293 1600 factum
1313 1565 1395 1611 est,
1413 1561 1665 1614 conjectura
1690 1560 1810 1602 facili
1837 1562 1912 1603 illa
1931 1563 2023 1615 qui·

1125 1621 1233 1662 dem
1264 1627 1310 1662 et
1338 1622 1596 1677 propinqua,
1635 1623 1748 1677 quod
1779 1623 1836 1665 ad
1873 1625 2035 1666 literas-

1135 1685 1310 1737 attinet,
1327 1686 1402 1726 sed
1420 1687 1533 1739 quod
1554 1687 1608 1727 ad
1625 1687 1745 1728 verbi
1765 1688 1850 1728 vim
1870 1694 1916 1730 et
1934 1701 2024 1729 ser·

1134 1749 1271 1790 monis
1290 1750 1471 1791 Romani
1490 1751 1856 1806 consuetudinem,
1885 1753 2025 1793 minus

1135 1817 1265 1864 apta;
1292 1813 1593 1856 crudelitatem
1611 1817 1739 1869 enim,
1756 1821 1831 1857 aut
1846 1817 2025 1858 crudele

1128 1887 1290 1917 nomen
1307 1876 1574 1918 humanitate
1589 1878 1741 1929 lenire,
1767 1880 2024 1925 convenien-

1128 1943 1205 1980 ter
1235 1945 1283 1981 et
1313 1941 1597 1982 translatione
1640 1942 1796 1983 illustri
1831 1942 2022 1983 dicitur:

1134 2005 1266 2052 tegere
1291 2014 1393 2044 vero
1422 2015 1507 2044 non
1535 2004 1652 2046 item.
1708 2005 1836 2048 Quod
1865 2005 1901 2043 si
1929 2005 2037 2057 quis.

1134 2065 1233 2106 huic
1250 2065 1380 2107 verbo
1398 2066 1517 2107 locus
1536 2073 1817 2120 quaereretur,
1846 2067 2024 2120 factum,

1136 2129 1212 2169 ant
1230 2127 1396 2169 facinus
1427 2129 1603 2170 crudele
1635 2130 1726 2181 tegi
1749 2130 1892 2182 aptius
1913 2131 2026 2172 dice-

1135 2195 1271 2242 retur,
1289 2203 1415 2244 qnam
1445 2204 1619 2244 nomen,
1651 2205 1748 2234 meo
1768 2193 1941 2248 quidem
1953 2195 2023 2246 ju-

1134 2253 1266 2295 dicio.
1293 2255 1477 2296 Lambin.

1191 2316 1479 2372 Suspexmnt]
1506 2319 1699 2372 Vulgati,
1715 2320 1971 2372 auspicerant.

1193 2380 1303 2423 CAP.
1320 2385 1364 2423 2.
1396 2382 1605 2423 Platonem
1627 2383 1840 2424 Tarentum
1855 2384 2024 2436 venisse]

1141 2443 1271 2487 Quod
1303 2457 1359 2486 ex
1389 2446 1525 2499 ipsius
1561 2447 1758 2488 Platonis
1788 2447 1842 2488 ad
1873 2448 2023 2489 Dionis

1141 2507 1404 2562 propinquos
1424 2509 1610 2561 epistola
1639 2509 1878 2562 intelligere
1905 2511 2025 2552 licet.

1141 2571 1323 2612 Lambin.
1398 2572 1530 2613 Venit
1565 2573 1821 2625 Tarentum,
1859 2575 1906 2615 L.
1945 2575 2026 2614 Ca-

1140 2633 1276 2684 millo,
1296 2634 1350 2674 P.
1371 2633 1553 2675 Claudio
1572 2635 1694 2676 Coss.
1715 2636 1883 2676 Cicero.
1918 2637 2025 2676 Cau-

1141 2707 1209 2736 sas
1240 2695 1522 2748 profectionis
1550 2704 1699 2739 narrat
1728 2699 1938 2751 Apuleius
1969 2699 2023 2739 de

1139 2758 1299 2811 Dogm.
1335 2760 1546 2812 Platonis,
1578 2762 1702 2814 cujus
1732 2763 1827 2803 haec
1861 2762 2024 2804 verba:

1137 2825 1151 2847 ⁸
1172 2822 1260 2863 Sed
1280 2822 1351 2863 ille
1370 2823 1541 2876 [Plato]
1565 2825 1703 2877 primo
1721 2825 1912 2865 historiae
1930 2837 2025 2878 gra·

1140 2887 1218 2939 tia,
1251 2892 1300 2927 ut
1332 2892 1531 2929 naturam
1567 2887 1708 2929 AEtnae
1742 2894 1790 2929 et
1824 2888 2026 2929 incendia

1139 2951 1317 2993 concavi
1329 2952 1488 2992 montis
1503 2951 1767 3005 intelligeret
1779 2965 1791 3002 ;
1821 2952 2027 3004 secundo,

1138 3015 1280 3067 petitu
1298 3015 1511 3069 Dionysii,
1527 3020 1577 3057 ut
1594 3015 1875 3068 Syracusanis
1896 3015 2024 3055 assis-

1140 3082 1273 3129 teret,
1290 3082 1360 3118 est
1390 3077 1628 3131 profectus,
1645 3084 1691 3119 et
1715 3083 1765 3119 ut
1790 3077 2026 3128 municipa-

1141 3141 1204 3182 les
1236 3142 1355 3195 leges
1401 3143 1492 3196 ejus
1539 3143 1773 3195 provincias
1819 3141 2026 3182 disceret.

1134 3204 1310 3245 'Tertius
1328 3205 1418 3258 ejus
1431 3206 1654 3258 adventus,
1667 3204 1904 3258 fugientem
1922 3204 2026 3244 Dio·

1141 3278 1239 3307 nem
1268 3268 1498 3319 impetrata
1517 3281 1542 3307 a
1560 3267 1772 3319 Dionysio
1792 3269 1933 3319 venia,
1952 3279 2026 3320 pa-

1142 3330 1236 3370 triae
1256 3341 1343 3370 suoe
1362 3330 1582 3371 reddidit.'
1621 3330 1741 3380 Maga

1195 3392 1461 3445 Adolescenti]
1503 3393 1665 3444 Dioni3
1694 3393 1781 3447 qui,
1814 3398 1864 3433 ut
1890 3393 2025 3434 tradit

1141 3457 1418 3509 Plutarchus,
1439 3457 1664 3499 Platonem
1689 3458 1868 3510 audivit,
1891 3458 2025 3510 prius-

1143 3532 1269 3574 quam
1290 3520 1419 3562 Plato
1437 3526 1661 3573 tyrannum
1677 3522 1951 3572 convenirct;
1968 3521 2024 3561 ab
2093 3514 2101 3523 ‘
