2326 3944
276 379 382 422 aiam
411 380 627 432 transiisse,
655 380 886 433 (quomodo
914 384 962 419 et
986 379 1164 432 Schiop-

283 442 586 494 pius'verisim.
604 455 638 484 1.
656 447 725 484 20.
757 456 781 483 e
812 443 924 483 libro
954 449 1102 483 vetere
1119 454 1164 482 e-

282 503 536 558 mendavit)
567 507 631 547 ita
662 507 777 547 enim
795 513 864 547 est
882 507 996 559 apud
1027 507 1162 547 Diod.

278 568 485 610 Siculum.
543 571 613 610 Sic
628 570 787 622 paullo
806 575 904 621 post
918 569 1031 610 dicit
1059 570 1162 609 Cor-

281 633 416 672 nelius
445 638 593 673 noster
618 633 631 656 ‘
653 632 707 673 ad
743 631 1034 673 Artaxerxem
1065 644 1162 672 eum

281 696 474 737 venissel
529 698 690 744 Verum
718 696 878 737 Xerxis
897 701 943 735 et
963 695 1163 736 Artaxer·

281 760 348 800 xis
364 761 578 801 nominum
601 760 715 813 apud
734 761 886 800 Persas
903 758 1165 811 permutatio

281 822 611 875 chronologiam
639 825 870 864 Persarum
897 834 982 861 non
1013 833 1164 873 parum

282 886 442 928 turbat.
507 888 758 937 Dissensum
791 892 983 927 veterum
1018 884 1165 926 Histo-

282 949 466 990 ricorum
485 962 614 1002 super
632 951 714 991 hac
738 963 785 990 re
815 950 977 990 indicat
995 959 1165 1001 qnoque

281 1011 502 1054 Plutarch.
538 1013 849 1063 Themistocle,
890 1023 1018 1064 quem
1056 1009 1166 1050 Aca-

281 1075 366 1116 tius
385 1077 439 1117 ad
454 1077 742 1129 Thucydidem
758 1076 990 1117 conciliare
1004 1073 1165 1115 studet.

282 1138 360 1179 Ait
378 1140 491 1180 enim
512 1140 566 1181 ad
586 1140 874 1181 Artaxerxem
892 1139 1075 1188 venisse,
1092 1138 1166 1191 qui

280 1215 376 1244 cam
398 1210 524 1256 patre
543 1211 648 1255 tum,
667 1210 766 1256 post
784 1202 952 1244 cladem
980 1201 1024 1240 in
1044 1200 1164 1243 Grae-

281 1266 352 1307 cia
382 1273 605 1320 acceptam
627 1269 783 1320 Remp.
818 1265 1016 1319 gesserit.
1058 1266 1165 1306 Em-

279 1331 394 1373 atius.
411 1332 634 1373 videndus
645 1332 814 1372 omnino
824 1331 978 1373 Petav.
989 1334 1108 1383 part.
1123 1332 1164 1371 2.

283 1394 456 1435 Ration.
476 1396 622 1447 Temp.
641 1396 717 1435 lib.
737 1407 808 1435 111.
827 1397 895 1434 10.
1077 1431 1079 1436 .

336 1458 554 1511 Thucydidi
578 1459 711 1511 credo]
763 1459 918 1499 Cicero
954 1456 1086 1498 etiam
1119 1456 1163 1496 in

282 1521 423 1563 Bruto
439 1523 738 1575 Thucydidem
768 1521 951 1574 plurima
967 1518 1053 1559 fide
1073 1518 1166 1571 dig·

282 1598 382 1626 num
402 1587 586 1639 putavit.
615 1587 732 1637 Mag.

337 1650 453 1695 Quod
487 1654 606 1690 «ποτε
645 1650 850 1701 proximus
891 1647 996 1699 erat]
1040 1646 1164 1688 Idem

281 1714 294 1738 ‘
318 1713 622 1766 Thucydidem
639 1713 784 1765 paullo
804 1717 935 1752 aetate
955 1709 1164 1762 posterio-

281 1787 369 1816 rem
382 1775 392 1791 ’
413 1776 519 1816 dicit
537 1776 581 1816 in
595 1777 748 1816 Bruto.
780 1776 1019 1821 Quodaetate
1032 1774 1166 1826 proxi-

280 1853 368 1882 mus
385 1841 490 1892 erat]
518 1843 586 1882 Ex
606 1842 689 1887 Ms.
710 1841 816 1883 Cod.
835 1841 948 1892 lege,
980 1839 1096 1891 Quod
1114 1852 1164 1878 oe·

280 1907 365 1944 tat'e
392 1904 596 1956 proximus
620 1904 669 1944 ab
685 1904 749 1943 his
768 1906 867 1943 erat.
903 1902 1049 1952 Ernst.
1077 1899 1165 1942 Alii

279 1966 378 2007 libri
410 1972 673 2020 excerpente
705 1967 758 2008 P.
782 1966 965 2006 Daniele
995 1965 1061 2004 De
1088 1964 1163 2005 his.

280 2029 484 2071 Schottus
505 2031 627 2071 addit
645 2031 700 2071 de
721 2032 803 2071 Ms.
821 2042 896 2070 suo
913 2042 977 2082 pr.
994 2033 1081 2069 erat
1099 2029 1164 2070 iis.

280 2094 468 2146 Vulgata
485 2101 553 2135 est
571 2095 806 2134 verissima.
837 2093 1038 2133 Gebhard.

332 2156 623 2208 Artaxerxem]
656 2158 814 2198 Xerxis
832 2156 981 2206 filiuni,
1001 2155 1072 2207 qui
1090 2169 1163 2204 μα.-

279 2218 436 2272 κρόχειρ
453 2228 735 2273 cognomento
752 2220 893 2261 dictus
924 2223 1005 2259 est.
1061 2218 1164 2259 Plu

283 2283 417 2324 tarch.
457 2282 650 2334 ἂποφθεγ.
682 2287 821 2330 βασιλ.
861 2282 1162 2323 Lambin.1n

281 2377 406 2417 Tarih
427 2377 586 2417 dicitur
607 2381 734 2448 &5
772 2396 908 2454 Μ
934 2376 1020 2416 Kai
1047 2377 1161 2416 Bah-

281 2480 395 2520 man,
410 2475 691 2521 cognomento
712 2469 849 2508 Daras
864 2470 992 2514 Dast,
1018 2468 1060 2508 id
1085 2474 1163 2520 est,

279 2532 583 2583 longimanum
638 2532 760 2572 Idem
788 2532 1057 2573 Artaxerxes
1089 2544 1161 2584 ap—

280 2595 540 2648 pellabatur,
567 2595 751 2637 Ebraice
777 2602 920 2637 autem
940 2596 1164 2636 Arthalas·

279 2660 372 2701 tah.
427 2660 540 2700 Vide
573 2672 669 2713 quae
697 2658 810 2700 infra
842 2661 855 2683 ‘
878 2661 946 2700 De
967 2659 1162 2712 regibus'

278 2722 534 2763 notavimus.

333 2784 469 2838 Atque
501 2786 564 2826 his
597 2785 727 2826 verbis
759 2783 961 2839 epistolam
994 2783 1162 2835 misisse]

282 2848 389 2889 Eam
405 2861 459 2889 ex
468 2849 718 2902 Thucydide
731 2849 914 2900 ascribo,
927 2854 974 2890 ut
989 2845 1163 2902 cognos-

281 2919 384 2954 cant
412 2915 597 2954 lectores
625 2920 787 2966 quanta
816 2913 1008 2964 puritate
1026 2918 1072 2955 et
1098 2913 1161 2954 fa·

280 2975 446 3017 cilitate
465 2989 601 3029 prope
622 2976 676 3015 ad
695 2977 873 3016 verbum
892 2988 917 3015 a
934 2975 1079 3016 Probo
1106 2977 1162 3017 sit

280 3050 306 3079 e
325 3039 484 3081 Graeco
503 3052 626 3080 versa
644 3054 653 3079 ε
668 3038 767 3079 ὀτι
786 3041 1054 3089 Θεμιστοκλῆς
1081 3039 1162 3087 ἥκω

279 3102 384 3155 παρὰ
401 3102 448 3143 σὲ
474 3102 518 3144 ὃς
543 3102 644 3144 κακὰ
667 3102 740 3153 μὲν
762 3105 934 3143 πλεῖστα
961 3101 1162 3149 Ἑλλήνων

281 3166 487 3217 εἴργασμαι
504 3166 576 3207 τὸν
596 3165 777 3219 ὑμένι-ερον
802 3164 921 3217 οἶκον,
959 3164 1051 3208 ὅσον
1067 3164 1160 3217 χρό·

225 3225 230 3233 “
279 3243 347 3268 νον
370 3230 441 3269 τὸν
468 3230 538 3270 σὺν
565 3229 714 3283 πατέρα
733 3228 890 3270 ἐπιόντα
908 3228 991 3279 ἐμοὶ
1008 3227 1160 3282 ἀνάγκη

279 3291 488 3342 ἠμυνόμην·
518 3294 620 3334 πολὺ
635 3295 667 3334 δ’
682 3293 739 3334 ἔτι
757 3293 880 3334 πλείω
893 3291 1037 3344 ἀγαθὰ,
1058 3292 1160 3332 ἐπει·

280 3354 328 3403 δ’),
347 3355 388 3395 ἐν
405 3358 462 3406 τῷ
477 3357 654 3407 ἀσφαλεῖ
678 3356 751 3407 μὲν
781 3356 878 3409 ἐμοὶ,
903 3355 1034 3406 ἐκείνῳ
1059 3354 1101 3396 δὲ
1120 3355 1161 3395 ἐν

280 3418 503 3471 ἐπικινδύνῳ
524 3420 645 3462 πάλιν
671 3422 697 3470 ἡ
723 3423 935 3473 ἀποκομιδῂ
966 3421 1161 3474 ἐγίγνετο.

280 3481 347 3524 καί
362 3497 429 3534 μοι
445 3483 646 3540 εὐεργεσίᾳ
670 3484 884 3541 ὀφείλεται,
900 3485 1071 3540 (γράψας
1088 3484 1162 3537 τήν

666 262 846 302 No'rAE
885 259 1219 300 VARIORUM
1254 259 1325 299 lu
1353 262 1423 300 C.
1446 261 1724 301 NEPO'rls

1223 393 1271 419 τε
1300 378 1345 419 ἐκ
1369 381 1590 428 Σαλαμῖνος
1615 377 1888 432 ,πραόγγελσιν
1915 378 1990 426 τῆς
2014 377 2108 420 ἅμα·

1223 441 1443 494 κυήσεως,
1474 442 1540 483 καὶ
1565 442 1640 490 τὴν
1665 445 1744 482 τῶν
1759 439 2003 493 ’νεφνρὸνῆι
2018 445 2109 496 tun·

1225 508 1296 547 δῶς
1313 506 1624 562 προσεποιήσατο
1641 505 1735 547 τότε
1753 507 1800 546 δι’
1818 505 2016 556 αὐτὸν,τοῦ
2022 505 2109 547 aad·

1224 570 1374 623 λυσιν,)
1405 570 1472 611 καὶ
1488 571 1557 611 νῦν
1575 569 1678 621 ἔχων
1707 583 1755 610 σε
1785 568 1945 619 μεγάλα
1978 570 2109 620 ἇγιθδ

1224 633 1376 686 δρᾶσαι,
1403 633 1573 686 πάρειμι,
1588 633 1813 683 διωκόμενος
1824 632 1896 673 ὑπὸ
1914 635 1996 673 τῶν
2016 633 2111 677 Ἕλ-

1225 695 1353 744 λήνων
1377 697 1440 738 διὰ
1464 697 1539 746 τὴν
1565 697 1641 746 σὴν
1664 697 1814 749 φιλίαν.
1853 695 2049 746 βούλομαι
2057 695 2108 738 ’δ’

1226 759 1400 800 ἐνιαυτὸν
1420 761 1608 812 ἐπισχὼν,
1627 759 1742 801 αὐτός
1758 773 1822 799 σοι
1842 758 1929 813 περὶ
1947 757 2000 801 ὗν
2013 758 2111 809 ἦκα,

1226 825 1411 870 δηλῶσαι.
1438 824 1607 875 Longnl.

1281 886 1566 938 Postquam-in
1584 890 1680 927 tuto
1711 887 1812 939 ipse]
1851 886 1929 925 Vir
1954 885 2020 927 Cl.
2050 886 2110 926 le·

1227 949 1411 1001 gendum
1431 949 1635 1001 couJecit,
1657 953 1866 1001 postquam
1880 950 1924 989 in
1939 953 2030 989 tata
2048 951 2110 1001 ip·-

1225 1026 1271 1053 sa
1281 1027 1299 1061 ‚-
1326 1013 1382 1053 de
1416 1013 1559 1064 patria
1588 1012 1732 1052 sentit.
1786 1011 1859 1052 Sic
1888 1016 1937 1052 et
1960 1011 2109 1064 ,aptius

1227 1077 1416 1118 cohaeret
1435 1079 1587 1118 oratio.
1644 1077 1741 1117 Nisi
1773 1081 1917 1116 tamen
1945 1075 2111 1128 Nepoti

1226 1141 1519 1194 Thucydidaea
1543 1141 1623 1181 illa.
1641 1140 1884 1192 exprimere
1904 1140 2113 1180 constitu·

1227 1209 1340 1244 tum:
1370 1203 1547 1245 Ἐπειδὰν
1561 1204 1602 1243 ἐν
1620 1204 1797 1255 ἀσφαλεῖ
1815 1200 1888 1251 μὲν
1901 1198 2000 1253 ἐμοὶ,
2011 1199 2114 1242 ἐκώ·

1227 1283 1278 1319 νῳ
1304 1267 1347 1308 δὲ
1375 1269 1417 1308 ἐν
1451 1266 1671 1318 ἐπικινδύνῳ
1697 1264 1819 1306 πάλιν
1844 1265 1870 1314 ἦ
1895 1263 2110 1315 hanam&

1225 1330 1419 1383 ἐγίγνετο.
1460 1331 1530 1383 Ad
1550 1331 1702 1383 prioris
1719 1330 1982 1382 conjecturae
1997 1338 2114 1368 men-

1225 1400 1312 1435 tem
1330 1394 1491 1447 oppido
1510 1394 1795 1434 Plutarchus:
1820 1390 1922 1432 ’Ὀτε
1933 1392 2004 1440 τῆς
2017 1390 2111 1432 ‘m-

1225 1456 1345 1499 λάδος
1366 1459 1407 1498 ἐν
1422 1457 1598 1508 ἀσφαλεῖ
1611 1454 1838 1508 γενομένης,
1854 1453 2033 1508 πόρω-χε
2056 1454 2111 1495 τὰ

1224 1520 1322 1562 οἴκοι
1356 1520 1559 1572 σωζόμενα
1587 1519 1823 1573 χαρίσασθαί
1845 1535 1887 1560 τι
1916 1518 1984 1560 καὶ
2009 1520 2111 1570 ὑμῖν.

1224 1585 1447 1626 Boeclerus

1281 1650 1332 1689 In
1368 1650 1508 1689 Asiam
1542 1631 1687 1688 reverti
1721 1613 1853 1698 vellet]
1911 1646 1991 1687 Ita.
2020 1646 2108 1690 ms.

1223 1711 1426 1752 Schottus
1462 1712 1505 1751 iu
1545 1712 1708 1763 scripto
1746 1709 1908 1751 Codice
1943 1710 2110 1767 reperit

1225 1778 1342 1829 nollet
1356 1789 1372 1823 ,·
1400 1761 1527 1828 idque
1560 1774 1794 1815 convenire
1819 1778 2017 1814 autumat
2041 1774 2111 1825 iis,

1228 1852 1323 1892 quae
1352 1839 1463 1879 dixit
1501 1839 1662 1879 Noster
1693 1849 1790 1888 cap.
1816 1840 1858 1875 ὅ.
1897 1835 2109 1887 Τίωηίδοο

1225 1904 1560 1944 Themistoclem
1589 1915 1642 1942 ne
1673 1906 1972 1954 perseveraret
1995 1900 2109 1942 Xer-

1226 1980 1301 2007 xes
1322 1967 1496 2006 bellare.
1539 1966 1662 2006 Idem.
1678 1982 1681 1984 ⁴
1705 1998 1710 2002 .

1279 2034 1346 2074 Aa
1365 2037 1402 2072 te
1416 2030 1596 2082 confugi]
1626 2029 1823 2081 T-liucyd
1842 2026 2019 2080 Πόρειμι,
2036 2029 2108 2068 ad-

1188 2085 1190 2087 *
1223 2108 1321 2136 sum.
1389 2096 1585 2136 Fortasse
1627 2092 1871 2173 legendum,
1908 2090 2108 2142 confagio.

1225 2159 1470 2201 Lambinus.

1279 2224 1524 2274 Exagitatus
1540 2233 1566 2260 a
1582 2223 1722 2260 cuncta
1742 2217 1919 2270 Groecia]
1947 2218 2108 2258 Trana·

1224 2286 1328 2325 latio
1349 2298 1373 2326 a
1391 2283 1683 2333 venatoribus,
1715 2283 1787 2335 qui
1819 2286 2014 2322 exactam
2033 2293 2108 2322 cu·

1222 2349 1380 2389 bilibus
1414 2348 1499 2388 suis
1531 2346 1665 2386 feram
1698 2345 1851 2386 nullibi
1885 2343 2108 2396 patiuntur

1223 2413 1475 2460 consistere,
1504 2409 1639 2450 donee
1665 2410 1708 2448 in
1740 2413 2000 2461 potestatem
2034 2419 2108 2448 ve-

1223 2475 1327 2516 niat.
1385 2474 1514 2515 ovid.
1541 2474 1626 2512 ‘Et
1655 2474 1780 2524 lepus
1808 2472 1877 2512 hic
1907 2470 2000 2512 aliis
2032 2482 2107 2511 ex·

1224 2540 1409 2591 agitatus
1428 2537 1538 2578 erit!
1572 2537 1773 2577 Gebhard.

1283 2602 1405 2642 Tuam
1421 2606 1555 2653 petens
1564 2598 1799 2650 amicitiam]
1826 2598 1924 2639 Hoc
1936 2596 2106 2638 addidit

1226 2665 1280 2706 de
1295 2678 1371 2705 suo
1390 2664 1572 2705 Probus.
1627 2664 1725 2704 Non
1751 2661 1864 2703 enim
1895 2659 2106 2711 credibile

1224 2733 1307 2781 est,
1324 2741 1420 2770 eum
1439 2727 1573 2768 verba
1588 2727 1660 2766 illa
1676 2726 1849 2775 Graeca,
1866 2722 1928 2763 διὰ
1941 2722 2017 2772 τὴν
2030 2722 2106 2771 σὴν

1224 2790 1374 2843 φιλίαν,
1394 2791 1545 2832 Latine
1565 2789 1818 2839 reddidisse,
1845 2791 1957 2827 taam
1969 2791 2108 2839 petens

1223 2856 1452 2897 amicitiam.
1479 2854 1614 2896 Idem.
1650 2851 1838 2901 Deinde,
1854 2850 2008 2890 Graece
2020 2861 2107 2891 am-

1222 2918 1402 2970 biguum
1435 2923 1520 2968 est,
1554 2929 1654 2957 num
1674 2921 1855 2967 propter
1874 2911 2105 2952 amicitiam

1223 2995 1348 3035 quam
1368 2994 1465 3022 cnm
1487 2991 1591 3032 rege
1607 2978 1833 3019 dicebatur
1850 2975 2029 3026 habere,
2049 2986 2106 3016 an

1222 3044 1424 3085 amicitiae
1455 3042 1655 3083 ineundae
1688 3052 1785 3081 cnm
1816 3040 1936 3091 Rege
1962 3038 2107 3091 gratia

1221 3107 1402 3148 venerit.
1429 3106 1591 3156 Lougoi.
2019 3100 2030 3105 ”

1279 3170 1387 3215 Quas
1404 3173 1528 3210 tecum
1539 3167 1701 3219 colloqui
1713 3165 1814 3216 volo]
1834 3164 1928 3217 Περὶ
1944 3162 1998 3206 ὅν
2008 3164 2105 3214 ἥκω.

1221 3231 1413 3285 Thucyd.
1484 3229 1709 3282 Legendus
1755 3228 2011 3269 Plutarchus
2055 3228 2104 3270 in

1221 3296 1520 3346 Themistocle,
1541 3300 1587 3335 et
1606 3295 1649 3334 in
1669 3292 2103 3346 apophthegmatibus

1223 3359 1416 3412 Reguin3
1446 3371 1529 3412 quo
1548 3358 1644 3398 loco
1663 3356 1858 3397 similiter
1875 3356 1981 3396 illud
2003 3367 2102 3408 pro-

1222 3422 1310 3464 fert
1329 3423 1383 3463 de
1417 3423 1504 3464 tela
1535 3426 1760 3463 contracta
1789 3425 1835 3461 et
1865 3419 2109 3473 explicata,

1221 3488 1268 3530 in
1281 3498 1373 3541 qua
1387 3486 1508 3531 varia
1522 3484 1720 3527 animalia
1738 3488 1837 3533 sunt
1853 3495 1934 3525 acu
1952 3483 2102 3538 pictas
2174 3487 2180 3490 ’
