2306 3900
307 252 415 306 722
856 266 1180 307 REGENSUS
1227 264 1583 309 Enl'rloNUM'

323 451 326 456 ¹
365 399 378 418 ‘
402 391 548 458 Probi
587 390 764 438 AEmilii
791 390 851 439 de
879 392 1091 444 virorum
1127 393 1464 445 excellentium
1491 395 1588 443 vita
1615 412 1700 460 per
1731 395 2137 463 Nicolaumjgn-

369 489 478 522 son.
506 472 720 522 venetiis
743 489 870 537 opus
893 473 1101 523 teliciter
1119 491 1400 539 expressum
1421 483 1496 526 est
1517 493 1640 526 anno
1664 494 1692 525 a
1719 476 1905 526 Christi
1921 477 2142 527 inuma-

372 553 505 601 tioue
532 567 597 600 M.
626 567 782 603 cccc.
816 569 976 604 Lxxt.
1004 569 1116 604 vlu
1140 557 1258 605 ldus
1277 558 1811 607 Martias.’—Laudata
1837 557 2038 622 quidem
2063 567 2141 608 est

371 635 475 682 haec
503 634 755 682 Maittario
778 644 828 684 et
853 636 1080 686 Fabricio
1105 637 1152 685 in
1178 640 1358 702 Suppl.
1388 640 1497 687 Vol.
1527 640 1609 687 ult.
1637 656 1718 688 an.
1752 647 1897 698 1721,
1932 638 2061 704 [vol.
2098 652 2139 687 1.

368 732 420 780 p.
450 722 562 765 103.
589 714 684 763 Ed.
711 717 901 766 Ernest.
935 718 1104 781 1773.]
1131 718 1216 767 sed
1242 735 1271 767 a
1306 720 1495 768 nemine
1536 721 1756 785 inspecta
1779 729 1892 769 ante
1917 719 2141 784 Vulpios,

370 804 619 845 curatores
638 797 886 847 Patavinae
916 805 1063 855 1720.
1096 808 1145 849 et
1189 801 1257 848 cl.
1285 801 1581 859 Fiwherum,
1625 800 1707 866 qui
1731 801 1895 851 denuo
1917 802 2141 860 contulit,

369 886 419 926 et
439 896 499 927 ex
548 879 680 926 bono
718 880 891 928 codice
936 897 1124 928 summa
1173 880 1270 930 fide
1314 882 1360 928 h.
1394 898 1438 928 e.
1487 881 1822 944 superstitiose
1869 899 2143 947 expressam

372 958 602 1008 ostendit.
644 959 754 1007 Fuit
794 960 842 1007 in
882 960 1185 1010 bibliotheca
1221 962 1300 1010 Jo,
1351 962 1480 1009 Dan.
1522 962 1693 1011 Ritteri
1737 963 1857 1023 Jcti,
1926 963 2038 1011 hinc
2095 966 2144 1011 in

370 1040 651 1104 Kappiana.
771 1101 774 1103 ‚
1585 1038 1597 1046 ’

306 1121 414 1168 Hac
439 1121 660 1186 principe
685 1121 829 1185 longe
853 1121 1129 1186 antiquiora
1153 1122 1254 1171 duo
1279 1122 1469 1171 diversa
1492 1123 1716 1188 exempla
1749 1123 1861 1172 vitae
1888 1124 2057 1183 Attici,
2096 1132 2148 1175 et

374 1200 570 1249 circiter
592 1217 669 1249 an.
702 1200 847 1252 1462.
874 1203 1122 1266 exscripta
1162 1210 1329 1252 censet
1355 1203 1418 1252 cl.
1451 1204 1531 1254 Jo.
1575 1204 1726 1254 Henr.
1767 1203 2069 1269 Schlegelius
2099 1205 2148 1252 in

374 1282 500 1330 obs.
542 1281 657 1330 hist.
697 1290 746 1330 et
785 1282 895 1331 crit.
933 1284 981 1331 in
1004 1284 1153 1332 Corn.
1189 1285 1435 1349 Nepotem
1476 1301 1591 1350 pag.
1635 1293 1800 1344 28-49.
1833 1287 2014 1335 Forsan
2054 1288 2148 1334 ista

375 1363 666 1428 prodierunt
713 1364 919 1427 primum
963 1381 1079 1413 cura
1123 1366 1295 1414 Franc.
1335 1366 1576 1430 Philelphi
1618 1374 1731 1414 ante
1773 1360 1950 1414 annum
2003 1373 2147 1424 1475.

378 1445 581 1492 alterum
613 1446 722 1494 Jac.
773 1445 1008 1503 Becheti;
1057 1447 1199 1510 cujus
1241 1446 1500 1511 utrIusque
1543 1464 1659 1511 epp.
1701 1447 1952 1512 excipiunt
1999 1446 2148 1495 vitam

374 1524 527 1574 Attici
552 1526 602 1573 in
625 1526 706 1574 ed.
728 1525 1021 1575 Corneriana
1047 1545 1084 1575 s.
1104 1544 1149 1576 a.
1170 1535 1219 1576 et
1241 1527 1272 1576 l.
1300 1527 1397 1576 vid.
1425 1527 1548 1575 infra
1574 1528 1666 1576 sub
1687 1544 1767 1575 an.
1792 1534 1939 1585 1499.
1982 1528 2153 1576 Schle-

377 1605 534 1669 gelius
562 1606 757 1655 tertium
798 1607 1070 1671 exemplum
1099 1607 1301 1671 profert,
1340 1607 1474 1671 quod
1517 1607 1562 1655 in
1589 1607 1726 1656 calce
1754 1607 1881 1654 hunc
1905 1607 2150 1672 epilogum

350 1703 352 1705 ’
379 1688 560 1736 habet:
599 1693 612 1712 ⁴
638 1690 712 1736 M.
754 1687 903 1735 Tullii
941 1687 1190 1736 Ciceronis
1229 1687 1290 1735 ad
1312 1687 1555 1745 Atticum,
1594 1688 1816 1745 Brutum,
1837 1694 1888 1735 et
1913 1687 2150 1743 Quintum

380 1757 578 1817 fratrem
620 1786 733 1817 cum
770 1769 922 1833 ipsius
949 1769 1115 1818 Attici
1138 1769 1240 1816 vita
1283 1767 1488 1815 feliciter
1528 1767 1800 1832 expliciunt
1826 1778 2151 1816 Mccchxx.

367 1845 598 1899 ⁴Venetiis
624 1867 713 1915 per
750 1849 864 1899 Nic.
903 1852 1185 1901 Jensonum.
1226 1851 1470 1907 Quartum
1503 1849 1776 1912 exemplum
1815 1865 1844 1897 a
1880 1848 2157 1912 Schlegelio

383 1931 637 1980 laudatum
657 1931 921 1981 referemus
943 1948 1073 1981 anno
1096 1947 1185 1979 suo
1217 1937 1362 1988 1478.
1404 1929 1484 1978 Cf.
1527 1929 1589 1978 cl.
1635 1928 1844 1977 Harlesii
1878 1927 2070 1978 lutrod.
2107 1928 2156 1976 in

383 2014 605 2063 notitiam
629 2013 702 2062 lit.
730 2014 876 2063 Rom.
902 2013 960 2062 P.
982 2026 1021 2061 1.
1049 2029 1100 2076 p.
1125 2019 1240 2062 384.

328 2101 453 2151 1473
480 2095 668 2144 Veneta
694 2107 760 2144 11.
785 2094 872 2144 fol.
899 2094 964 2142 ab
985 2094 1092 2157 ipso
1110 2095 1323 2142 Jensono
1340 2108 1528 2140 recusa.
1556 2092 1789 2157 Inspecta
1805 2091 1884 2140 Jo.
1907 2090 2156 2148 Santoni,

383 2174 560 2225 editori
589 2176 793 2242 Nepotis
824 2175 968 2226 1602.

327 2258 453 2314 1476
479 2259 662 2307 Veneta
692 2273 784 2308 111.
812 2258 899 2306 fol.
926 2256 1143 2314 Jensoni,
1170 2256 1346 2304 collata
1374 2256 1511 2304 Hier.
1540 2255 1723 2318 Magio,
1748 2253 2092 2303 editori1563.

326 2346 452 2396 1478
476 2340 707 2398 Venetiis,
760 2339 842 2388 fol.
873 2339 984 2387 Vita
1030 2338 1185 2387 Attici
1230 2353 1342 2385 cum
1393 2337 1602 2383 virorum
1655 2334 1914 2383 illustrium
1953 2333 2061 2382 vitis
2101 2349 2160 2380 ex

389 2420 658 2469 Plutarcho
683 2421 868 2470 Graeco
910 2418 958 2467 in
984 2419 1092 2467 Lat.
1119 2417 1435 2466 versis—Per
1481 2415 1648 2464 Nicol.
1689 2416 1873 2464 Jenson
1907 2413 2159 2463 Gallicum

391 2501 608 2550 Venetiis
632 2502 880 2566 impressae
900 2513 1344 2551 MCCCCLxxvnr.
1371 2498 1423 2547 d.
1450 2512 1532 2547 xl.
1559 2499 1760 2548 Januar.
1789 2495 2039 2546 Harlesius
2057 2495 2090 2545 l.
2115 2513 2162 2544 c.

390 2600 451 2632 ex
477 2582 768 2647 Schlegelio.
1763 2573 1769 2577 ⁵
2055 2579 2057 2582 ⁴

330 2670 459 2714 1480
487 2664 782 2722 Parmensis,
808 2663 892 2712 fol.
918 2661 1095 2712 AEmilii
1117 2660 1266 2711 Probi
1292 2660 1423 2719 vitae,
1448 2663 1544 2709 διο.
1566 2658 1723 2707 indice
1743 2658 2014 2708 Maittario.

333 2750 461 2802 1490
486 2745 672 2803 Romae,
708 2745 795 2794 fol.
840 2745 953 2793 Vita
991 2742 1149 2793 Attici
1191 2759 1278 2807 per
1328 2742 1622 2808 Magistrum
1666 2739 1963 2788 Eucherium
2011 2738 2167 2788 Silber

393 2824 509 2873 alias
536 2825 738 2875 Franck.
763 2826 971 2890 Adjecta
994 2824 1055 2873 ad
1094 2823 1278 2872 calcem
1306 2824 1435 2887 Epp.
1468 2819 1719 2870 Ciceronis
1742 2818 1803 2867 ad
1842 2819 2064 2877 Brutum,
2100 2819 2167 2875 Q.

395 2905 609 2963 fratrem,
631 2906 915 2964 Octavium,
958 2913 1007 2954 et
1031 2904 1270 2953 Atticum.
1298 2902 1503 2965 (Nescio
1529 2917 1590 2950 an
1615 2901 1721 2949 haec
1749 2900 1811 2948 sit
1834 2898 1916 2948 illa
1946 2899 2168 2948 Romana

399 3002 532 3050 saepe
557 2987 757 3037 laudata
789 2988 836 3037 J.
881 2990 942 3036 A.
986 2985 1149 3045 Bosio,
1190 3000 1301 3050 quae
1341 2985 1388 3032 in
1434 2981 1745 3032 Bibliotheca
1780 2978 1939 3029 Acad.
1990 2980 2169 3029 Jenens

397 3077 584 3116 servata
608 3069 771 3117 denuo
795 3067 979 3132 profuit
1001 3069 1048 3117 J.
1075 3067 1151 3114 M.
1178 3063 1523 3128 Heusingero.)

331 3162 370 3194 s.
395 3146 429 3195 l.
451 3155 500 3196 et
517 3163 562 3198 a.
594 3148 812 3214 Exempli
852 3147 1000 3212 hujus
1039 3145 1249 3195 Romani
1285 3143 1513 3209 repetitio
1539 3143 1672 3191 facta
1698 3156 1786 3206 per
1809 3139 2027 3190 Barthol.
2053 3136 2171 3186 Sali-

402 3237 565 3279 cetum
593 3232 782 3280 Bonon.
821 3237 870 3278 et
911 3230 1065 3279 Corn.
1101 3226 1327 3291 Regium,
1354 3223 1438 3273 sed
1466 3223 1768 3273 correctione
1792 3219 2034 3277 adhibita,
2058 3232 2169 3282 quae

404 3309 600 3359 videtur
620 3329 724 3361 esse
750 3313 928 3375 Pomp.
955 3309 1096 3360 Laeti.
1120 3306 1325 3370 (Nescio
1350 3322 1411 3355 an
1437 3304 1656 3355 Venetiis
1680 3302 1902 3370 prodiit.)

342 3394 468 3446 1498
498 3391 689 3451 Brixiae,
716 3410 805 3458 per
837 3381 969 3444 Jacs
993 3388 1327 3440 Britannicum
1363 3404 1442 3436 an.
1486 3397 1783 3436 Μοοοοιιο.
1807 3383 2055 3447 impressa.
2089 3378 2167 3428 Sic
