2306 3900
749 285 889 324 ΧΧι.
955 282 1176 334 REGES,
1216 285 1353 324 cAP.
1391 271 1443 324 3.

175 404 435 448 beatissimas
480 403 698 446 civitatis!
770 403 855 444 ..De
901 403 1057 444 Natur.

175 471 312 511 Deor.
323 480 397 509 ιιι.
417 469 431 492 ‘
446 468 576 509 Hunc
592 467 722 519 igitur
732 478 814 508 nec
826 464 1057 517 Olympius

174 532 352 585 Jupiter
398 530 628 584 percussit,
670 541 751 570 nec
786 527 1057 580 AEsculapius

174 595 327 636 misero
371 594 659 645 diuturnoque
688 592 837 633 morbo
870 592 1058 633 intabes-

173 663 345 699 centem
373 699 376 702 Α
409 656 652 707 interemit:
715 660 845 708 atque
890 654 935 694 in
979 666 1057 695 suo

172 720 339 762 lectulo
357 723 551 761 mortuus
578 730 674 760 cum
707 716 986 770 tympanidiis
1013 717 1057 757 in

172 796 321 837 rogum
350 783 494 824 illatus
525 786 621 823 est:
651 793 834 834 eamque
865 786 1057 834 potesta-

174 852 279 897 tem,
291 857 418 899 quam
433 845 527 897 ipse
539 856 617 896 per
627 845 766 884 scelus
782 848 878 885 erat
888 848 1058 895 nactus,

172 908 294 963 quasi
313 909 478 961 justam
499 913 546 949 et
563 907 815 960 legitimam,
831 906 1060 947 haeredita-

175 973 232 1015 tis
249 973 362 1021 loco,
381 971 470 1013 filio
485 970 695 1013 tradidit!
731 970 912 1012 Lambini.

232 1035 374 1077 Tribus
387 1034 594 1087 uxoribus]
627 1034 640 1058 ‘
657 1033 827 1076 Habuit
840 1033 943 1074 duas
958 1045 1060 1076 uxo·

175 1111 262 1150 res,
305 1097 648 1149 Aristomachen,
678 1095 816 1138 civem
845 1108 980 1148 snam,
1012 1102 1060 1138 et

175 1161 381 1203 Doridem
413 1156 705 1202 Locrensem!
757 1158 900 1201 Cicer.
928 1158 1060 1201 Diod.

175 1224 399 1266 Plutarch.
427 1275 433 1281 ι
457 1222 596 1264 Addit
630 1222 840 1273 AEIianus,
878 1222 1059 1263 alteram

174 1299 272 1330 eum
302 1291 498 1328 secutam
526 1287 570 1327 in
598 1291 758 1337 castra,
786 1286 967 1327 alteram
995 1297 1060 1326 re-

173 1355 416 1392 vertentem
444 1349 684 1403 excepisse.
746 1349 850 1390 Var.
892 1348 1059 1390 Histor-

177 1425 287 1457 xm.

227 1476 393 1518 Liberos
402 1475 662 1539 procreasset]
677 1477 826 1528 Nepos
837 1475 881 1516 in
895 1476 1059 1523 Dione:

175 1540 188 1564 ‘
207 1539 554 1592 Aristomachen,
579 1551 768 1581 sororem
787 1539 963 1591 Dionis,
987 1540 1062 1582 ha·

175 1603 272 1646 buit
288 1603 333 1644 in
351 1603 638 1655 matrimonio,
650 1615 705 1644 ex
719 1616 807 1657 qua
819 1604 925 1645 duos
937 1602 1062 1655 filios,

176 1665 468 1719 Hipparinum
487 1671 535 1708 et
555 1667 766 1719 Nysaeum
794 1666 929 1718 [hunc
949 1667 1061 1707 Nar·

175 1741 310 1771 saeum
347 1735 477 1771 vocat
512 1728 755 1781 Diodorus]
785 1729 1062 1781 procreavit;

178 1792 451 1845 totidemque
490 1791 619 1844 filias,
672 1793 978 1846 Sophrosynen
1015 1798 1064 1835 et

177 1853 372 1896 Areten.’

181 1954 184 1956 ,
233 1917 402 1959 Cain&
430 1916 884 1959 ExamioisAlexoadv-s‘
898 1916 1063 1970 Magni]

175 1983 243 2032 Ἐξ
261 1980 437 2033 ἑταίρων.
485 1980 670 2023 Lambin.
733 1982 852 2024 Quos
869 1993 1002 2034 supra
1019 1981 1064 2021 in

177 2048 372 2091 Eumene
400 2052 413 2070 ‘
428 2037 688 2087 familiares'
723 2051 870 2088 vocat.
922 2046 1064 2099 Sulpi-

177 2112 268 2154 cius
292 2111 399 2154 alibi
424 2112 438 2134 ‘
460 2108 633 2162 servos,'
660 2110 705 2150 id
723 2115 808 2160 est,
827 2109 999 2159 aulicos,
1017 2114 1064 2150 et

177 2174 283 2216 alibi
307 2174 321 2196 ‘
341 2172 605 2226 stipatores.’
665 2171 890 2225 Signifioet
917 2178 1064 2214 autem

178 2236 407 2289 Principes
426 2242 473 2278 et
502 2236 646 2276 Duces
676 2235 895 2276 exercitus
915 2236 1063 2276 Mace·

175 2299 341 2351 donici,
366 2300 440 2353 qui
473 2299 562 2352 ejus
581 2299 871 2340 venerationis
902 2310 953 2340 ac
979 2298 1064 2339 vir·

176 2361 285 2404 tutis
320 2366 463 2414 erant,
495 2367 544 2402 ut
575 2362 764 2413 singulos
794 2361 939 2414 Reges
966 2373 1064 2402 esse

178 2430 373 2477 putares,
387 2425 448 2466 ait
458 2424 488 2467 J
492 2424 621 2465 nstin.
632 2424 708 2465 lib.
723 2435 830 2466 1111.
874 2425 1064 2466 Damius.

180 2489 278 2530 Hoc
312 2489 496 2530 innuunt
539 2487 661 2540 pueri
702 2487 894 2528 illustres
929 2486 1064 2529 συνέκ·

177 2558 330 2603 wopan,
357 2562 391 2591 1.
421 2550 621 2591 Machab.
649 2560 683 2590 1.
712 2561 824 2590 vers.
842 2553 883 2590 7.
913 2550 1065 2603 quibus

177 2616 189 2638 ‘
207 2614 357 2656 divisit
394 2624 575 2664 regnum
612 2624 750 2663 suum,
786 2612 889 2653 dum
925 2613 1065 2654 adhuc

181 2674 377 2716 viveret.’
436 2673 548 2715 Inde
590 2674 813 2727 aliquanto
852 2680 1067 2727 tempore,

180 2741 272 2781 sine
318 2738 598 2791 usurpatione
643 2739 798 2791 regali,
841 2744 1066 2792 susceptas

180 2809 329 2857 partes
356 2807 715 2855 procuraverunt,
746 2802 944 2844 Arridaeo
963 2815 1067 2856 quo·

177 2868 277 2909 dam
296 2866 514 2918 Philippo,
527 2863 767 2906 Alexandri
787 2865 945 2917 fratre,
970 2878 1065 2919 reg-

119 2971 122 2973 .
178 2934 327 2980 nante,
344 2928 416 2969 cui
438 2927 736 2980 perimbecillo
763 2928 896 2969 verbo
915 2928 1067 2970 datum

181 2992 407 3046 imperium
427 2991 667 3043 videbatur,
683 3001 751 3031 res
770 2996 914 3033 autem
934 3003 1067 3044 penes

181 3068 254 3097 eos
287 3060 401 3106 erat,
431 3055 504 3108 qui
533 3054 615 3095 sibi
646 3054 886 3096 exercitum
904 3060 951 3095 et
970 3066 1068 3107 pro-

181 3118 345 3159 vincias
380 3117 707 3160 distribuerant.
771 3118 930 3172 Neque
963 3130 1068 3159 vero

181 3182 250 3223 hic
270 3192 411 3222 rerum
433 3185 571 3221 status
603 3181 676 3221 diu
706 3181 883 3233 mansit,
905 3193 1070 3222 omnes-

182 3256 266 3298 que
312 3256 359 3284 se
401 3254 527 3295 reges
561 3243 774 3295 appellari
809 3243 1069 3285 maluerunt.

183 3308 346 3360 Sulpic.
420 3306 579 3359 Itaque
614 3304 866 3347 Alexandro
896 3312 1069 3347 mortuo

183 3371 296 3411 servi
315 3369 426 3423 ejus,
444 3373 658 3420 occupato
670 3379 750 3408 suo
760 3366 938 3421 quisque
959 3369 1071 3421 loco,

184 3444 331 3474 omnes
386 3432 467 3473 sibi
512 3431 710 3472 diadema
759 3431 1069 3483 imposuerunt.

186 3493 353 3538 Auctor
398 3494 599 3538 Machab.
657 3494 822 3536 Gentes
870 3494 1069 3536 subactas

1895 269 2003 323 633

1123 401 1362 442 dlviserunt
1380 401 1424 441 in
1441 400 1680 453 Satrapias,
1700 397 1914 440 Perdicca
1939 399 2002 438 di-

1120 465 1273 514 visore,
1292 477 1347 506 ex
1368 464 1632 505 auctoritate
1659 462 1865 516 Philippi.
1915 461 2003 514 Ap·

1120 528 1236 581 pian.
1292 529 1512 569 Caeterum
1539 528 1632 568 haec
1658 526 1921 567 Monarchiae
1940 526 2004 566 di-

1120 590 1227 631 visio
1254 602 1339 632 non
1371 590 1457 631 fuit
1482 590 1787 637 substantialis,
1815 589 1890 630 sed
1910 594 2004 630 tan·

1119 659 1211 695 tum
1253 652 1549 694 accidentalis.
1631 653 2003 695 Quemadmodum

1117 715 1233 757 ‘enim
1265 715 1518 756 Monarchia
1541 714 1682 767 prima
1712 720 1813 768 post
1839 716 2003 757 obitum

1118 778 1400 831 Sardanapali
1413 788 1499 819 non
1509 777 1635 820 finita
1643 776 1743 832 fuit,
1754 779 1829 819 sed
1839 778 1884 819 in
1898 778 2005 819 duos

1120 843 1240 898 qnasi
1263 854 1402 883 ramos
1419 842 1571 895 divisa,
1598 843 1659 883 sic
1683 843 1816 884 etiam
1830 844 2006 884 Monar-

1095 913 1097 920 ’
1119 907 1257 954 chiam
1277 906 1467 957 tertiam,
1500 905 1709 947 defuncto
1737 905 2003 956 Alexandro,

1120 983 1204 1013 non
1240 969 1414 1013 sustulit
1443 969 1534 1022 ejus
1565 969 1610 1010 in
1641 973 1825 1022 quatuor
1862 973 2007 1021 partes

1121 1034 1360 1075 distractio.
1409 1033 1667 1086 Quanquam
1694 1031 1845 1072 harum
1864 1033 2008 1084 Reges

1120 1097 1244 1138 simul
1256 1093 1400 1149 juncti
1418 1106 1502 1137 non
1515 1101 1753 1148 regnarunt
1771 1095 2007 1136 secundum

1122 1160 1366 1214 potentiam.
1382 1158 1637 1212 Alexandri,
1660 1170 1746 1213 qua
1765 1158 2009 1199 dominatus

1122 1229 1204 1266 est.
1257 1224 1317 1264 Et
1337 1222 1401 1264 sic
1421 1226 1609 1276 quatuor
1635 1227 1786 1275 partes
1805 1222 1908 1273 illae,
1925 1234 2010 1263 non

1122 1286 1424 1342 κεχωρισμένως,
1443 1286 1521 1328 sed
1542 1285 1742 1337 ἡνωμένους
1760 1286 2008 1328 considera-

1122 1357 1197 1398 tae,
1250 1362 1378 1391 unam
1427 1349 1723 1390 Monarchiam
1770 1350 2008 1391 absolvunt.

1123 1412 1250 1457 Quod
1270 1417 1457 1466 quatuor
1484 1412 1560 1452 illa
1578 1411 1723 1464 capita
1746 1411 1871 1464 pardi
1901 1424 2006 1465 qua-

1121 1475 1352 1528 drucipitis
1364 1474 1625 1526 figurabant,
1644 1486 1758 1528 qnae,
1771 1474 1877 1515 licet
1899 1475 1943 1515 in
1961 1487 2009 1515 se

1122 1539 1346 1590 distincta,
1376 1537 1646 1579 nihilominus
1675 1542 1820 1579 tamen
1846 1538 1890 1578 in
1923 1550 2011 1579 una

1123 1603 1264 1645 bestia
1277 1601 1469 1644 fuerunt.
1510 1602 1623 1648 Dan.
1639 1612 1723 1642 vn.
1737 1605 1779 1642 6.
1806 1601 2011 1643 Keuchm.

1180 1665 1261 1712 Qui
1273 1668 1365 1718 post
1372 1663 1522 1705 obitum
1533 1662 1800 1716 <irrumperint
1809 1663 2011 1716 ceperunt]

1127 1728 1306 1771 Orosius
1323 1728 1398 1768 lib.
1420 1738 1491 1768 ιιι.
1511 1730 1581 1769 21.
1630 1727 1643 1750 ‘
1663 1725 1914 1768 Alexander
1931 1738 2012 1779 per

1124 1791 1354 1833 duodecim
1392 1802 1526 1831 annos
1563 1795 1819 1831 trementem
1853 1789 1933 1831 sub
1965 1802 2011 1830 se

1122 1853 1272 1897 orbem
1290 1852 1408 1894 ferro
1427 1852 1600 1906 pressit.
1657 1852 1886 1906 Principes
1905 1864 2010 1892 vero

1124 1917 1216 1970 ejus
1263 1927 1360 1958 xlv.
1409 1916 1530 1958 anuis
1576 1915 1918 1957 dilaniaverunt:
1965 1921 2011 1955 et

1126 1979 1260 2021 veluti
1277 1979 1463 2032 opimam
1478 1979 1666 2031 proedam
1680 1991 1706 2019 a
1717 1990 1872 2031 magno
1888 1979 2013 2019 leone

1125 2049 1388 2096 prostratam
1415 2041 1531 2082 avidi
1568 2041 1836 2093 discerpsere
1864 2041 2014 2092 catuli,

1124 2117 1257 2159 seque
1276 2106 1393 2159 ipsos
1421 2105 1464 2146 in
1483 2105 1622 2146 rixam
1654 2105 1838 2145 invicem
1858 2105 2013 2146 invita-

1126 2175 1194 2212 tos
1212 2170 1374 2223 praedae
1395 2169 1667 2212 aemulatione
1693 2168 1944 2223 fregerunt?

1179 2233 1233 2274 In
1268 2234 1332 2274 his
1359 2232 1604 2286 Antigonus]
1658 2232 1774 2274 Asiae
1803 2239 1850 2275 et
1874 2233 2011 2286 Syriae

1127 2297 1330 2349 Satrapes
1348 2295 1508 2348 primus
1520 2294 1603 2337 fuit
1614 2294 1872 2349 Antigonus.
1903 2297 2013 2338 Eum

1127 2359 1243 2401 bello
1261 2359 1459 2400 vicerunt
1478 2359 1685 2401 Seleucus
1718 2365 1765 2401 et
1783 2360 2015 2401 Ptolemae-

1126 2435 1177 2464 us
1194 2437 1206 2464 ι
1234 2422 1349 2463 unde
1366 2423 1590 2464 contentio
1609 2423 1725 2464 inter
1742 2425 1818 2465 hos
1831 2424 1937 2465 duos
1959 2424 2014 2465 de

1127 2499 1262 2540 regno
1298 2486 1450 2539 Syriae.
1506 2486 1606 2529 Qua
1637 2487 1693 2528 de
1724 2500 1772 2528 re
1804 2488 2015 2528 videndus

1126 2549 1202 2590 lib.
1218 2560 1263 2590 V.
1291 2548 1514 2602 Polybius,
1533 2548 1604 2590 nbi
1625 2549 1740 2590 inter
1759 2550 1844 2590 alia
1863 2549 2014 2590 Antio·

1128 2611 1231 2652 chus
1267 2611 1465 2663 queritur
1499 2610 1554 2651 de
1586 2611 1745 2663 injuria
1775 2623 1901 2664 quam
1929 2611 2015 2651 sibi

1127 2673 1292 2715 fecerat
1335 2674 1602 2714 Ptolemaeus
1658 2674 1700 2714 in
1754 2671 2015 2726 occupandis

1127 2737 1263 2791 Syriae
1281 2736 1402 2778 locis.
1458 2735 1726 2789 Antigonum
1745 2737 1859 2777 enim
1874 2741 1920 2777 et
1939 2736 2014 2777 Se-

1127 2801 1314 2850 leucum,
1333 2798 1406 2852 qui
1428 2798 1554 2851 primi
1581 2811 1633 2839 ea
1651 2800 1749 2840 loca
1777 2811 2016 2851 occupave-

1130 2867 1244 2912 rant,
1262 2861 1503 2902 verissimos
1524 2866 1570 2901 et
1583 2861 1845 2914 justissimos
1866 2861 2014 2903 Domi-

1129 2936 1205 2965 nos
1236 2922 1369 2965 fuisse
1400 2923 1561 2969 aiebat.
1630 2923 1825 2976 Ideoque
1862 2924 1920 2965 ad
1953 2935 2016 2975 se,

1128 2998 1215 3029 non
1247 2986 1304 3027 ad
1332 2986 1636 3036 Ptolemaeum,
1667 2986 1806 3039 Syriae
1835 2999 2015 3039 regnum

1127 3050 1248 3105 quasi
1300 3049 1573 3091 haereditario
1620 3049 1721 3102 jure
1779 3051 2015 3102 pertinere.

1128 3113 1303 3167 Quippe
1318 3113 1602 3154 Ptolemaeum
1617 3112 1820 3152 adversus
1835 3111 2016 3164 Antigo-

1127 3189 1229 3218 num
1248 3187 1479 3229 pugnasse,
1496 3187 1583 3216 non
1602 3175 1701 3225 sibi,
1720 3174 1796 3214 sed
1817 3175 2017 3228 Seleuco,

1129 3250 1276 3281 eorum
1289 3240 1480 3280 locorum
1494 3237 1718 3290 imperium
1732 3242 2013 3290 querentem.

1129 3304 1354 3344 Praeterea
1372 3312 1639 3341 communem
1653 3301 1839 3342 omnium
1847 3301 2015 3354 Regum

1130 3366 1450 3408 concessionem
1485 3365 1530 3405 iu
1557 3364 1744 3406 medium
1773 3363 2015 3407 adferebat.

1130 3430 1260 3481 Nam,
1278 3441 1361 3482 quo
1381 3433 1592 3480 tempore,
1614 3434 1818 3481 superato
1838 3428 2017 3480 Antigo-

1128 3506 1200 3546 no,
1212 3492 1405 3538 dividere
1423 3491 1537 3534 inter
1562 3504 1609 3535 ss
1623 3503 1757 3548 regna
1776 3493 2012 3535 Cassander
