<?xml version="1.0" encoding="UTF-8"?>
<!DOCTYPE html PUBLIC "-//W3C//DTD XHTML 1.0 Transitional//EN"
    "http://www.w3.org/TR/xhtml1/DTD/xhtml1-transitional.dtd">
<html xmlns="http://www.w3.org/1999/xhtml" xml:lang="en" lang="en">
 <head>
  <title>
</title>
<meta http-equiv="Content-Type" content="text/html;charset=utf-8" />
  <meta name='ocr-system' content='tesseract 3.04.00' />
  <meta name='ocr-capabilities' content='ocr_page ocr_carea ocr_par ocr_line ocrx_word'/>
</head>
<body>
  <div class='ocr_page' id='page_1' title='image "./vitaeexcellentiu02nepouoft_0396.png"; bbox 0 0 2306 3900; ppageno 0'>
   <div class='ocr_carea' id='block_1_1' title="bbox 321 225 426 285">
    <p class='ocr_par' dir='ltr' id='par_1_1' title="bbox 321 225 426 285">
     <span class='ocr_line' id='line_1_1' title="bbox 321 225 426 285; baseline 0 0"><span class='ocrx_word' id='word_1_1' title='bbox 321 225 426 285; x_wconf 81' lang='lat' dir='ltr'><strong>lxx</strong></span> 
     </span>
    </p>
   </div>
   <div class='ocr_carea' id='block_1_2' title="bbox 328 365 1216 2737">
    <p class='ocr_par' dir='ltr' id='par_1_2' title="bbox 328 365 1216 2521">
     <span class='ocr_line' id='line_1_2' title="bbox 379 365 1207 425; baseline 0.01 -19"><span class='ocrx_word' id='word_1_2' title='bbox 379 366 482 410; x_wconf 68' lang='lat' dir='ltr'><strong>Mas,</strong></span> <span class='ocrx_word' id='word_1_3' title='bbox 511 365 663 410; x_wconf 81' lang='lat' dir='ltr'><strong>Schotti</strong></span> <span class='ocrx_word' id='word_1_4' title='bbox 692 371 703 392; x_wconf 82' lang='lat'>‘</span> <span class='ocrx_word' id='word_1_5' title='bbox 717 366 850 424; x_wconf 84' lang='lat' dir='ltr'><strong>regi&#39;).</strong></span> <span class='ocrx_word' id='word_1_6' title='bbox 895 383 1024 425; x_wconf 81' lang='lat' dir='ltr'>gerere</span> <span class='ocrx_word' id='word_1_7' title='bbox 1041 372 1207 414; x_wconf 84' lang='lat' dir='ltr'><strong>honores</strong></span> 
     </span>
     <span class='ocr_line' id='line_1_3' title="bbox 380 424 1208 480; baseline 0.006 -18"><span class='ocrx_word' id='word_1_8' title='bbox 380 435 474 470; x_wconf 71' lang='lat' dir='ltr'><strong>xxV,</strong></span> <span class='ocrx_word' id='word_1_9' title='bbox 486 427 513 464; x_wconf 83' lang='grc'><strong>0</strong></span> <span class='ocrx_word' id='word_1_10' title='bbox 531 435 593 463; x_wconf 90' lang='lat' dir='ltr'><strong>res</strong></span> <span class='ocrx_word' id='word_1_11' title='bbox 610 436 768 477; x_wconf 83' lang='lat' dir='ltr'><strong>magnas</strong></span> <span class='ocrx_word' id='word_1_12' title='bbox 781 424 978 480; x_wconf 76' lang='lat' dir='ltr'><strong>(efficere)</strong></span> <span class='ocrx_word' id='word_1_13' title='bbox 1004 425 1099 474; x_wconf 81' lang='lat' dir='ltr'><strong>xxii,</strong></span> <span class='ocrx_word' id='word_1_14' title='bbox 1112 431 1137 468; x_wconf 89' lang='lat'><strong>3</strong></span> <span class='ocrx_word' id='word_1_15' title='bbox 1157 429 1208 467; x_wconf 86' lang='lat' dir='ltr'><strong>de</strong></span> 
     </span>
     <span class='ocr_line' id='line_1_4' title="bbox 379 477 1207 531; baseline 0.005 -15"><span class='ocrx_word' id='word_1_16' title='bbox 379 481 472 516; x_wconf 82' lang='lat' dir='ltr'><strong>actu</strong></span> <span class='ocrx_word' id='word_1_17' title='bbox 487 489 627 524; x_wconf 83' lang='lat' dir='ltr'><strong>rerum,</strong></span> <span class='ocrx_word' id='word_1_18' title='bbox 654 477 723 529; x_wconf 90' lang='lat' dir='ltr'><strong>qui</strong></span> <span class='ocrx_word' id='word_1_19' title='bbox 739 478 987 531; x_wconf 80' lang='lat' dir='ltr'><strong>distinguitur</strong></span> <span class='ocrx_word' id='word_1_20' title='bbox 1003 493 1028 521; x_wconf 82' lang='lat' dir='ltr'><strong>a</strong></span> <span class='ocrx_word' id='word_1_21' title='bbox 1044 480 1207 523; x_wconf 86' lang='lat' dir='ltr'><strong>consilio</strong></span> 
     </span>
     <span class='ocr_line' id='line_1_5' title="bbox 378 529 1209 588; baseline 0.008 -20"><span class='ocrx_word' id='word_1_22' title='bbox 378 529 424 576; x_wconf 87' lang='lat' dir='ltr'><strong>ii,</strong></span> <span class='ocrx_word' id='word_1_23' title='bbox 443 533 464 569; x_wconf 93' lang='lat'>1</span> <span class='ocrx_word' id='word_1_24' title='bbox 510 529 600 570; x_wconf 83' lang='lat' dir='ltr'><strong>Sic:</strong></span> <span class='ocrx_word' id='word_1_25' title='bbox 630 531 738 570; x_wconf 90' lang='lat' dir='ltr'><strong>nulla</strong></span> <span class='ocrx_word' id='word_1_26' title='bbox 767 544 827 571; x_wconf 89' lang='lat' dir='ltr'><strong>res</strong></span> <span class='ocrx_word' id='word_1_27' title='bbox 857 532 981 585; x_wconf 86' lang='lat' dir='ltr'><strong>major</strong></span> <span class='ocrx_word' id='word_1_28' title='bbox 1007 536 1209 588; x_wconf 82' lang='lat' dir='ltr'><strong>gerebatur</strong></span> 
     </span>
     <span class='ocr_line' id='line_1_6' title="bbox 379 583 1207 642; baseline 0.01 -21"><span class='ocrx_word' id='word_1_29' title='bbox 379 583 465 622; x_wconf 88' lang='lat' dir='ltr'><strong>sine</strong></span> <span class='ocrx_word' id='word_1_30' title='bbox 483 596 532 623; x_wconf 90' lang='lat' dir='ltr'><strong>eo</strong></span> <span class='ocrx_word' id='word_1_31' title='bbox 573 584 616 631; x_wconf 91' lang='lat' dir='ltr'><strong>ii,</strong></span> <span class='ocrx_word' id='word_1_32' title='bbox 635 589 656 625; x_wconf 90' lang='lat' dir='ltr'><strong>l</strong></span> <span class='ocrx_word' id='word_1_33' title='bbox 703 598 763 625; x_wconf 89' lang='lat' dir='ltr'><strong>res</strong></span> <span class='ocrx_word' id='word_1_34' title='bbox 780 586 890 626; x_wconf 91' lang='lat' dir='ltr'><strong>nulla</strong></span> <span class='ocrx_word' id='word_1_35' title='bbox 906 593 1016 639; x_wconf 86' lang='lat' dir='ltr'><strong>gesta</strong></span> <span class='ocrx_word' id='word_1_36' title='bbox 1032 594 1092 628; x_wconf 90' lang='lat' dir='ltr'><strong>est</strong></span> <span class='ocrx_word' id='word_1_37' title='bbox 1109 590 1207 642; x_wconf 86' lang='lat' dir='ltr'><strong>pub-</strong></span> 
     </span>
     <span class='ocr_line' id='line_1_7' title="bbox 378 635 1209 695; baseline 0.007 -19"><span class='ocrx_word' id='word_1_38' title='bbox 378 635 471 685; x_wconf 89' lang='lat' dir='ltr'><strong>lica,</strong></span> <span class='ocrx_word' id='word_1_39' title='bbox 488 638 540 677; x_wconf 90' lang='lat' dir='ltr'><strong>de</strong></span> <span class='ocrx_word' id='word_1_40' title='bbox 557 650 637 690; x_wconf 89' lang='lat' dir='ltr'><strong>qua</strong></span> <span class='ocrx_word' id='word_1_41' title='bbox 654 639 758 691; x_wconf 88' lang='lat' dir='ltr'><strong>prius</strong></span> <span class='ocrx_word' id='word_1_42' title='bbox 775 641 826 680; x_wconf 88' lang='lat' dir='ltr'><strong>sit</strong></span> <span class='ocrx_word' id='word_1_43' title='bbox 842 640 1055 691; x_wconf 82' lang='lat' dir='ltr'><strong>decretum,</strong></span> <span class='ocrx_word' id='word_1_44' title='bbox 1092 655 1209 695; x_wconf 85' lang='lat' dir='ltr'><strong>quam</strong></span> 
     </span>
     <span class='ocr_line' id='line_1_8' title="bbox 379 689 1210 749; baseline 0.008 -20"><span class='ocrx_word' id='word_1_45' title='bbox 379 689 456 730; x_wconf 73' lang='grc' dir='ltr'><strong>διο.</strong></span> <span class='ocrx_word' id='word_1_46' title='bbox 501 704 566 739; x_wconf 86' lang='lat' dir='ltr'><strong>xx,</strong></span> <span class='ocrx_word' id='word_1_47' title='bbox 585 696 610 733; x_wconf 85' lang='lat'><strong>3</strong></span> <span class='ocrx_word' id='word_1_48' title='bbox 648 693 710 733; x_wconf 86' lang='lat' dir='ltr'><strong>his</strong></span> <span class='ocrx_word' id='word_1_49' title='bbox 739 694 791 733; x_wconf 91' lang='lat' dir='ltr'><strong>de</strong></span> <span class='ocrx_word' id='word_1_50' title='bbox 820 695 933 734; x_wconf 89' lang='lat' dir='ltr'><strong>rebus</strong></span> <span class='ocrx_word' id='word_1_51' title='bbox 955 695 991 735; x_wconf 90' lang='lat' dir='ltr'><strong>si</strong></span> <span class='ocrx_word' id='word_1_52' title='bbox 1015 696 1112 749; x_wconf 90' lang='lat' dir='ltr'><strong>quid</strong></span> <span class='ocrx_word' id='word_1_53' title='bbox 1131 697 1210 749; x_wconf 89' lang='lat' dir='ltr'><strong>geri</strong></span> 
     </span>
     <span class='ocr_line' id='line_1_9' title="bbox 380 743 1209 802; baseline 0.007 -20"><span class='ocrx_word' id='word_1_54' title='bbox 380 743 546 785; x_wconf 82' lang='lat' dir='ltr'><strong>volueris</strong></span> <span class='ocrx_word' id='word_1_55' title='bbox 571 745 625 793; x_wconf 88' lang='lat' dir='ltr'><strong>iv,</strong></span> <span class='ocrx_word' id='word_1_56' title='bbox 644 750 671 788; x_wconf 78' lang='lat'><strong>2</strong></span> <span class='ocrx_word' id='word_1_57' title='bbox 697 747 784 787; x_wconf 83' lang='lat' dir='ltr'><strong>haec</strong></span> <span class='ocrx_word' id='word_1_58' title='bbox 800 749 893 789; x_wconf 88' lang='lat' dir='ltr'><strong>dum</strong></span> <span class='ocrx_word' id='word_1_59' title='bbox 913 756 1097 802; x_wconf 88' lang='lat' dir='ltr'><strong>geruntur</strong></span> <span class='ocrx_word' id='word_1_60' title='bbox 1130 752 1209 798; x_wconf 83' lang='lat' dir='ltr'><strong>xiv,</strong></span> 
     </span>
     <span class='ocr_line' id='line_1_10' title="bbox 380 800 1210 857; baseline 0.004 -17"><span class='ocrx_word' id='word_1_61' title='bbox 380 803 406 840; x_wconf 84' lang='lat'><strong>5</strong></span> <span class='ocrx_word' id='word_1_62' title='bbox 419 810 509 851; x_wconf 82' lang='lat' dir='ltr'><strong>quae</strong></span> <span class='ocrx_word' id='word_1_63' title='bbox 525 800 619 839; x_wconf 88' lang='lat' dir='ltr'><strong>dum</strong></span> <span class='ocrx_word' id='word_1_64' title='bbox 637 800 679 840; x_wconf 91' lang='lat' dir='ltr'><strong>in</strong></span> <span class='ocrx_word' id='word_1_65' title='bbox 696 800 794 842; x_wconf 89' lang='lat' dir='ltr'><strong>Asia</strong></span> <span class='ocrx_word' id='word_1_66' title='bbox 810 809 994 855; x_wconf 89' lang='lat' dir='ltr'><strong>geruntur</strong></span> <span class='ocrx_word' id='word_1_67' title='bbox 1006 803 1068 857; x_wconf 88' lang='lat' dir='ltr'><strong>(in</strong></span> <span class='ocrx_word' id='word_1_68' title='bbox 1086 809 1210 843; x_wconf 85' lang='lat' dir='ltr'><strong>trans·</strong></span> 
     </span>
     <span class='ocr_line' id='line_1_11' title="bbox 380 850 1210 910; baseline 0.006 -19"><span class='ocrx_word' id='word_1_69' title='bbox 380 850 506 893; x_wconf 89' lang='lat' dir='ltr'><strong>itione</strong></span> <span class='ocrx_word' id='word_1_70' title='bbox 531 854 583 893; x_wconf 90' lang='lat' dir='ltr'><strong>ad</strong></span> <span class='ocrx_word' id='word_1_71' title='bbox 616 867 757 894; x_wconf 83' lang='lat' dir='ltr'><strong>novam</strong></span> <span class='ocrx_word' id='word_1_72' title='bbox 789 857 1069 910; x_wconf 78' lang='lat' dir='ltr'><strong>narrationem)</strong></span> <span class='ocrx_word' id='word_1_73' title='bbox 1105 858 1210 904; x_wconf 83' lang='lat' dir='ltr'><strong>xxiii,</strong></span> 
     </span>
     <span class='ocr_line' id='line_1_12' title="bbox 381 909 1211 963; baseline 0.006 -17"><span class='ocrx_word' id='word_1_74' title='bbox 381 909 435 947; x_wconf 81' lang='lat'><strong>12</strong></span> <span class='ocrx_word' id='word_1_75' title='bbox 461 919 551 959; x_wconf 66' lang='lat' dir='ltr'><strong>quas</strong></span> <span class='ocrx_word' id='word_1_76' title='bbox 567 915 802 960; x_wconf 79' lang='lat' dir='ltr'><strong>gererentur,</strong></span> <span class='ocrx_word' id='word_1_77' title='bbox 819 909 904 950; x_wconf 88' lang='lat' dir='ltr'><strong>fieri</strong></span> <span class='ocrx_word' id='word_1_78' title='bbox 917 915 1113 963; x_wconf 89' lang='lat' dir='ltr'><strong>praecepto</strong></span> <span class='ocrx_word' id='word_1_79' title='bbox 1139 925 1211 951; x_wconf 88' lang='lat' dir='ltr'><strong>suo</strong></span> 
     </span>
     <span class='ocr_line' id='line_1_13' title="bbox 381 959 1210 1018; baseline 0.007 -19"><span class='ocrx_word' id='word_1_80' title='bbox 381 959 439 999; x_wconf 82' lang='lat' dir='ltr'><strong>ait</strong></span> <span class='ocrx_word' id='word_1_81' title='bbox 463 974 503 1007; x_wconf 83' lang='lat' dir='ltr'><strong>x,</strong></span> <span class='ocrx_word' id='word_1_82' title='bbox 518 964 545 1001; x_wconf 90' lang='lat'>8</span> <span class='ocrx_word' id='word_1_83' title='bbox 585 961 672 1016; x_wconf 82' lang='lat' dir='ltr'><strong>(Sic</strong></span> <span class='ocrx_word' id='word_1_84' title='bbox 695 963 737 1002; x_wconf 92' lang='lat' dir='ltr'><strong>in</strong></span> <span class='ocrx_word' id='word_1_85' title='bbox 756 963 857 1003; x_wconf 76' lang='lat' dir='ltr'><strong>Mss-</strong></span> <span class='ocrx_word' id='word_1_86' title='bbox 874 963 1089 1018; x_wconf 80' lang='lat' dir='ltr'><strong>Boecleri).</strong></span> <span class='ocrx_word' id='word_1_87' title='bbox 1122 964 1210 1005; x_wconf 85' lang='lat' dir='ltr'><strong>Sic:</strong></span> 
     </span>
     <span class='ocr_line' id='line_1_14' title="bbox 379 1017 1214 1072; baseline 0.008 -20"><span class='ocrx_word' id='word_1_88' title='bbox 379 1019 471 1066; x_wconf 88' lang='lat' dir='ltr'><strong>post</strong></span> <span class='ocrx_word' id='word_1_89' title='bbox 486 1027 568 1054; x_wconf 88' lang='lat' dir='ltr'><strong>rem</strong></span> <span class='ocrx_word' id='word_1_90' title='bbox 585 1022 731 1067; x_wconf 88' lang='lat' dir='ltr'><strong>gestam</strong></span> <span class='ocrx_word' id='word_1_91' title='bbox 746 1017 853 1066; x_wconf 77' lang='lat' dir='ltr'><strong>xxiii,</strong></span> <span class='ocrx_word' id='word_1_92' title='bbox 870 1022 894 1058; x_wconf 98' lang='grc'><strong>5</strong></span> <span class='ocrx_word' id='word_1_93' title='bbox 909 1018 972 1072; x_wconf 91' lang='lat' dir='ltr'><strong>(et</strong></span> <span class='ocrx_word' id='word_1_94' title='bbox 989 1018 1164 1058; x_wconf 89' lang='lat' dir='ltr'><strong>absolute</strong></span> <span class='ocrx_word' id='word_1_95' title='bbox 1177 1019 1214 1071; x_wconf 77' lang='lat' dir='ltr'><strong>z)</strong></span> 
     </span>
     <span class='ocr_line' id='line_1_15' title="bbox 381 1069 1212 1125; baseline 0.006 -19"><span class='ocrx_word' id='word_1_96' title='bbox 381 1074 492 1123; x_wconf 85' lang='lat' dir='ltr'><strong>gesta</strong></span> <span class='ocrx_word' id='word_1_97' title='bbox 507 1069 594 1122; x_wconf 87' lang='lat' dir='ltr'><strong>ejus</strong></span> <span class='ocrx_word' id='word_1_98' title='bbox 612 1070 798 1124; x_wconf 83' lang='lat' dir='ltr'><strong>pleraque</strong></span> <span class='ocrx_word' id='word_1_99' title='bbox 822 1072 902 1120; x_wconf 75' lang='lat' dir='ltr'><strong>xiV,</strong></span> <span class='ocrx_word' id='word_1_100' title='bbox 921 1076 943 1112; x_wconf 86' lang='lat'>1</span> <span class='ocrx_word' id='word_1_101' title='bbox 987 1085 1120 1125; x_wconf 82' lang='lat' dir='ltr'><strong>gerere</strong></span> <span class='ocrx_word' id='word_1_102' title='bbox 1132 1085 1212 1112; x_wconf 90' lang='lat' dir='ltr'><strong>rem</strong></span> 
     </span>
     <span class='ocr_line' id='line_1_16' title="bbox 380 1121 1213 1179; baseline 0.007 -19"><span class='ocrx_word' id='word_1_103' title='bbox 380 1121 513 1162; x_wconf 87' lang='lat' dir='ltr'><strong>multis</strong></span> <span class='ocrx_word' id='word_1_104' title='bbox 529 1123 694 1164; x_wconf 89' lang='lat' dir='ltr'><strong>consciis</strong></span> <span class='ocrx_word' id='word_1_105' title='bbox 735 1138 774 1172; x_wconf 85' lang='lat' dir='ltr'><strong>x,</strong></span> <span class='ocrx_word' id='word_1_106' title='bbox 794 1129 821 1166; x_wconf 89' lang='grc'>8</span> <span class='ocrx_word' id='word_1_107' title='bbox 866 1139 996 1179; x_wconf 84' lang='lat' dir='ltr'><strong>gerere</strong></span> <span class='ocrx_word' id='word_1_108' title='bbox 1013 1139 1094 1166; x_wconf 88' lang='lat' dir='ltr'><strong>rem</strong></span> <span class='ocrx_word' id='word_1_109' title='bbox 1111 1127 1213 1166; x_wconf 89' lang='lat' dir='ltr'><strong>male</strong></span> 
     </span>
     <span class='ocr_line' id='line_1_17' title="bbox 380 1175 1212 1233; baseline 0.005 -18"><span class='ocrx_word' id='word_1_110' title='bbox 380 1175 464 1227; x_wconf 91' lang='lat' dir='ltr'><strong>(uti</strong></span> <span class='ocrx_word' id='word_1_111' title='bbox 485 1177 648 1217; x_wconf 89' lang='lat' dir='ltr'><strong>adversa</strong></span> <span class='ocrx_word' id='word_1_112' title='bbox 680 1178 860 1233; x_wconf 83' lang='lat' dir='ltr'><strong>fortuna)</strong></span> <span class='ocrx_word' id='word_1_113' title='bbox 887 1179 916 1227; x_wconf 91' lang='lat' dir='ltr'><strong>i,</strong></span> <span class='ocrx_word' id='word_1_114' title='bbox 942 1184 982 1220; x_wconf 87' lang='lat'><strong>3.</strong></span> <span class='ocrx_word' id='word_1_115' title='bbox 1000 1179 1044 1227; x_wconf 89' lang='lat' dir='ltr'><strong>ii,</strong></span> <span class='ocrx_word' id='word_1_116' title='bbox 1062 1186 1086 1221; x_wconf 94' lang='grc'><strong>5</strong></span> <span class='ocrx_word' id='word_1_117' title='bbox 1131 1193 1212 1220; x_wconf 90' lang='lat' dir='ltr'><strong>rem</strong></span> 
     </span>
     <span class='ocr_line' id='line_1_18' title="bbox 379 1229 1212 1284; baseline 0.005 -16"><span class='ocrx_word' id='word_1_118' title='bbox 379 1229 483 1269; x_wconf 90' lang='lat' dir='ltr'><strong>male</strong></span> <span class='ocrx_word' id='word_1_119' title='bbox 497 1231 614 1284; x_wconf 88' lang='lat' dir='ltr'><strong>culpa</strong></span> <span class='ocrx_word' id='word_1_120' title='bbox 639 1231 694 1280; x_wconf 84' lang='lat' dir='ltr'><strong>xi,</strong></span> <span class='ocrx_word' id='word_1_121' title='bbox 710 1237 732 1273; x_wconf 92' lang='lat'>1</span> <span class='ocrx_word' id='word_1_122' title='bbox 774 1246 835 1273; x_wconf 88' lang='lat' dir='ltr'><strong>res</strong></span> <span class='ocrx_word' id='word_1_123' title='bbox 851 1235 952 1274; x_wconf 89' lang='lat' dir='ltr'><strong>male</strong></span> <span class='ocrx_word' id='word_1_124' title='bbox 979 1234 1046 1281; x_wconf 89' lang='lat' dir='ltr'><strong>vii,</strong></span> <span class='ocrx_word' id='word_1_125' title='bbox 1062 1239 1103 1275; x_wconf 82' lang='lat'><strong>5.</strong></span> <span class='ocrx_word' id='word_1_126' title='bbox 1119 1235 1212 1282; x_wconf 83' lang='lat' dir='ltr'><strong>xxii,</strong></span> 
     </span>
     <span class='ocr_line' id='line_1_19' title="bbox 382 1286 1212 1342; baseline 0.006 -19"><span class='ocrx_word' id='word_1_127' title='bbox 382 1287 405 1324; x_wconf 89' lang='lat'>1</span> <span class='ocrx_word' id='word_1_128' title='bbox 434 1297 566 1337; x_wconf 85' lang='lat' dir='ltr'><strong>gerere</strong></span> <span class='ocrx_word' id='word_1_129' title='bbox 581 1286 728 1326; x_wconf 89' lang='lat' dir='ltr'><strong>bellum</strong></span> <span class='ocrx_word' id='word_1_130' title='bbox 745 1286 819 1341; x_wconf 88' lang='lat' dir='ltr'><strong>(de</strong></span> <span class='ocrx_word' id='word_1_131' title='bbox 835 1287 947 1327; x_wconf 91' lang='lat' dir='ltr'><strong>ducis</strong></span> <span class='ocrx_word' id='word_1_132' title='bbox 979 1287 1131 1342; x_wconf 85' lang='lat' dir='ltr'><strong>officio)</strong></span> <span class='ocrx_word' id='word_1_133' title='bbox 1169 1289 1212 1337; x_wconf 87' lang='lat' dir='ltr'><strong>ii,</strong></span> 
     </span>
     <span class='ocr_line' id='line_1_20' title="bbox 379 1340 1209 1391; baseline 0.006 -14"><span class='ocrx_word' id='word_1_134' title='bbox 379 1341 408 1378; x_wconf 83' lang='lat'>2</span> <span class='ocrx_word' id='word_1_135' title='bbox 437 1351 568 1391; x_wconf 87' lang='lat' dir='ltr'><strong>gerere</strong></span> <span class='ocrx_word' id='word_1_136' title='bbox 584 1340 729 1380; x_wconf 89' lang='lat' dir='ltr'><strong>bellum</strong></span> <span class='ocrx_word' id='word_1_137' title='bbox 748 1341 850 1381; x_wconf 89' lang='lat' dir='ltr'><strong>inter</strong></span> <span class='ocrx_word' id='word_1_138' title='bbox 866 1355 908 1382; x_wconf 89' lang='lat' dir='ltr'><strong>se</strong></span> <span class='ocrx_word' id='word_1_139' title='bbox 953 1343 1030 1390; x_wconf 82' lang='lat' dir='ltr'><strong>xxi,</strong></span> <span class='ocrx_word' id='word_1_140' title='bbox 1049 1346 1074 1383; x_wconf 87' lang='lat'><strong>3</strong></span> <span class='ocrx_word' id='word_1_141' title='bbox 1116 1343 1181 1383; x_wconf 88' lang='lat' dir='ltr'><strong>Sic</strong></span> <span class='ocrx_word' id='word_1_142' title='bbox 1201 1358 1209 1382; x_wconf 89' lang='lat'><strong>:</strong></span> 
     </span>
     <span class='ocr_line' id='line_1_21' title="bbox 380 1393 1214 1443; baseline 0.007 -13"><span class='ocrx_word' id='word_1_143' title='bbox 380 1393 585 1443; x_wconf 85' lang='lat' dir='ltr'><strong>gerebatur</strong></span> <span class='ocrx_word' id='word_1_144' title='bbox 615 1394 760 1433; x_wconf 92' lang='lat' dir='ltr'><strong>bellum</strong></span> <span class='ocrx_word' id='word_1_145' title='bbox 790 1396 891 1435; x_wconf 90' lang='lat' dir='ltr'><strong>inter</strong></span> <span class='ocrx_word' id='word_1_146' title='bbox 907 1409 975 1434; x_wconf 88' lang='lat' dir='ltr'><strong>eos</strong></span> <span class='ocrx_word' id='word_1_147' title='bbox 1003 1402 1044 1436; x_wconf 92' lang='lat' dir='ltr'><strong>et</strong></span> <span class='ocrx_word' id='word_1_148' title='bbox 1061 1397 1154 1436; x_wconf 87' lang='lat' dir='ltr'><strong>mari</strong></span> <span class='ocrx_word' id='word_1_149' title='bbox 1173 1403 1214 1436; x_wconf 91' lang='lat' dir='ltr'><strong>et</strong></span> 
     </span>
     <span class='ocr_line' id='line_1_22' title="bbox 380 1446 1212 1502; baseline 0.004 -17"><span class='ocrx_word' id='word_1_150' title='bbox 380 1451 482 1486; x_wconf 82' lang='lat' dir='ltr'><strong>terra</strong></span> <span class='ocrx_word' id='word_1_151' title='bbox 507 1446 614 1496; x_wconf 86' lang='lat' dir='ltr'><strong>xxiii,</strong></span> <span class='ocrx_word' id='word_1_152' title='bbox 631 1451 683 1488; x_wconf 87' lang='grc'><strong>10</strong></span> <span class='ocrx_word' id='word_1_153' title='bbox 729 1448 874 1488; x_wconf 89' lang='lat' dir='ltr'><strong>bellum</strong></span> <span class='ocrx_word' id='word_1_154' title='bbox 892 1450 934 1489; x_wconf 91' lang='lat' dir='ltr'><strong>in</strong></span> <span class='ocrx_word' id='word_1_155' title='bbox 949 1449 1118 1502; x_wconf 83' lang='lat' dir='ltr'><strong>aliquem</strong></span> <span class='ocrx_word' id='word_1_156' title='bbox 1157 1451 1212 1498; x_wconf 85' lang='lat' dir='ltr'><strong>vi,</strong></span> 
     </span>
     <span class='ocr_line' id='line_1_23' title="bbox 382 1499 1213 1556; baseline 0.004 -16"><span class='ocrx_word' id='word_1_157' title='bbox 382 1502 406 1540; x_wconf 86' lang='lat'>1</span> <span class='ocrx_word' id='word_1_158' title='bbox 453 1499 600 1540; x_wconf 86' lang='lat' dir='ltr'><strong>bellum</strong></span> <span class='ocrx_word' id='word_1_159' title='bbox 635 1514 724 1542; x_wconf 87' lang='lat' dir='ltr'><strong>cum</strong></span> <span class='ocrx_word' id='word_1_160' title='bbox 759 1502 891 1556; x_wconf 88' lang='lat' dir='ltr'><strong>aliquo</strong></span> <span class='ocrx_word' id='word_1_161' title='bbox 927 1505 1110 1543; x_wconf 87' lang='lat' dir='ltr'><strong>adversus</strong></span> <span class='ocrx_word' id='word_1_162' title='bbox 1142 1504 1213 1543; x_wconf 88' lang='lat' dir='ltr'><strong>ali-</strong></span> 
     </span>
     <span class='ocr_line' id='line_1_24' title="bbox 380 1555 1212 1610; baseline 0.005 -18"><span class='ocrx_word' id='word_1_163' title='bbox 380 1565 500 1606; x_wconf 87' lang='lat' dir='ltr'><strong>quem</strong></span> <span class='ocrx_word' id='word_1_164' title='bbox 540 1555 610 1602; x_wconf 87' lang='lat' dir='ltr'><strong>xii,</strong></span> <span class='ocrx_word' id='word_1_165' title='bbox 626 1558 651 1595; x_wconf 98' lang='lat'><strong>3</strong></span> <span class='ocrx_word' id='word_1_166' title='bbox 698 1568 828 1607; x_wconf 84' lang='lat' dir='ltr'><strong>gerere</strong></span> <span class='ocrx_word' id='word_1_167' title='bbox 858 1556 1066 1597; x_wconf 82' lang='lat' dir='ltr'><strong>amicitiam</strong></span> <span class='ocrx_word' id='word_1_168' title='bbox 1082 1557 1212 1610; x_wconf 89' lang='lat' dir='ltr'><strong>(exer-</strong></span> 
     </span>
     <span class='ocr_line' id='line_1_25' title="bbox 378 1606 1213 1664; baseline 0.007 -18"><span class='ocrx_word' id='word_1_169' title='bbox 378 1606 490 1659; x_wconf 88' lang='lat' dir='ltr'><strong>cere)</strong></span> <span class='ocrx_word' id='word_1_170' title='bbox 516 1607 598 1655; x_wconf 70' lang='lat' dir='ltr'><strong>xiV,</strong></span> <span class='ocrx_word' id='word_1_171' title='bbox 615 1612 667 1649; x_wconf 91' lang='lat'><strong>10</strong></span> <span class='ocrx_word' id='word_1_172' title='bbox 692 1609 915 1650; x_wconf 87' lang='lat' dir='ltr'><strong>inimicitias</strong></span> <span class='ocrx_word' id='word_1_173' title='bbox 942 1623 1031 1658; x_wconf 73' lang='lat' dir='ltr'><strong>xxV,</strong></span> <span class='ocrx_word' id='word_1_174' title='bbox 1051 1614 1103 1652; x_wconf 91' lang='lat'><strong>11</strong></span> <span class='ocrx_word' id='word_1_175' title='bbox 1147 1625 1213 1664; x_wconf 89' lang='lat' dir='ltr'><strong>ge·</strong></span> 
     </span>
     <span class='ocr_line' id='line_1_26' title="bbox 347 1662 1214 1719; baseline 0.006 -20"><span class='ocrx_word' id='word_1_176' title='bbox 347 1677 351 1681; x_wconf 89' lang='lat'>·</span> <span class='ocrx_word' id='word_1_177' title='bbox 381 1672 464 1700; x_wconf 89' lang='lat' dir='ltr'><strong>rere</strong></span> <span class='ocrx_word' id='word_1_178' title='bbox 501 1673 648 1701; x_wconf 87' lang='lat' dir='ltr'><strong>morem</strong></span> <span class='ocrx_word' id='word_1_179' title='bbox 691 1662 884 1706; x_wconf 84' lang='lat' dir='ltr'><strong>voluntati</strong></span> <span class='ocrx_word' id='word_1_180' title='bbox 917 1663 1085 1718; x_wconf 85' lang='lat' dir='ltr'><strong>alicujus</strong></span> <span class='ocrx_word' id='word_1_181' title='bbox 1121 1665 1214 1719; x_wconf 86' lang='lat' dir='ltr'><strong>(pa-</strong></span> 
     </span>
     <span class='ocr_line' id='line_1_27' title="bbox 380 1713 1215 1770; baseline 0.005 -16"><span class='ocrx_word' id='word_1_182' title='bbox 380 1713 494 1755; x_wconf 87' lang='lat' dir='ltr'><strong>rendi</strong></span> <span class='ocrx_word' id='word_1_183' title='bbox 506 1714 690 1769; x_wconf 90' lang='lat' dir='ltr'><strong>notione)</strong></span> <span class='ocrx_word' id='word_1_184' title='bbox 716 1717 796 1765; x_wconf 84' lang='lat' dir='ltr'><strong>xiv,</strong></span> <span class='ocrx_word' id='word_1_185' title='bbox 811 1720 838 1758; x_wconf 87' lang='grc'>4</span> <span class='ocrx_word' id='word_1_186' title='bbox 865 1717 956 1757; x_wconf 87' lang='lat' dir='ltr'><strong>Sic:</strong></span> <span class='ocrx_word' id='word_1_187' title='bbox 987 1731 1118 1770; x_wconf 84' lang='lat' dir='ltr'><strong>gerere</strong></span> <span class='ocrx_word' id='word_1_188' title='bbox 1131 1731 1215 1758; x_wconf 87' lang='lat' dir='ltr'><strong>mo-</strong></span> 
     </span>
     <span class='ocr_line' id='line_1_28' title="bbox 379 1768 1215 1824; baseline 0.007 -17"><span class='ocrx_word' id='word_1_189' title='bbox 379 1780 463 1808; x_wconf 87' lang='lat' dir='ltr'><strong>rem</strong></span> <span class='ocrx_word' id='word_1_190' title='bbox 477 1768 595 1810; x_wconf 90' lang='lat' dir='ltr'><strong>alicui</strong></span> <span class='ocrx_word' id='word_1_191' title='bbox 620 1783 661 1817; x_wconf 81' lang='lat' dir='ltr'><strong>x,</strong></span> <span class='ocrx_word' id='word_1_192' title='bbox 681 1774 706 1811; x_wconf 88' lang='lat'><strong>3</strong></span> <span class='ocrx_word' id='word_1_193' title='bbox 735 1770 825 1812; x_wconf 87' lang='lat' dir='ltr'><strong>Sic:</strong></span> <span class='ocrx_word' id='word_1_194' title='bbox 851 1777 982 1824; x_wconf 90' lang='lat' dir='ltr'><strong>gestus</strong></span> <span class='ocrx_word' id='word_1_195' title='bbox 999 1778 1061 1812; x_wconf 87' lang='lat' dir='ltr'><strong>est</strong></span> <span class='ocrx_word' id='word_1_196' title='bbox 1076 1773 1114 1813; x_wconf 90' lang='lat' dir='ltr'><strong>ei</strong></span> <span class='ocrx_word' id='word_1_197' title='bbox 1131 1786 1215 1813; x_wconf 88' lang='lat' dir='ltr'><strong>mos</strong></span> 
     </span>
     <span class='ocr_line' id='line_1_29' title="bbox 379 1822 1216 1878; baseline 0.006 -16"><span class='ocrx_word' id='word_1_198' title='bbox 379 1822 425 1870; x_wconf 88' lang='lat' dir='ltr'><strong>ii,</strong></span> <span class='ocrx_word' id='word_1_199' title='bbox 443 1825 469 1865; x_wconf 76' lang='lat'>⁷</span> <span class='ocrx_word' id='word_1_200' title='bbox 498 1835 631 1875; x_wconf 87' lang='lat' dir='ltr'><strong>gerere</strong></span> <span class='ocrx_word' id='word_1_201' title='bbox 649 1830 793 1864; x_wconf 86' lang='lat' dir='ltr'><strong>vestem</strong></span> <span class='ocrx_word' id='word_1_202' title='bbox 821 1826 900 1873; x_wconf 85' lang='lat' dir='ltr'><strong>xiv,</strong></span> <span class='ocrx_word' id='word_1_203' title='bbox 919 1829 944 1865; x_wconf 85' lang='lat'><strong>3</strong></span> <span class='ocrx_word' id='word_1_204' title='bbox 978 1826 1129 1878; x_wconf 85' lang='lat' dir='ltr'><strong>galeam</strong></span> <span class='ocrx_word' id='word_1_205' title='bbox 1147 1840 1216 1867; x_wconf 86' lang='lat' dir='ltr'><strong>ve-</strong></span> 
     </span>
     <span class='ocr_line' id='line_1_30' title="bbox 381 1877 1214 1931; baseline 0.007 -16"><span class='ocrx_word' id='word_1_206' title='bbox 381 1877 574 1916; x_wconf 86' lang='lat' dir='ltr'><strong>natoriam</strong></span> <span class='ocrx_word' id='word_1_207' title='bbox 590 1878 632 1917; x_wconf 89' lang='lat' dir='ltr'><strong>in</strong></span> <span class='ocrx_word' id='word_1_208' title='bbox 649 1879 794 1930; x_wconf 86' lang='lat' dir='ltr'><strong>capite,</strong></span> <span class='ocrx_word' id='word_1_209' title='bbox 813 1879 909 1919; x_wconf 87' lang='lat' dir='ltr'><strong>ibid.</strong></span> <span class='ocrx_word' id='word_1_210' title='bbox 941 1892 1071 1931; x_wconf 86' lang='lat' dir='ltr'><strong>gerere</strong></span> <span class='ocrx_word' id='word_1_211' title='bbox 1084 1894 1125 1920; x_wconf 86' lang='lat' dir='ltr'><strong>se</strong></span> <span class='ocrx_word' id='word_1_212' title='bbox 1144 1881 1214 1929; x_wconf 87' lang='lat' dir='ltr'><strong>sic,</strong></span> 
     </span>
     <span class='ocr_line' id='line_1_31' title="bbox 381 1934 1215 1984; baseline 0.01 -16"><span class='ocrx_word' id='word_1_213' title='bbox 381 1935 428 1969; x_wconf 89' lang='lat' dir='ltr'><strong>ut</strong></span> <span class='ocrx_word' id='word_1_214' title='bbox 453 1944 544 1977; x_wconf 57' lang='lat' dir='ltr'><strong>xxm</strong></span> <span class='ocrx_word' id='word_1_215' title='bbox 561 1934 588 1972; x_wconf 84' lang='lat'><strong>3</strong></span> <span class='ocrx_word' id='word_1_216' title='bbox 627 1944 758 1984; x_wconf 85' lang='lat' dir='ltr'><strong>gerere</strong></span> <span class='ocrx_word' id='word_1_217' title='bbox 774 1946 817 1972; x_wconf 88' lang='lat' dir='ltr'><strong>se</strong></span> <span class='ocrx_word' id='word_1_218' title='bbox 834 1934 1103 1974; x_wconf 87' lang='lat' dir='ltr'><strong>contumacius</strong></span> <span class='ocrx_word' id='word_1_219' title='bbox 1129 1948 1170 1983; x_wconf 84' lang='lat' dir='ltr'><strong>v,</strong></span> <span class='ocrx_word' id='word_1_220' title='bbox 1188 1940 1215 1976; x_wconf 79' lang='lat'>2</span> 
     </span>
     <span class='ocr_line' id='line_1_32' title="bbox 380 1984 1215 2037; baseline 0.005 -13"><span class='ocrx_word' id='word_1_221' title='bbox 380 1996 425 2024; x_wconf 81' lang='lat' dir='ltr'><strong>se</strong></span> <span class='ocrx_word' id='word_1_222' title='bbox 442 1984 705 2025; x_wconf 85' lang='lat' dir='ltr'><strong>crudelissime</strong></span> <span class='ocrx_word' id='word_1_223' title='bbox 731 1987 839 2034; x_wconf 82' lang='lat' dir='ltr'><strong>xviii,</strong></span> <span class='ocrx_word' id='word_1_224' title='bbox 857 1992 885 2029; x_wconf 85' lang='lat'><strong>6</strong></span> <span class='ocrx_word' id='word_1_225' title='bbox 922 2000 964 2027; x_wconf 86' lang='lat' dir='ltr'><strong>se</strong></span> <span class='ocrx_word' id='word_1_226' title='bbox 981 1987 1121 2029; x_wconf 88' lang='lat' dir='ltr'><strong>elatius</strong></span> <span class='ocrx_word' id='word_1_227' title='bbox 1161 1990 1215 2037; x_wconf 88' lang='lat' dir='ltr'><strong>iv,</strong></span> 
     </span>
     <span class='ocr_line' id='line_1_33' title="bbox 381 2041 1042 2092; baseline 0.003 -13"><span class='ocrx_word' id='word_1_228' title='bbox 381 2041 409 2079; x_wconf 79' lang='lat'>2</span> <span class='ocrx_word' id='word_1_229' title='bbox 437 2051 478 2077; x_wconf 88' lang='lat' dir='ltr'><strong>se</strong></span> <span class='ocrx_word' id='word_1_230' title='bbox 495 2051 632 2091; x_wconf 84' lang='lat' dir='ltr'><strong>pamm</strong></span> <span class='ocrx_word' id='word_1_231' title='bbox 646 2041 853 2092; x_wconf 83' lang='lat' dir='ltr'><strong>splendide</strong></span> <span class='ocrx_word' id='word_1_232' title='bbox 878 2055 968 2089; x_wconf 77' lang='lat' dir='ltr'><strong>xxV,</strong></span> <span class='ocrx_word' id='word_1_233' title='bbox 989 2045 1042 2082; x_wconf 83' lang='lat'><strong>14</strong></span> 
     </span>
     <span class='ocr_line' id='line_1_34' title="bbox 328 2092 1214 2147; baseline 0.001 -12"><span class='ocrx_word' id='word_1_234' title='bbox 328 2092 525 2135; x_wconf 89' lang='lat' dir='ltr'><strong>Germana</strong></span> <span class='ocrx_word' id='word_1_235' title='bbox 553 2106 659 2133; x_wconf 88' lang='lat' dir='ltr'><strong>soror</strong></span> <span class='ocrx_word' id='word_1_236' title='bbox 689 2093 956 2147; x_wconf 78' lang='grc' dir='ltr'>(ὁμοπάτριος,</span> <span class='ocrx_word' id='word_1_237' title='bbox 981 2095 1214 2147; x_wconf 86' lang='lat' dir='ltr'><strong>consangui-</strong></span> 
     </span>
     <span class='ocr_line' id='line_1_35' title="bbox 379 2147 1214 2199; baseline 0.004 -13"><span class='ocrx_word' id='word_1_238' title='bbox 379 2159 470 2195; x_wconf 87' lang='lat' dir='ltr'><strong>nea,</strong></span> <span class='ocrx_word' id='word_1_239' title='bbox 489 2147 628 2187; x_wconf 89' lang='lat' dir='ltr'><strong>eodem</strong></span> <span class='ocrx_word' id='word_1_240' title='bbox 646 2155 757 2199; x_wconf 88' lang='lat' dir='ltr'><strong>patre</strong></span> <span class='ocrx_word' id='word_1_241' title='bbox 768 2155 874 2197; x_wconf 86' lang='lat' dir='ltr'><strong>nata,</strong></span> <span class='ocrx_word' id='word_1_242' title='bbox 893 2150 962 2189; x_wconf 89' lang='lat' dir='ltr'><strong>sed</strong></span> <span class='ocrx_word' id='word_1_243' title='bbox 981 2162 1062 2188; x_wconf 90' lang='lat' dir='ltr'><strong>non</strong></span> <span class='ocrx_word' id='word_1_244' title='bbox 1076 2152 1214 2190; x_wconf 89' lang='lat' dir='ltr'><strong>eadem</strong></span> 
     </span>
     <span class='ocr_line' id='line_1_36' title="bbox 383 2199 1215 2255; baseline 0.002 -15"><span class='ocrx_word' id='word_1_245' title='bbox 383 2199 544 2253; x_wconf 87' lang='lat' dir='ltr'><strong>matre),</strong></span> <span class='ocrx_word' id='word_1_246' title='bbox 571 2201 687 2241; x_wconf 83' lang='lat' dir='ltr'><strong>Praef.</strong></span> <span class='ocrx_word' id='word_1_247' title='bbox 717 2208 758 2242; x_wconf 91' lang='lat' dir='ltr'><strong>et</strong></span> <span class='ocrx_word' id='word_1_248' title='bbox 768 2215 808 2250; x_wconf 89' lang='lat' dir='ltr'><strong>v,</strong></span> <span class='ocrx_word' id='word_1_249' title='bbox 829 2207 853 2244; x_wconf 91' lang='lat' dir='ltr'>l</span> <span class='ocrx_word' id='word_1_250' title='bbox 882 2202 1022 2255; x_wconf 77' lang='lat' dir='ltr'><strong>(Adde</strong></span> <span class='ocrx_word' id='word_1_251' title='bbox 1039 2203 1092 2243; x_wconf 90' lang='lat' dir='ltr'><strong>de</strong></span> <span class='ocrx_word' id='word_1_252' title='bbox 1109 2204 1215 2243; x_wconf 86' lang='lat' dir='ltr'><strong>vocis</strong></span> 
     </span>
     <span class='ocr_line' id='line_1_37' title="bbox 381 2254 1215 2309; baseline 0.002 -15"><span class='ocrx_word' id='word_1_253' title='bbox 381 2268 457 2294; x_wconf 88' lang='lat' dir='ltr'><strong>usu</strong></span> <span class='ocrx_word' id='word_1_254' title='bbox 467 2254 604 2295; x_wconf 84' lang='lat' dir='ltr'><strong>Gifan.</strong></span> <span class='ocrx_word' id='word_1_255' title='bbox 622 2254 721 2296; x_wconf 82' lang='lat' dir='ltr'><strong>obs.</strong></span> <span class='ocrx_word' id='word_1_256' title='bbox 749 2257 796 2296; x_wconf 91' lang='lat' dir='ltr'><strong>L.</strong></span> <span class='ocrx_word' id='word_1_257' title='bbox 810 2256 857 2296; x_wconf 83' lang='lat' dir='ltr'><strong>L.</strong></span> <span class='ocrx_word' id='word_1_258' title='bbox 872 2269 964 2309; x_wconf 74' lang='lat' dir='ltr'><strong>pag.</strong></span> <span class='ocrx_word' id='word_1_259' title='bbox 979 2261 1073 2297; x_wconf 84' lang='grc'><strong>101.</strong></span> <span class='ocrx_word' id='word_1_260' title='bbox 1092 2263 1134 2297; x_wconf 92' lang='lat' dir='ltr'><strong>et</strong></span> <span class='ocrx_word' id='word_1_261' title='bbox 1146 2258 1215 2309; x_wconf 89' lang='lat' dir='ltr'><strong>qui</strong></span> 
     </span>
     <span class='ocr_line' id='line_1_38' title="bbox 383 2308 1214 2362; baseline 0.005 -16"><span class='ocrx_word' id='word_1_262' title='bbox 383 2308 501 2347; x_wconf 90' lang='lat' dir='ltr'><strong>verba</strong></span> <span class='ocrx_word' id='word_1_263' title='bbox 523 2308 630 2347; x_wconf 91' lang='lat' dir='ltr'><strong>illius</strong></span> <span class='ocrx_word' id='word_1_264' title='bbox 658 2322 729 2361; x_wconf 91' lang='lat' dir='ltr'><strong>pro</strong></span> <span class='ocrx_word' id='word_1_265' title='bbox 758 2323 864 2350; x_wconf 89' lang='lat' dir='ltr'><strong>more</strong></span> <span class='ocrx_word' id='word_1_266' title='bbox 890 2309 1106 2362; x_wconf 84' lang='lat' dir='ltr'><strong>descripsit,</strong></span> <span class='ocrx_word' id='word_1_267' title='bbox 1136 2310 1214 2350; x_wconf 85' lang='lat' dir='ltr'><strong>Pa-</strong></span> 
     </span>
     <span class='ocr_line' id='line_1_39' title="bbox 381 2361 1213 2414; baseline 0.002 -14"><span class='ocrx_word' id='word_1_268' title='bbox 381 2373 492 2401; x_wconf 86' lang='lat' dir='ltr'><strong>reum</strong></span> <span class='ocrx_word' id='word_1_269' title='bbox 509 2361 552 2399; x_wconf 89' lang='lat' dir='ltr'><strong>in</strong></span> <span class='ocrx_word' id='word_1_270' title='bbox 583 2361 679 2400; x_wconf 85' lang='lat' dir='ltr'><strong>Lex.</strong></span> <span class='ocrx_word' id='word_1_271' title='bbox 697 2362 796 2402; x_wconf 86' lang='lat' dir='ltr'><strong>crit.</strong></span> <span class='ocrx_word' id='word_1_272' title='bbox 833 2362 901 2401; x_wconf 89' lang='lat' dir='ltr'><strong>ubi</strong></span> <span class='ocrx_word' id='word_1_273' title='bbox 928 2363 1103 2414; x_wconf 85' lang='lat' dir='ltr'><strong>inprimis</strong></span> <span class='ocrx_word' id='word_1_274' title='bbox 1130 2363 1213 2402; x_wconf 91' lang='lat' dir='ltr'><strong>lau-</strong></span> 
     </span>
     <span class='ocr_line' id='line_1_40' title="bbox 382 2413 1214 2458; baseline 0.001 -3"><span class='ocrx_word' id='word_1_275' title='bbox 382 2415 499 2455; x_wconf 89' lang='lat' dir='ltr'><strong>datur</strong></span> <span class='ocrx_word' id='word_1_276' title='bbox 531 2413 560 2456; x_wconf 87' lang='lat' dir='ltr'><strong>l.</strong></span> <span class='ocrx_word' id='word_1_277' title='bbox 589 2417 629 2456; x_wconf 87' lang='lat'><strong>1.</strong></span> <span class='ocrx_word' id='word_1_278' title='bbox 660 2414 709 2456; x_wconf 82' lang='lat' dir='ltr'><strong>C.</strong></span> <span class='ocrx_word' id='word_1_279' title='bbox 735 2414 887 2455; x_wconf 86' lang='lat' dir='ltr'><strong>Theod.</strong></span> <span class='ocrx_word' id='word_1_280' title='bbox 911 2415 940 2457; x_wconf 89' lang='lat' dir='ltr'><strong>l.</strong></span> <span class='ocrx_word' id='word_1_281' title='bbox 959 2419 1001 2457; x_wconf 77' lang='lat'><strong>2.</strong></span> <span class='ocrx_word' id='word_1_282' title='bbox 1021 2421 1050 2456; x_wconf 81' lang='lat' dir='ltr'><strong>t.</strong></span> <span class='ocrx_word' id='word_1_283' title='bbox 1069 2420 1134 2458; x_wconf 88' lang='grc'><strong>19.</strong></span> <span class='ocrx_word' id='word_1_284' title='bbox 1164 2417 1214 2456; x_wconf 90' lang='lat' dir='ltr'><strong>de</strong></span> 
     </span>
     <span class='ocr_line' id='line_1_41' title="bbox 382 2466 556 2521; baseline 0.011 -14"><span class='ocrx_word' id='word_1_285' title='bbox 382 2466 556 2521; x_wconf 85' lang='lat' dir='ltr'><strong>inoffic.)</strong></span> 
     </span>
    </p>

    <p class='ocr_par' dir='ltr' id='par_1_3' title="bbox 334 2520 1215 2737">
     <span class='ocr_line' id='line_1_42' title="bbox 334 2520 1212 2577; baseline 0 -14"><span class='ocrx_word' id='word_1_286' title='bbox 334 2521 560 2570; x_wconf 85' lang='lat' dir='ltr'><strong>Germania,</strong></span> <span class='ocrx_word' id='word_1_287' title='bbox 576 2520 797 2577; x_wconf 88' lang='lat' dir='ltr'><strong>(provincia</strong></span> <span class='ocrx_word' id='word_1_288' title='bbox 815 2522 985 2577; x_wconf 81' lang='lat' dir='ltr'><strong>Europae</strong></span> <span class='ocrx_word' id='word_1_289' title='bbox 1001 2522 1212 2577; x_wconf 81' lang='lat' dir='ltr'><strong>maxima):</strong></span> 
     </span>
     <span class='ocr_line' id='line_1_43' title="bbox 383 2575 1215 2632; baseline 0.002 -16"><span class='ocrx_word' id='word_1_290' title='bbox 383 2577 427 2616; x_wconf 90' lang='lat' dir='ltr'><strong>in</strong></span> <span class='ocrx_word' id='word_1_291' title='bbox 449 2575 660 2617; x_wconf 86' lang='lat' dir='ltr'><strong>Germania</strong></span> <span class='ocrx_word' id='word_1_292' title='bbox 691 2578 845 2630; x_wconf 86' lang='lat' dir='ltr'><strong>potoria</strong></span> <span class='ocrx_word' id='word_1_293' title='bbox 868 2591 960 2617; x_wconf 85' lang='lat' dir='ltr'><strong>vasa</strong></span> <span class='ocrx_word' id='word_1_294' title='bbox 985 2592 1033 2619; x_wconf 79' lang='lat' dir='ltr'><strong>ex</strong></span> <span class='ocrx_word' id='word_1_295' title='bbox 1059 2579 1215 2632; x_wconf 82' lang='lat' dir='ltr'><strong>onyche</strong></span> 
     </span>
     <span class='ocr_line' id='line_1_44' title="bbox 382 2629 1215 2677; baseline 0.001 -7"><span class='ocrx_word' id='word_1_296' title='bbox 382 2631 504 2677; x_wconf 80' lang='lat' dir='ltr'><strong>facta,</strong></span> <span class='ocrx_word' id='word_1_297' title='bbox 524 2629 587 2670; x_wconf 89' lang='lat' dir='ltr'><strong>Fr.</strong></span> <span class='ocrx_word' id='word_1_298' title='bbox 607 2634 634 2671; x_wconf 87' lang='grc'>8</span> <span class='ocrx_word' id='word_1_299' title='bbox 672 2631 716 2671; x_wconf 89' lang='lat' dir='ltr'><strong>in</strong></span> <span class='ocrx_word' id='word_1_300' title='bbox 742 2631 962 2673; x_wconf 84' lang='lat' dir='ltr'><strong>Germaniae</strong></span> <span class='ocrx_word' id='word_1_301' title='bbox 981 2631 1111 2673; x_wconf 86' lang='lat' dir='ltr'><strong>littora</strong></span> <span class='ocrx_word' id='word_1_302' title='bbox 1125 2632 1215 2673; x_wconf 82' lang='lat' dir='ltr'><strong>Indi</strong></span> 
     </span>
     <span class='ocr_line' id='line_1_45' title="bbox 384 2685 820 2737; baseline 0.009 -15"><span class='ocrx_word' id='word_1_303' title='bbox 384 2685 543 2737; x_wconf 88' lang='lat' dir='ltr'><strong>quidam</strong></span> <span class='ocrx_word' id='word_1_304' title='bbox 562 2685 705 2733; x_wconf 87' lang='lat' dir='ltr'><strong>exiere,</strong></span> <span class='ocrx_word' id='word_1_305' title='bbox 722 2685 820 2726; x_wconf 89' lang='lat' dir='ltr'><strong>ibid.</strong></span> 
     </span>
    </p>
   </div>
   <div class='ocr_carea' id='block_1_3' title="bbox 328 2719 1222 2792">
    <p class='ocr_par' dir='ltr' id='par_1_4' title="bbox 328 2719 1222 2792">
     <span class='ocr_line' id='line_1_46' title="bbox 328 2719 1222 2792; baseline 0.001 -15"><span class='ocrx_word' id='word_1_306' title='bbox 328 2736 498 2778; x_wconf 88' lang='lat' dir='ltr'><strong>Gladius</strong></span> <span class='ocrx_word' id='word_1_307' title='bbox 516 2753 526 2777; x_wconf 75' lang='grc' dir='ltr'><strong><em>ε</em></strong></span> <span class='ocrx_word' id='word_1_308' title='bbox 546 2738 720 2791; x_wconf 85' lang='lat' dir='ltr'><strong>gladium</strong></span> <span class='ocrx_word' id='word_1_309' title='bbox 744 2752 815 2792; x_wconf 90' lang='lat' dir='ltr'><strong>per</strong></span> <span class='ocrx_word' id='word_1_310' title='bbox 835 2740 1020 2780; x_wconf 83' lang='lat' dir='ltr'><strong>fenestras</strong></span> <span class='ocrx_word' id='word_1_311' title='bbox 1038 2739 1151 2780; x_wconf 87' lang='lat' dir='ltr'><strong>dedit</strong></span> <span class='ocrx_word' id='word_1_312' title='bbox 1175 2719 1222 2786; x_wconf 27' lang='lat' dir='ltr'><strong>x,-</strong></span> 
     </span>
    </p>
   </div>
   <div class='ocr_carea' id='block_1_4' title="bbox 332 2792 1218 3551">
    <p class='ocr_par' dir='ltr' id='par_1_5' title="bbox 332 2792 1217 3443">
     <span class='ocr_line' id='line_1_47' title="bbox 385 2792 1215 2848; baseline 0 -15"><span class='ocrx_word' id='word_1_313' title='bbox 385 2795 413 2833; x_wconf 81' lang='lat'><em>9</em></span> <span class='ocrx_word' id='word_1_314' title='bbox 441 2792 563 2845; x_wconf 86' lang='lat' dir='ltr'><strong>gladii</strong></span> <span class='ocrx_word' id='word_1_315' title='bbox 579 2793 722 2833; x_wconf 84' lang='lat' dir='ltr'><strong>minuti</strong></span> <span class='ocrx_word' id='word_1_316' title='bbox 739 2794 978 2848; x_wconf 85' lang='lat' dir='ltr'><strong>(breviores)</strong></span> <span class='ocrx_word' id='word_1_317' title='bbox 1006 2794 1060 2842; x_wconf 80' lang='lat' dir='ltr'><strong>xi,</strong></span> <span class='ocrx_word' id='word_1_318' title='bbox 1081 2798 1103 2834; x_wconf 91' lang='lat'>1</span> <span class='ocrx_word' id='word_1_319' title='bbox 1134 2793 1215 2846; x_wconf 88' lang='lat' dir='ltr'><strong>gla-</strong></span> 
     </span>
     <span class='ocr_line' id='line_1_48' title="bbox 385 2846 1138 2902; baseline 0.003 -17"><span class='ocrx_word' id='word_1_320' title='bbox 385 2846 472 2886; x_wconf 82' lang='lat' dir='ltr'><strong>dios</strong></span> <span class='ocrx_word' id='word_1_321' title='bbox 489 2847 652 2886; x_wconf 90' lang='lat' dir='ltr'><strong>obruere</strong></span> <span class='ocrx_word' id='word_1_322' title='bbox 681 2847 759 2896; x_wconf 76' lang='lat' dir='ltr'><strong>xiV‚</strong></span> <span class='ocrx_word' id='word_1_323' title='bbox 777 2852 827 2889; x_wconf 91' lang='lat' dir='ltr'><strong>ll</strong></span> <span class='ocrx_word' id='word_1_324' title='bbox 857 2849 920 2902; x_wconf 87' lang='lat' dir='ltr'><strong>(v.</strong></span> <span class='ocrx_word' id='word_1_325' title='bbox 940 2846 1138 2900; x_wconf 90' lang='lat' dir='ltr'><strong>Obruere)</strong></span> 
     </span>
     <span class='ocr_line' id='line_1_49' title="bbox 332 2897 1216 2955; baseline 0.002 -17"><span class='ocrx_word' id='word_1_326' title='bbox 332 2897 510 2939; x_wconf 81' lang='lat' dir='ltr'><strong>Globus:</strong></span> <span class='ocrx_word' id='word_1_327' title='bbox 538 2900 594 2940; x_wconf 88' lang='lat' dir='ltr'><strong>sic</strong></span> <span class='ocrx_word' id='word_1_328' title='bbox 620 2900 688 2941; x_wconf 86' lang='lat' dir='ltr'><strong>ille</strong></span> <span class='ocrx_word' id='word_1_329' title='bbox 703 2902 971 2942; x_wconf 83' lang='lat' dir='ltr'><strong>consensionis</strong></span> <span class='ocrx_word' id='word_1_330' title='bbox 988 2903 1127 2955; x_wconf 87' lang='lat' dir='ltr'><strong>globus</strong></span> <span class='ocrx_word' id='word_1_331' title='bbox 1143 2903 1216 2941; x_wconf 92' lang='lat' dir='ltr'><strong>hu-</strong></span> 
     </span>
     <span class='ocr_line' id='line_1_50' title="bbox 382 2952 1216 3009; baseline 0.002 -17"><span class='ocrx_word' id='word_1_332' title='bbox 382 2953 450 3006; x_wconf 85' lang='lat' dir='ltr'><strong>jus</strong></span> <span class='ocrx_word' id='word_1_333' title='bbox 467 2952 584 2993; x_wconf 89' lang='lat' dir='ltr'><strong>unius</strong></span> <span class='ocrx_word' id='word_1_334' title='bbox 602 2952 843 2997; x_wconf 77' lang='lat' dir='ltr'><strong>dissensione</strong></span> <span class='ocrx_word' id='word_1_335' title='bbox 858 2955 1048 3009; x_wconf 84' lang='lat' dir='ltr'><strong>disjectus</strong></span> <span class='ocrx_word' id='word_1_336' title='bbox 1064 2960 1125 2996; x_wconf 87' lang='lat' dir='ltr'><strong>est</strong></span> <span class='ocrx_word' id='word_1_337' title='bbox 1143 2955 1216 3009; x_wconf 92' lang='lat' dir='ltr'><strong>(de</strong></span> 
     </span>
     <span class='ocr_line' id='line_1_51' title="bbox 385 3009 1216 3062; baseline 0.004 -16"><span class='ocrx_word' id='word_1_338' title='bbox 385 3019 546 3048; x_wconf 88' lang='lat' dir='ltr'><strong>numero</strong></span> <span class='ocrx_word' id='word_1_339' title='bbox 577 3009 898 3062; x_wconf 87' lang='lat' dir='ltr'><strong>conspiratorum,</strong></span> <span class='ocrx_word' id='word_1_340' title='bbox 926 3010 1112 3058; x_wconf 87' lang='lat' dir='ltr'><strong>factione,</strong></span> <span class='ocrx_word' id='word_1_341' title='bbox 1149 3022 1216 3049; x_wconf 90' lang='lat' dir='ltr'><strong>co-</strong></span> 
     </span>
     <span class='ocr_line' id='line_1_52' title="bbox 383 3061 1214 3116; baseline 0 -15"><span class='ocrx_word' id='word_1_342' title='bbox 383 3061 509 3110; x_wconf 84' lang='lat' dir='ltr'><strong>horte,</strong></span> <span class='ocrx_word' id='word_1_343' title='bbox 523 3062 656 3116; x_wconf 80' lang='lat' dir='ltr'><strong>turba)</strong></span> <span class='ocrx_word' id='word_1_344' title='bbox 668 3077 757 3113; x_wconf 85' lang='lat' dir='ltr'>xxv,</span> <span class='ocrx_word' id='word_1_345' title='bbox 771 3069 796 3105; x_wconf 88' lang='grc'>8</span> <span class='ocrx_word' id='word_1_346' title='bbox 834 3064 900 3103; x_wconf 93' lang='lat' dir='ltr'><strong>ubi</strong></span> <span class='ocrx_word' id='word_1_347' title='bbox 908 3064 1137 3104; x_wconf 88' lang='lat' dir='ltr'><strong>Buchnerus</strong></span> <span class='ocrx_word' id='word_1_348' title='bbox 1147 3075 1214 3102; x_wconf 88' lang='lat' dir='ltr'><strong>an-</strong></span> 
     </span>
     <span class='ocr_line' id='line_1_53' title="bbox 387 3116 1215 3171; baseline 0 -16"><span class='ocrx_word' id='word_1_349' title='bbox 387 3123 513 3163; x_wconf 89' lang='lat' dir='ltr'><strong>notat,</strong></span> <span class='ocrx_word' id='word_1_350' title='bbox 527 3122 540 3140; x_wconf 84' lang='lat'>‘</span> <span class='ocrx_word' id='word_1_351' title='bbox 557 3117 727 3169; x_wconf 87' lang='lat' dir='ltr'><strong>globum’</strong></span> <span class='ocrx_word' id='word_1_352' title='bbox 746 3132 770 3158; x_wconf 91' lang='lat' dir='ltr'><strong>a</strong></span> <span class='ocrx_word' id='word_1_353' title='bbox 830 3123 947 3171; x_wconf 89' lang='lat' dir='ltr'><strong>epote</strong></span> <span class='ocrx_word' id='word_1_354' title='bbox 966 3117 1097 3157; x_wconf 85' lang='lat' dir='ltr'><strong>vocari</strong></span> <span class='ocrx_word' id='word_1_355' title='bbox 1112 3116 1215 3164; x_wconf 87' lang='lat' dir='ltr'><strong>illos,</strong></span> 
     </span>
     <span class='ocr_line' id='line_1_54' title="bbox 387 3170 1216 3226; baseline 0 -17"><span class='ocrx_word' id='word_1_356' title='bbox 387 3171 457 3222; x_wconf 88' lang='lat' dir='ltr'><strong>qui</strong></span> <span class='ocrx_word' id='word_1_357' title='bbox 471 3170 594 3210; x_wconf 87' lang='lat' dir='ltr'><strong>Bruto</strong></span> <span class='ocrx_word' id='word_1_358' title='bbox 612 3179 654 3211; x_wconf 86' lang='lat' dir='ltr'><strong>et</strong></span> <span class='ocrx_word' id='word_1_359' title='bbox 671 3172 807 3213; x_wconf 83' lang='lat' dir='ltr'><strong>Cassio</strong></span> <span class='ocrx_word' id='word_1_360' title='bbox 825 3173 1018 3226; x_wconf 88' lang='lat' dir='ltr'><strong>privatum</strong></span> <span class='ocrx_word' id='word_1_361' title='bbox 1043 3171 1216 3211; x_wconf 81' lang='lat' dir='ltr'><strong>aerarium</strong></span> 
     </span>
     <span class='ocr_line' id='line_1_55' title="bbox 386 3224 1217 3280; baseline 0.001 -18"><span class='ocrx_word' id='word_1_362' title='bbox 386 3224 623 3266; x_wconf 87' lang='lat' dir='ltr'><strong>constituere</strong></span> <span class='ocrx_word' id='word_1_363' title='bbox 662 3234 906 3280; x_wconf 86' lang='lat' dir='ltr'><strong>paraverant,</strong></span> <span class='ocrx_word' id='word_1_364' title='bbox 947 3232 989 3267; x_wconf 92' lang='lat' dir='ltr'><strong>et</strong></span> <span class='ocrx_word' id='word_1_365' title='bbox 1020 3225 1217 3277; x_wconf 85' lang='lat' dir='ltr'><strong>conspira-</strong></span> 
     </span>
     <span class='ocr_line' id='line_1_56' title="bbox 387 3281 1216 3331; baseline 0.002 -15"><span class='ocrx_word' id='word_1_366' title='bbox 387 3285 523 3317; x_wconf 88' lang='lat' dir='ltr'><strong>verant</strong></span> <span class='ocrx_word' id='word_1_367' title='bbox 558 3281 683 3331; x_wconf 81' lang='lat' dir='ltr'><strong>quasi,</strong></span> <span class='ocrx_word' id='word_1_368' title='bbox 719 3288 760 3320; x_wconf 90' lang='lat' dir='ltr'><strong>et</strong></span> <span class='ocrx_word' id='word_1_369' title='bbox 794 3281 1005 3322; x_wconf 78' lang='lat' dir='ltr'><strong>factionem</strong></span> <span class='ocrx_word' id='word_1_370' title='bbox 1032 3281 1216 3320; x_wconf 84' lang='lat' dir='ltr'><strong>fecerant.</strong></span> 
     </span>
     <span class='ocr_line' id='line_1_57' title="bbox 390 3331 1217 3388; baseline 0.01 -21"><span class='ocrx_word' id='word_1_371' title='bbox 390 3331 469 3370; x_wconf 86' lang='lat' dir='ltr'><strong>vid.</strong></span> <span class='ocrx_word' id='word_1_372' title='bbox 499 3332 584 3384; x_wconf 86' lang='lat' dir='ltr'><strong>ejus</strong></span> <span class='ocrx_word' id='word_1_373' title='bbox 600 3335 717 3375; x_wconf 88' lang='lat' dir='ltr'><strong>Thes.</strong></span> <span class='ocrx_word' id='word_1_374' title='bbox 743 3335 808 3376; x_wconf 86' lang='lat' dir='ltr'><strong>Sic</strong></span> <span class='ocrx_word' id='word_1_375' title='bbox 822 3336 927 3388; x_wconf 86' lang='lat' dir='ltr'><strong>apud</strong></span> <span class='ocrx_word' id='word_1_376' title='bbox 946 3333 1088 3375; x_wconf 87' lang='lat' dir='ltr'><strong>Vellei.</strong></span> <span class='ocrx_word' id='word_1_377' title='bbox 1106 3339 1118 3357; x_wconf 87' lang='lat'>‘</span> <span class='ocrx_word' id='word_1_378' title='bbox 1133 3331 1217 3388; x_wconf 81' lang='lat' dir='ltr'><strong>glo-</strong></span> 
     </span>
     <span class='ocr_line' id='line_1_58' title="bbox 391 3383 1004 3443; baseline 0.016 -22"><span class='ocrx_word' id='word_1_379' title='bbox 391 3383 464 3422; x_wconf 88' lang='lat' dir='ltr'><strong>bus</strong></span> <span class='ocrx_word' id='word_1_380' title='bbox 483 3386 773 3437; x_wconf 88' lang='lat' dir='ltr'><strong>conjurationis&#39;</strong></span> <span class='ocrx_word' id='word_1_381' title='bbox 805 3390 847 3437; x_wconf 89' lang='lat' dir='ltr'><strong>ii,</strong></span> <span class='ocrx_word' id='word_1_382' title='bbox 866 3393 938 3437; x_wconf 65' lang='grc'><strong>58,</strong></span> <span class='ocrx_word' id='word_1_383' title='bbox 956 3388 1004 3443; x_wconf 95' lang='lat'><strong>1)</strong></span> 
     </span>
    </p>

    <p class='ocr_par' dir='ltr' id='par_1_6' title="bbox 338 3435 1218 3551">
     <span class='ocr_line' id='line_1_59' title="bbox 338 3435 1218 3497; baseline 0.005 -19"><span class='ocrx_word' id='word_1_384' title='bbox 338 3435 497 3478; x_wconf 86' lang='lat' dir='ltr'><strong>Gloria:</strong></span> <span class='ocrx_word' id='word_1_385' title='bbox 526 3440 648 3490; x_wconf 86' lang='lat' dir='ltr'><strong>gloria</strong></span> <span class='ocrx_word' id='word_1_386' title='bbox 673 3443 861 3493; x_wconf 84' lang='lat' dir='ltr'><strong>majorum</strong></span> <span class='ocrx_word' id='word_1_387' title='bbox 880 3443 956 3497; x_wconf 84' lang='lat' dir='ltr'><strong>(sc.</strong></span> <span class='ocrx_word' id='word_1_388' title='bbox 984 3444 1035 3483; x_wconf 92' lang='lat' dir='ltr'><strong>ob</strong></span> <span class='ocrx_word' id='word_1_389' title='bbox 1062 3442 1218 3495; x_wconf 88' lang='lat' dir='ltr'><strong>merita)</strong></span> 
     </span>
     <span class='ocr_line' id='line_1_60' title="bbox 391 3490 1218 3551; baseline 0.006 -20"><span class='ocrx_word' id='word_1_390' title='bbox 391 3490 420 3539; x_wconf 85' lang='lat' dir='ltr'><strong>i,</strong></span> <span class='ocrx_word' id='word_1_391' title='bbox 440 3494 462 3534; x_wconf 87' lang='grc'><strong>1</strong></span> <span class='ocrx_word' id='word_1_392' title='bbox 492 3504 614 3534; x_wconf 88' lang='lat' dir='ltr'><strong>rerum</strong></span> <span class='ocrx_word' id='word_1_393' title='bbox 634 3502 824 3548; x_wconf 79' lang='lat' dir='ltr'><strong>gestarum</strong></span> <span class='ocrx_word' id='word_1_394' title='bbox 851 3497 929 3545; x_wconf 79' lang='lat' dir='ltr'><strong>xxi,</strong></span> <span class='ocrx_word' id='word_1_395' title='bbox 948 3500 975 3539; x_wconf 81' lang='lat'>2</span> <span class='ocrx_word' id='word_1_396' title='bbox 1014 3497 1144 3551; x_wconf 85' lang='lat' dir='ltr'><strong>gloriae</strong></span> <span class='ocrx_word' id='word_1_397' title='bbox 1158 3498 1218 3536; x_wconf 88' lang='lat' dir='ltr'><strong>in-</strong></span> 
     </span>
    </p>
   </div>
   <div class='ocr_carea' id='block_1_5' title="bbox 1158 247 1361 291">
    <p class='ocr_par' dir='ltr' id='par_1_7' title="bbox 1158 247 1361 291">
     <span class='ocr_line' id='line_1_61' title="bbox 1158 247 1361 291; baseline 0.015 -3"><span class='ocrx_word' id='word_1_398' title='bbox 1158 247 1361 291; x_wconf 82' lang='lat' dir='ltr'>INDEX</span> 
     </span>
    </p>
   </div>
   <div class='ocr_carea' id='block_1_6' title="bbox 1275 375 2165 3546">
    <p class='ocr_par' dir='ltr' id='par_1_8' title="bbox 1323 375 2158 1113">
     <span class='ocr_line' id='line_1_62' title="bbox 1324 375 2153 432; baseline 0.01 -17"><span class='ocrx_word' id='word_1_399' title='bbox 1324 375 1491 418; x_wconf 73' lang='lat' dir='ltr'><strong>selentia</strong></span> <span class='ocrx_word' id='word_1_400' title='bbox 1518 375 1611 425; x_wconf 84' lang='lat' dir='ltr'><strong>xvii,</strong></span> <span class='ocrx_word' id='word_1_401' title='bbox 1630 380 1655 418; x_wconf 82' lang='lat'>⁵</span> <span class='ocrx_word' id='word_1_402' title='bbox 1702 375 1766 432; x_wconf 78' lang='lat' dir='ltr'><strong>(v.</strong></span> <span class='ocrx_word' id='word_1_403' title='bbox 1801 376 1890 418; x_wconf 76' lang='lat' dir='ltr'><strong>infr.</strong></span> <span class='ocrx_word' id='word_1_404' title='bbox 1925 378 2153 423; x_wconf 82' lang='lat' dir='ltr'><strong>Insolentia.</strong></span> 
     </span>
     <span class='ocr_line' id='line_1_63' title="bbox 1325 430 2152 486; baseline 0.006 -16"><span class='ocrx_word' id='word_1_405' title='bbox 1325 431 1523 483; x_wconf 83' lang='lat' dir='ltr'><strong>Cognatas</strong></span> <span class='ocrx_word' id='word_1_406' title='bbox 1547 444 1663 472; x_wconf 83' lang='lat' dir='ltr'><strong>voces</strong></span> <span class='ocrx_word' id='word_1_407' title='bbox 1690 430 1897 486; x_wconf 86' lang='lat' dir='ltr'><strong>conjunxit</strong></span> <span class='ocrx_word' id='word_1_408' title='bbox 1913 433 2044 476; x_wconf 81' lang='lat' dir='ltr'><strong>Caesar</strong></span> <span class='ocrx_word' id='word_1_409' title='bbox 2066 436 2094 476; x_wconf 88' lang='lat' dir='ltr'><strong>l.</strong></span> <span class='ocrx_word' id='word_1_410' title='bbox 2114 441 2152 478; x_wconf 83' lang='lat'><strong>1.</strong></span> 
     </span>
     <span class='ocr_line' id='line_1_64' title="bbox 1325 483 2153 539; baseline 0.006 -15"><span class='ocrx_word' id='word_1_411' title='bbox 1325 483 1374 524; x_wconf 88' lang='grc' dir='ltr'><strong>Β.</strong></span> <span class='ocrx_word' id='word_1_412' title='bbox 1394 484 1446 525; x_wconf 89' lang='lat' dir='ltr'><strong>G.</strong></span> <span class='ocrx_word' id='word_1_413' title='bbox 1462 498 1497 526; x_wconf 82' lang='lat' dir='ltr'><strong>c.</strong></span> <span class='ocrx_word' id='word_1_414' title='bbox 1518 489 1583 528; x_wconf 78' lang='lat'><strong>14.</strong></span> <span class='ocrx_word' id='word_1_415' title='bbox 1611 491 1624 510; x_wconf 81' lang='lat'>‘</span> <span class='ocrx_word' id='word_1_416' title='bbox 1641 486 1748 539; x_wconf 92' lang='lat' dir='ltr'><strong>quod</strong></span> <span class='ocrx_word' id='word_1_417' title='bbox 1777 498 1848 526; x_wconf 85' lang='lat' dir='ltr'><strong>sua</strong></span> <span class='ocrx_word' id='word_1_418' title='bbox 1870 486 2033 529; x_wconf 72' lang='lat' dir='ltr'><strong>victoria</strong></span> <span class='ocrx_word' id='word_1_419' title='bbox 2049 489 2153 530; x_wconf 87' lang='lat' dir='ltr'><strong>inso-</strong></span> 
     </span>
     <span class='ocr_line' id='line_1_65' title="bbox 1324 538 2154 593; baseline 0.007 -15"><span class='ocrx_word' id='word_1_420' title='bbox 1324 538 1448 579; x_wconf 71' lang='lat' dir='ltr'><strong>lenter</strong></span> <span class='ocrx_word' id='word_1_421' title='bbox 1461 539 1710 592; x_wconf 65' lang='lat' dir='ltr'><strong>gloriaretur?</strong></span> <span class='ocrx_word' id='word_1_422' title='bbox 1741 538 1897 593; x_wconf 87' lang='lat' dir='ltr'><strong>Vorst.)</strong></span> <span class='ocrx_word' id='word_1_423' title='bbox 1967 542 2060 582; x_wconf 76' lang='lat' dir='ltr'><strong>oriae</strong></span> <span class='ocrx_word' id='word_1_424' title='bbox 2085 556 2154 583; x_wconf 88' lang='lat' dir='ltr'><strong>co·</strong></span> 
     </span>
     <span class='ocr_line' id='line_1_66' title="bbox 1323 592 2155 649; baseline 0.006 -18"><span class='ocrx_word' id='word_1_425' title='bbox 1323 603 1404 631; x_wconf 85' lang='lat' dir='ltr'><strong>mes</strong></span> <span class='ocrx_word' id='word_1_426' title='bbox 1416 592 1564 633; x_wconf 86' lang='lat' dir='ltr'><strong>invidia</strong></span> <span class='ocrx_word' id='word_1_427' title='bbox 1575 594 1641 641; x_wconf 80' lang='lat' dir='ltr'><strong>xii,</strong></span> <span class='ocrx_word' id='word_1_428' title='bbox 1655 597 1679 634; x_wconf 90' lang='lat'><strong>3</strong></span> <span class='ocrx_word' id='word_1_429' title='bbox 1695 593 1854 646; x_wconf 88' lang='lat' dir='ltr'><strong>gloriam</strong></span> <span class='ocrx_word' id='word_1_430' title='bbox 1867 595 1931 635; x_wconf 87' lang='lat' dir='ltr'><strong>bel</strong></span> <span class='ocrx_word' id='word_1_431' title='bbox 1948 596 1962 635; x_wconf 89' lang='lat' dir='ltr'><strong>i</strong></span> <span class='ocrx_word' id='word_1_432' title='bbox 1974 608 2155 649; x_wconf 84' lang='lat' dir='ltr'><strong>maguam</strong></span> 
     </span>
     <span class='ocr_line' id='line_1_67' title="bbox 1326 646 2158 702; baseline 0.008 -19"><span class='ocrx_word' id='word_1_433' title='bbox 1326 646 1431 698; x_wconf 87' lang='lat' dir='ltr'><strong>turpi</strong></span> <span class='ocrx_word' id='word_1_434' title='bbox 1447 653 1570 687; x_wconf 87' lang='lat' dir='ltr'><strong>morte</strong></span> <span class='ocrx_word' id='word_1_435' title='bbox 1586 646 1797 687; x_wconf 84' lang='lat' dir='ltr'><strong>maculavit</strong></span> <span class='ocrx_word' id='word_1_436' title='bbox 1821 649 1876 695; x_wconf 84' lang='lat' dir='ltr'><strong>iv,</strong></span> <span class='ocrx_word' id='word_1_437' title='bbox 1893 652 1917 689; x_wconf 91' lang='grc'><strong>5</strong></span> <span class='ocrx_word' id='word_1_438' title='bbox 1947 647 2158 702; x_wconf 86' lang='lat' dir='ltr'><strong>Agamem-</strong></span> 
     </span>
     <span class='ocr_line' id='line_1_68' title="bbox 1324 699 2155 754; baseline 0.006 -15"><span class='ocrx_word' id='word_1_439' title='bbox 1324 699 1438 740; x_wconf 85' lang='lat' dir='ltr'><strong>nonis</strong></span> <span class='ocrx_word' id='word_1_440' title='bbox 1455 701 1548 740; x_wconf 90' lang='lat' dir='ltr'><strong>belli</strong></span> <span class='ocrx_word' id='word_1_441' title='bbox 1565 701 1724 754; x_wconf 84' lang='lat' dir='ltr'><strong>gloriam</strong></span> <span class='ocrx_word' id='word_1_442' title='bbox 1743 701 1818 741; x_wconf 84' lang='lat' dir='ltr'><strong>sibi</strong></span> <span class='ocrx_word' id='word_1_443' title='bbox 1834 702 2036 742; x_wconf 80' lang='lat' dir='ltr'><strong>videbatur</strong></span> <span class='ocrx_word' id='word_1_444' title='bbox 2061 715 2155 744; x_wconf 85' lang='lat' dir='ltr'><strong>con-</strong></span> 
     </span>
     <span class='ocr_line' id='line_1_69' title="bbox 1326 756 2156 808; baseline 0.006 -16"><span class='ocrx_word' id='word_1_445' title='bbox 1326 760 1482 794; x_wconf 84' lang='lat' dir='ltr'><strong>secutus</strong></span> <span class='ocrx_word' id='word_1_446' title='bbox 1507 768 1572 802; x_wconf 85' lang='lat' dir='ltr'><strong>xv,</strong></span> <span class='ocrx_word' id='word_1_447' title='bbox 1590 760 1614 796; x_wconf 84' lang='grc'><strong>5</strong></span> <span class='ocrx_word' id='word_1_448' title='bbox 1647 761 1785 807; x_wconf 77' lang='lat' dir='ltr'><strong>praeter</strong></span> <span class='ocrx_word' id='word_1_449' title='bbox 1802 756 1961 808; x_wconf 88' lang='lat' dir='ltr'><strong>gloriam</strong></span> <span class='ocrx_word' id='word_1_450' title='bbox 1987 756 2086 795; x_wconf 86' lang='lat' dir='ltr'><strong>nihil</strong></span> <span class='ocrx_word' id='word_1_451' title='bbox 2105 758 2156 797; x_wconf 88' lang='lat' dir='ltr'><strong>de</strong></span> 
     </span>
     <span class='ocr_line' id='line_1_70' title="bbox 1325 807 2156 862; baseline 0.008 -18"><span class='ocrx_word' id='word_1_452' title='bbox 1325 807 1477 858; x_wconf 89' lang='lat' dir='ltr'><strong>republ.</strong></span> <span class='ocrx_word' id='word_1_453' title='bbox 1494 807 1600 859; x_wconf 86' lang='lat' dir='ltr'><strong>cepit</strong></span> <span class='ocrx_word' id='word_1_454' title='bbox 1627 821 1692 855; x_wconf 82' lang='lat' dir='ltr'><strong>xv,</strong></span> <span class='ocrx_word' id='word_1_455' title='bbox 1711 811 1736 848; x_wconf 87' lang='lat'><strong>3</strong></span> <span class='ocrx_word' id='word_1_456' title='bbox 1777 809 1938 860; x_wconf 83' lang='lat' dir='ltr'><strong>gloriam</strong></span> <span class='ocrx_word' id='word_1_457' title='bbox 1956 817 2156 862; x_wconf 82' lang='lat' dir='ltr'><strong>paternam</strong></span> 
     </span>
     <span class='ocr_line' id='line_1_71' title="bbox 1325 859 2156 916; baseline 0.008 -19"><span class='ocrx_word' id='word_1_458' title='bbox 1325 860 1426 898; x_wconf 86' lang='lat' dir='ltr'><strong>tueri</strong></span> <span class='ocrx_word' id='word_1_459' title='bbox 1452 859 1532 907; x_wconf 85' lang='lat' dir='ltr'><strong>xix,</strong></span> <span class='ocrx_word' id='word_1_460' title='bbox 1553 864 1574 900; x_wconf 89' lang='lat' dir='ltr'><strong>l</strong></span> <span class='ocrx_word' id='word_1_461' title='bbox 1605 860 1766 912; x_wconf 85' lang='lat' dir='ltr'><strong>gloriam</strong></span> <span class='ocrx_word' id='word_1_462' title='bbox 1783 873 1807 902; x_wconf 90' lang='lat' dir='ltr'><strong>a</strong></span> <span class='ocrx_word' id='word_1_463' title='bbox 1826 868 1936 914; x_wconf 77' lang='lat' dir='ltr'><strong>patre</strong></span> <span class='ocrx_word' id='word_1_464' title='bbox 1953 870 2156 916; x_wconf 75' lang='lat' dir='ltr'><strong>acceptam</strong></span> 
     </span>
     <span class='ocr_line' id='line_1_72' title="bbox 1326 913 2158 970; baseline 0.007 -19"><span class='ocrx_word' id='word_1_465' title='bbox 1326 913 1458 954; x_wconf 89' lang='lat' dir='ltr'><strong>multis</strong></span> <span class='ocrx_word' id='word_1_466' title='bbox 1476 915 1679 954; x_wconf 86' lang='lat' dir='ltr'><strong>virtutibus</strong></span> <span class='ocrx_word' id='word_1_467' title='bbox 1700 926 1841 968; x_wconf 85' lang='lat' dir='ltr'><strong>augere</strong></span> <span class='ocrx_word' id='word_1_468' title='bbox 1867 915 1949 963; x_wconf 83' lang='lat' dir='ltr'><strong>xiii,</strong></span> <span class='ocrx_word' id='word_1_469' title='bbox 1969 919 1993 957; x_wconf 86' lang='lat'>1</span> <span class='ocrx_word' id='word_1_470' title='bbox 2035 917 2158 970; x_wconf 84' lang='lat' dir='ltr'><strong>gloria</strong></span> 
     </span>
     <span class='ocr_line' id='line_1_73' title="bbox 1325 965 2158 1023; baseline 0.006 -18"><span class='ocrx_word' id='word_1_471' title='bbox 1325 965 1541 1007; x_wconf 85' lang='lat' dir='ltr'><strong>inveterata</strong></span> <span class='ocrx_word' id='word_1_472' title='bbox 1566 967 1673 1016; x_wconf 83' lang='lat' dir='ltr'><strong>xviii,</strong></span> <span class='ocrx_word' id='word_1_473' title='bbox 1701 972 1728 1009; x_wconf 84' lang='lat'>8</span> <span class='ocrx_word' id='word_1_474' title='bbox 1773 981 1914 1021; x_wconf 89' lang='lat' dir='ltr'><strong>magna</strong></span> <span class='ocrx_word' id='word_1_475' title='bbox 1930 969 2007 1009; x_wconf 82' lang='lat' dir='ltr'><strong>suit</strong></span> <span class='ocrx_word' id='word_1_476' title='bbox 2037 970 2158 1023; x_wconf 86' lang='lat' dir='ltr'><strong>gloria</strong></span> 
     </span>
     <span class='ocr_line' id='line_1_74' title="bbox 1327 1020 2157 1076; baseline 0.006 -17"><span class='ocrx_word' id='word_1_477' title='bbox 1327 1021 1483 1061; x_wconf 89' lang='lat' dir='ltr'><strong>honoris</strong></span> <span class='ocrx_word' id='word_1_478' title='bbox 1501 1034 1647 1063; x_wconf 86' lang='lat' dir='ltr'><strong>corona</strong></span> <span class='ocrx_word' id='word_1_479' title='bbox 1673 1020 1756 1070; x_wconf 81' lang='lat' dir='ltr'><strong>viii,</strong></span> <span class='ocrx_word' id='word_1_480' title='bbox 1783 1025 1811 1064; x_wconf 77' lang='lat'>4</span> <span class='ocrx_word' id='word_1_481' title='bbox 1839 1023 1900 1076; x_wconf 75' lang='lat' dir='ltr'><strong>(v-</strong></span> <span class='ocrx_word' id='word_1_482' title='bbox 1917 1022 2015 1064; x_wconf 86' lang='lat' dir='ltr'><strong>Esse</strong></span> <span class='ocrx_word' id='word_1_483' title='bbox 2038 1024 2157 1064; x_wconf 79' lang='lat' dir='ltr'><strong>absti-</strong></span> 
     </span>
     <span class='ocr_line' id='line_1_75' title="bbox 1330 1075 2065 1113; baseline -0.004 0"><span class='ocrx_word' id='word_1_484' title='bbox 1330 1086 1356 1112; x_wconf 92' lang='lat' dir='ltr'><strong>n</strong></span> <span class='ocrx_word' id='word_1_485' title='bbox 1410 1075 1438 1113; x_wconf 85' lang='lat' dir='ltr'><strong>t·</strong></span> <span class='ocrx_word' id='word_1_486' title='bbox 2059 1104 2065 1110; x_wconf 23' lang='lat' dir='ltr'><strong>r</strong></span> 
     </span>
    </p>

    <p class='ocr_par' dir='ltr' id='par_1_9' title="bbox 1275 1075 2158 1236">
     <span class='ocr_line' id='line_1_76' title="bbox 1275 1075 2158 1222; baseline 0.002 -55"><span class='ocrx_word' id='word_1_487' title='bbox 1275 1075 1496 1168; x_wconf 44' lang='lat' dir='ltr'><strong>Gloffildsiilnii</strong></span> <span class='ocrx_word' id='word_1_488' title='bbox 1517 1126 1793 1222; x_wconf 57' lang='grc' dir='ltr'><strong>(ἆλαζονικὸνΡ</strong></span> <span class='ocrx_word' id='word_1_489' title='bbox 1820 1143 1885 1177; x_wconf 83' lang='lat' dir='ltr'><strong>xx,</strong></span> <span class='ocrx_word' id='word_1_490' title='bbox 1903 1133 1930 1172; x_wconf 70' lang='lat'>4</span> <span class='ocrx_word' id='word_1_491' title='bbox 1975 1127 2062 1184; x_wconf 81' lang='lat' dir='ltr'><strong>(Sic</strong></span> <span class='ocrx_word' id='word_1_492' title='bbox 2093 1143 2158 1184; x_wconf 85' lang='lat' dir='ltr'><strong>ap.</strong></span> 
     </span>
     <span class='ocr_line' id='line_1_77' title="bbox 1332 1183 2009 1236; baseline 0 -14"><span class='ocrx_word' id='word_1_493' title='bbox 1332 1183 1462 1222; x_wconf 84' lang='lat' dir='ltr'><strong>Plaut.</strong></span> <span class='ocrx_word' id='word_1_494' title='bbox 1483 1189 1494 1206; x_wconf 88' lang='lat'>‘</span> <span class='ocrx_word' id='word_1_495' title='bbox 1510 1184 1699 1236; x_wconf 88' lang='lat' dir='ltr'><strong>gloriosus</strong></span> <span class='ocrx_word' id='word_1_496' title='bbox 1716 1184 1768 1223; x_wconf 86' lang='lat' dir='ltr'><strong>mi</strong></span> <span class='ocrx_word' id='word_1_497' title='bbox 1784 1184 1855 1224; x_wconf 88' lang='lat' dir='ltr'><strong>es.&#39;</strong></span> <span class='ocrx_word' id='word_1_498' title='bbox 1873 1183 2009 1223; x_wconf 87' lang='lat' dir='ltr'><strong>Lamb.</strong></span> 
     </span>
    </p>

    <p class='ocr_par' dir='ltr' id='par_1_10' title="bbox 1275 1234 2158 1338">
     <span class='ocr_line' id='line_1_78' title="bbox 1275 1234 2158 1292; baseline 0.003 -17"><span class='ocrx_word' id='word_1_499' title='bbox 1275 1234 1444 1280; x_wconf 85' lang='lat' dir='ltr'><strong>Golonae</strong></span> <span class='ocrx_word' id='word_1_500' title='bbox 1455 1249 1487 1277; x_wconf 85' lang='lat' dir='ltr'><strong>s.</strong></span> <span class='ocrx_word' id='word_1_501' title='bbox 1500 1238 1662 1279; x_wconf 87' lang='lat' dir='ltr'><strong>Colonae</strong></span> <span class='ocrx_word' id='word_1_502' title='bbox 1681 1237 1865 1292; x_wconf 82' lang='lat' dir='ltr'><strong>(locusin</strong></span> <span class='ocrx_word' id='word_1_503' title='bbox 1880 1250 1972 1292; x_wconf 85' lang='lat' dir='ltr'><strong>agro</strong></span> <span class='ocrx_word' id='word_1_504' title='bbox 2019 1236 2158 1292; x_wconf 84' lang='lat' dir='ltr'><strong>roade)</strong></span> 
     </span>
     <span class='ocr_line' id='line_1_79' title="bbox 1329 1290 1427 1338; baseline -0.02 -9"><span class='ocrx_word' id='word_1_505' title='bbox 1329 1290 1382 1338; x_wconf 88' lang='lat' dir='ltr'><strong>iv,</strong></span> <span class='ocrx_word' id='word_1_506' title='bbox 1402 1295 1427 1332; x_wconf 79' lang='lat'><strong>3</strong></span> 
     </span>
    </p>

    <p class='ocr_par' dir='ltr' id='par_1_11' title="bbox 1276 1342 1859 1399">
     <span class='ocr_line' id='line_1_80' title="bbox 1276 1342 1859 1399; baseline 0 -13"><span class='ocrx_word' id='word_1_507' title='bbox 1276 1342 1486 1399; x_wconf 79' lang='lat' dir='ltr'><strong>Gongylus</strong></span> <span class='ocrx_word' id='word_1_508' title='bbox 1504 1345 1732 1385; x_wconf 87' lang='lat' dir='ltr'><strong>Eretriensis</strong></span> <span class='ocrx_word' id='word_1_509' title='bbox 1759 1344 1814 1393; x_wconf 89' lang='lat' dir='ltr'><strong>iv,</strong></span> <span class='ocrx_word' id='word_1_510' title='bbox 1831 1348 1859 1386; x_wconf 73' lang='lat'><strong>2</strong></span> 
     </span>
    </p>

    <p class='ocr_par' dir='ltr' id='par_1_12' title="bbox 1275 1396 2161 1655">
     <span class='ocr_line' id='line_1_81' title="bbox 1275 1396 2160 1454; baseline -0.001 -15"><span class='ocrx_word' id='word_1_511' title='bbox 1275 1396 1462 1452; x_wconf 83' lang='lat' dir='ltr'><strong>Gortynii</strong></span> <span class='ocrx_word' id='word_1_512' title='bbox 1489 1399 1595 1447; x_wconf 84' lang='lat' dir='ltr'><strong>xxiii,</strong></span> <span class='ocrx_word' id='word_1_513' title='bbox 1615 1403 1642 1441; x_wconf 88' lang='grc'>9</span> <span class='ocrx_word' id='word_1_514' title='bbox 1671 1399 1851 1454; x_wconf 81' lang='lat' dir='ltr'><strong>(Gortyn</strong></span> <span class='ocrx_word' id='word_1_515' title='bbox 1866 1398 1947 1438; x_wconf 84' lang='lat' dir='ltr'><strong>sive</strong></span> <span class='ocrx_word' id='word_1_516' title='bbox 1965 1396 2160 1452; x_wconf 79' lang='lat' dir='ltr'><strong>Gortyna,</strong></span> 
     </span>
     <span class='ocr_line' id='line_1_82' title="bbox 1327 1452 2159 1500; baseline 0.002 -10"><span class='ocrx_word' id='word_1_517' title='bbox 1327 1454 1418 1491; x_wconf 88' lang='lat' dir='ltr'><strong>urbs</strong></span> <span class='ocrx_word' id='word_1_518' title='bbox 1451 1453 1593 1500; x_wconf 86' lang='lat' dir='ltr'><strong>Cretae,</strong></span> <span class='ocrx_word' id='word_1_519' title='bbox 1640 1455 1756 1492; x_wconf 89' lang='lat' dir='ltr'><strong>etiam</strong></span> <span class='ocrx_word' id='word_1_520' title='bbox 1803 1452 2002 1493; x_wconf 76' lang='lat' dir='ltr'><strong>Strabonis</strong></span> <span class='ocrx_word' id='word_1_521' title='bbox 2043 1458 2159 1493; x_wconf 80' lang='lat' dir='ltr'><strong>aetate</strong></span> 
     </span>
     <span class='ocr_line' id='line_1_83' title="bbox 1330 1505 2160 1559; baseline -0.001 -13"><span class='ocrx_word' id='word_1_522' title='bbox 1330 1505 1447 1553; x_wconf 84' lang='lat' dir='ltr'><strong>clara,</strong></span> <span class='ocrx_word' id='word_1_523' title='bbox 1474 1507 1624 1547; x_wconf 86' lang='lat' dir='ltr'><strong>Gnosso</strong></span> <span class='ocrx_word' id='word_1_524' title='bbox 1652 1506 1831 1554; x_wconf 84' lang='lat' dir='ltr'><strong>finitima,</strong></span> <span class='ocrx_word' id='word_1_525' title='bbox 1859 1517 1967 1546; x_wconf 86' lang='lat' dir='ltr'><strong>nunc</strong></span> <span class='ocrx_word' id='word_1_526' title='bbox 1998 1506 2160 1559; x_wconf 79' lang='lat' dir='ltr'><strong>exiguus</strong></span> 
     </span>
     <span class='ocr_line' id='line_1_84' title="bbox 1328 1558 2161 1655; baseline 0.001 -58"><span class='ocrx_word' id='word_1_527' title='bbox 1328 1571 1467 1650; x_wconf 40' lang='lat' dir='ltr'><strong>pagus.</strong></span> <span class='ocrx_word' id='word_1_528' title='bbox 1486 1574 1533 1651; x_wconf 48' lang='grc' dir='ltr'><strong>ὦ</strong></span> <span class='ocrx_word' id='word_1_529' title='bbox 1563 1561 1700 1653; x_wconf 54' lang='grc' dir='ltr'><strong>ὃῒῗρίι.</strong></span> <span class='ocrx_word' id='word_1_530' title='bbox 1723 1558 1941 1653; x_wconf 53' lang='lat' dir='ltr'><strong>⁴:ieGurbih</strong></span> <span class='ocrx_word' id='word_1_531' title='bbox 1981 1565 2023 1600; x_wconf 89' lang='lat' dir='ltr'><strong>et</strong></span> <span class='ocrx_word' id='word_1_532' title='bbox 2053 1559 2161 1655; x_wconf 48' lang='lat'>1113}</span> 
     </span>
    </p>

    <p class='ocr_par' dir='ltr' id='par_1_13' title="bbox 1367 1625 2160 1665">
     <span class='ocr_line' id='line_1_85' title="bbox 1367 1625 2160 1665; baseline 0.001 -14"><span class='ocrx_word' id='word_1_533' title='bbox 1367 1625 1457 1651; x_wconf 86' lang='lat' dir='ltr'><strong>mm.</strong></span> <span class='ocrx_word' id='word_1_534' title='bbox 1530 1626 1582 1653; x_wconf 88' lang='lat' dir='ltr'><strong>m.</strong></span> <span class='ocrx_word' id='word_1_535' title='bbox 1641 1639 1653 1652; x_wconf 90' lang='lat'><strong>.</strong></span> <span class='ocrx_word' id='word_1_536' title='bbox 1671 1627 1720 1653; x_wconf 88' lang='lat' dir='ltr'><strong>ve</strong></span> <span class='ocrx_word' id='word_1_537' title='bbox 1819 1626 1905 1656; x_wconf 80' lang='lat' dir='ltr'><strong>taee.</strong></span> <span class='ocrx_word' id='word_1_538' title='bbox 1987 1626 2026 1665; x_wconf 88' lang='lat' dir='ltr'><strong>g.</strong></span> <span class='ocrx_word' id='word_1_539' title='bbox 2148 1639 2160 1652; x_wconf 92' lang='lat'><strong>.</strong></span> 
     </span>
    </p>

    <p class='ocr_par' dir='ltr' id='par_1_14' title="bbox 1329 1624 2162 1827">
     <span class='ocr_line' id='line_1_86' title="bbox 1330 1624 2160 1714; baseline 0.002 -10"><span class='ocrx_word' id='word_1_540' title='bbox 1330 1666 1434 1705; x_wconf 86' lang='lat' dir='ltr'><strong>adde</strong></span> <span class='ocrx_word' id='word_1_541' title='bbox 1453 1666 1559 1705; x_wconf 88' lang='lat' dir='ltr'><strong>Plin.</strong></span> <span class='ocrx_word' id='word_1_542' title='bbox 1583 1666 1636 1714; x_wconf 83' lang='lat' dir='ltr'><strong>iv,</strong></span> <span class='ocrx_word' id='word_1_543' title='bbox 1659 1670 1723 1707; x_wconf 78' lang='lat'><strong>12.</strong></span> <span class='ocrx_word' id='word_1_544' title='bbox 1750 1624 2160 1707; x_wconf 55' lang='lat' dir='ltr'><strong>Cetemmpriummum</strong></span> 
     </span>
     <span class='ocr_line' id='line_1_87' title="bbox 1332 1719 2162 1772; baseline 0.001 -13"><span class='ocrx_word' id='word_1_545' title='bbox 1332 1723 1614 1761; x_wconf 75' lang='grc' dir='ltr'><strong>ΓΟΡἸῪΝΙΩΝ</strong></span> <span class='ocrx_word' id='word_1_546' title='bbox 1642 1721 1734 1759; x_wconf 83' lang='lat' dir='ltr'><strong>vide</strong></span> <span class='ocrx_word' id='word_1_547' title='bbox 1777 1733 1842 1772; x_wconf 87' lang='lat' dir='ltr'><strong>ap.</strong></span> <span class='ocrx_word' id='word_1_548' title='bbox 1869 1720 1999 1761; x_wconf 85' lang='lat' dir='ltr'><strong>Carol.</strong></span> <span class='ocrx_word' id='word_1_549' title='bbox 2023 1719 2162 1762; x_wconf 71' lang='lat' dir='ltr'><strong>³Patin.</strong></span> 
     </span>
     <span class='ocr_line' id='line_1_88' title="bbox 1329 1773 2037 1827; baseline 0.001 -14"><span class='ocrx_word' id='word_1_550' title='bbox 1329 1773 1447 1814; x_wconf 87' lang='lat' dir='ltr'><strong>Thes.</strong></span> <span class='ocrx_word' id='word_1_551' title='bbox 1465 1773 1507 1814; x_wconf 92' lang='lat' dir='ltr'>N</span> <span class='ocrx_word' id='word_1_552' title='bbox 1509 1775 1659 1814; x_wconf 82' lang='lat' dir='ltr'><strong>urnism.</strong></span> <span class='ocrx_word' id='word_1_553' title='bbox 1673 1786 1762 1827; x_wconf 87' lang='lat' dir='ltr'><strong>cap.</strong></span> <span class='ocrx_word' id='word_1_554' title='bbox 1779 1777 1822 1815; x_wconf 82' lang='grc'><strong>2.</strong></span> <span class='ocrx_word' id='word_1_555' title='bbox 1838 1786 1930 1827; x_wconf 77' lang='lat' dir='ltr'><strong>pag.</strong></span> <span class='ocrx_word' id='word_1_556' title='bbox 1947 1773 2037 1827; x_wconf 74' lang='lat'><strong>21)</strong></span> 
     </span>
    </p>

    <p class='ocr_par' dir='ltr' id='par_1_15' title="bbox 1279 1826 2164 1929">
     <span class='ocr_line' id='line_1_89' title="bbox 1279 1826 2164 1881; baseline 0 -14"><span class='ocrx_word' id='word_1_557' title='bbox 1279 1826 1480 1868; x_wconf 87' lang='lat' dir='ltr'><strong>Gracchus</strong></span> <span class='ocrx_word' id='word_1_558' title='bbox 1513 1828 1561 1868; x_wconf 87' lang='lat' dir='ltr'><strong>T.</strong></span> <span class='ocrx_word' id='word_1_559' title='bbox 1596 1827 1845 1881; x_wconf 80' lang='lat' dir='ltr'><strong>Sempronius</strong></span> <span class='ocrx_word' id='word_1_560' title='bbox 1879 1827 2029 1869; x_wconf 82' lang='lat' dir='ltr'><strong>insidiis</strong></span> <span class='ocrx_word' id='word_1_561' title='bbox 2048 1827 2164 1881; x_wconf 88' lang='lat' dir='ltr'><strong>periit</strong></span> 
     </span>
     <span class='ocr_line' id='line_1_90' title="bbox 1332 1882 1482 1929; baseline 0.027 -10"><span class='ocrx_word' id='word_1_562' title='bbox 1332 1882 1440 1929; x_wconf 85' lang='lat' dir='ltr'><strong>xxiii,</strong></span> <span class='ocrx_word' id='word_1_563' title='bbox 1457 1886 1482 1923; x_wconf 80' lang='grc' dir='ltr'><em>ὃ</em></span> 
     </span>
    </p>

    <p class='ocr_par' dir='ltr' id='par_1_16' title="bbox 1278 1933 2161 2029">
     <span class='ocr_line' id='line_1_91' title="bbox 1278 1933 2161 2029; baseline 0.002 -55"><span class='ocrx_word' id='word_1_564' title='bbox 1278 1933 1459 2029; x_wconf 54' lang='grc' dir='ltr'><strong>ῦτὲοοὶιο</strong></span> <span class='ocrx_word' id='word_1_565' title='bbox 1490 1935 1538 1977; x_wconf 91' lang='lat' dir='ltr'><strong>C.</strong></span> <span class='ocrx_word' id='word_1_566' title='bbox 1579 1935 1659 1976; x_wconf 87' lang='lat' dir='ltr'><strong>filia</strong></span> <span class='ocrx_word' id='word_1_567' title='bbox 1699 1935 1812 1977; x_wconf 88' lang='lat' dir='ltr'><strong>Bruti</strong></span> <span class='ocrx_word' id='word_1_568' title='bbox 1847 1940 2014 1990; x_wconf 85' lang='lat' dir='ltr'><strong>nuptum</strong></span> <span class='ocrx_word' id='word_1_569' title='bbox 2047 1935 2161 1984; x_wconf 76' lang='lat' dir='ltr'><strong>data,</strong></span> 
     </span>
    </p>

    <p class='ocr_par' dir='ltr' id='par_1_17' title="bbox 1365 1993 1440 2030">
     <span class='ocr_line' id='line_1_92' title="bbox 1365 1993 1440 2030; baseline 0.027 -2"><span class='ocrx_word' id='word_1_570' title='bbox 1365 2002 1394 2028; x_wconf 87' lang='lat' dir='ltr'><strong>r.</strong></span> <span class='ocrx_word' id='word_1_571' title='bbox 1412 1993 1440 2030; x_wconf 83' lang='lat'><strong>9</strong></span> 
     </span>
    </p>

    <p class='ocr_par' dir='ltr' id='par_1_18' title="bbox 1278 2041 2165 3546">
     <span class='ocr_line' id='line_1_93' title="bbox 1278 2041 2162 2098; baseline 0 -16"><span class='ocrx_word' id='word_1_572' title='bbox 1278 2041 1434 2083; x_wconf 87' lang='lat' dir='ltr'><strong>Gradus</strong></span> <span class='ocrx_word' id='word_1_573' title='bbox 1452 2042 1673 2098; x_wconf 85' lang='lat' dir='ltr'><strong>(proprie):</strong></span> <span class='ocrx_word' id='word_1_574' title='bbox 1703 2044 1839 2097; x_wconf 87' lang='lat' dir='ltr'><strong>paucis</strong></span> <span class='ocrx_word' id='word_1_575' title='bbox 1857 2049 1950 2084; x_wconf 82' lang='lat' dir='ltr'><strong>ante</strong></span> <span class='ocrx_word' id='word_1_576' title='bbox 1965 2042 2162 2096; x_wconf 71' lang='lat' dir='ltr'><strong>gradibus,</strong></span> 
     </span>
     <span class='ocr_line' id='line_1_94' title="bbox 1332 2097 2162 2159; baseline 0 -23"><span class='ocrx_word' id='word_1_577' title='bbox 1332 2110 1449 2150; x_wconf 86' lang='lat' dir='ltr'><strong>quam</strong></span> <span class='ocrx_word' id='word_1_578' title='bbox 1474 2098 1543 2150; x_wconf 91' lang='lat' dir='ltr'><strong>qui</strong></span> <span class='ocrx_word' id='word_1_579' title='bbox 1571 2098 1846 2159; x_wconf 79' lang='lat' dir='ltr'><strong>sequebantur,</strong></span> <span class='ocrx_word' id='word_1_580' title='bbox 1877 2097 1918 2136; x_wconf 87' lang='lat' dir='ltr'><strong>in</strong></span> <span class='ocrx_word' id='word_1_581' title='bbox 1936 2097 2061 2138; x_wconf 74' lang='lat' dir='ltr'><strong>aedem</strong></span> <span class='ocrx_word' id='word_1_582' title='bbox 2079 2097 2162 2136; x_wconf 90' lang='lat' dir='ltr'><strong>Mi-</strong></span> 
     </span>
     <span class='ocr_line' id='line_1_95' title="bbox 1331 2150 2163 2204; baseline -0.001 -14"><span class='ocrx_word' id='word_1_583' title='bbox 1331 2164 1463 2192; x_wconf 86' lang='lat' dir='ltr'><strong>nervae</strong></span> <span class='ocrx_word' id='word_1_584' title='bbox 1480 2152 1659 2204; x_wconf 85' lang='lat' dir='ltr'><strong>confug1t</strong></span> <span class='ocrx_word' id='word_1_585' title='bbox 1682 2151 1736 2200; x_wconf 85' lang='lat' dir='ltr'><strong>iv,</strong></span> <span class='ocrx_word' id='word_1_586' title='bbox 1753 2157 1778 2192; x_wconf 80' lang='lat'>5</span> <span class='ocrx_word' id='word_1_587' title='bbox 1825 2150 1981 2192; x_wconf 84' lang='lat' dir='ltr'><strong>Gradus</strong></span> <span class='ocrx_word' id='word_1_588' title='bbox 1998 2150 2163 2204; x_wconf 88' lang='lat' dir='ltr'><strong>(impro-</strong></span> 
     </span>
     <span class='ocr_line' id='line_1_96' title="bbox 1331 2203 2163 2260; baseline -0.001 -16"><span class='ocrx_word' id='word_1_589' title='bbox 1331 2204 1465 2260; x_wconf 80' lang='lat' dir='ltr'><strong>prie):</strong></span> <span class='ocrx_word' id='word_1_590' title='bbox 1492 2207 1632 2246; x_wconf 86' lang='lat' dir='ltr'><strong>eodem</strong></span> <span class='ocrx_word' id='word_1_591' title='bbox 1665 2206 1786 2258; x_wconf 83' lang='lat' dir='ltr'><strong>gradu</strong></span> <span class='ocrx_word' id='word_1_592' title='bbox 1803 2205 1880 2244; x_wconf 82' lang='lat' dir='ltr'><strong>fuit</strong></span> <span class='ocrx_word' id='word_1_593' title='bbox 1896 2217 1961 2257; x_wconf 87' lang='lat' dir='ltr'><strong>ap.</strong></span> <span class='ocrx_word' id='word_1_594' title='bbox 1989 2203 2163 2245; x_wconf 79' lang='lat' dir='ltr'><strong>Alexan-</strong></span> 
     </span>
     <span class='ocr_line' id='line_1_97' title="bbox 1331 2256 2161 2313; baseline 0.001 -16"><span class='ocrx_word' id='word_1_595' title='bbox 1331 2260 1443 2299; x_wconf 89' lang='lat' dir='ltr'><strong>drum</strong></span> <span class='ocrx_word' id='word_1_596' title='bbox 1462 2259 1538 2313; x_wconf 86' lang='lat' dir='ltr'><strong>(sc.</strong></span> <span class='ocrx_word' id='word_1_597' title='bbox 1556 2259 1713 2299; x_wconf 88' lang='lat' dir='ltr'><strong>honoris</strong></span> <span class='ocrx_word' id='word_1_598' title='bbox 1728 2265 1770 2299; x_wconf 88' lang='lat' dir='ltr'><strong>et</strong></span> <span class='ocrx_word' id='word_1_599' title='bbox 1785 2256 1987 2312; x_wconf 84' lang='lat' dir='ltr'><strong>amicitiae)</strong></span> <span class='ocrx_word' id='word_1_600' title='bbox 2013 2257 2121 2305; x_wconf 83' lang='lat' dir='ltr'><strong>xviii,</strong></span> <span class='ocrx_word' id='word_1_601' title='bbox 2138 2263 2161 2298; x_wconf 88' lang='lat' dir='ltr'><strong>l</strong></span> 
     </span>
     <span class='ocr_line' id='line_1_98' title="bbox 1330 2311 2164 2364; baseline 0 -14"><span class='ocrx_word' id='word_1_602' title='bbox 1330 2311 1422 2352; x_wconf 80' lang='lat' dir='ltr'><strong>Sic:</strong></span> <span class='ocrx_word' id='word_1_603' title='bbox 1466 2314 1628 2364; x_wconf 89' lang='lat' dir='ltr'><strong>gradum</strong></span> <span class='ocrx_word' id='word_1_604' title='bbox 1663 2326 1780 2364; x_wconf 90' lang='lat' dir='ltr'><strong>quern</strong></span> <span class='ocrx_word' id='word_1_605' title='bbox 1816 2312 1990 2359; x_wconf 88' lang='lat' dir='ltr'><strong>tenebat,</strong></span> <span class='ocrx_word' id='word_1_606' title='bbox 2025 2317 2164 2351; x_wconf 84' lang='lat' dir='ltr'><strong>auctus</strong></span> 
     </span>
     <span class='ocr_line' id='line_1_99' title="bbox 1332 2364 2164 2417; baseline 0.001 -15"><span class='ocrx_word' id='word_1_607' title='bbox 1332 2364 1568 2417; x_wconf 88' lang='lat' dir='ltr'><strong>adjutusque</strong></span> <span class='ocrx_word' id='word_1_608' title='bbox 1587 2378 1611 2404; x_wconf 90' lang='lat' dir='ltr'><strong>a</strong></span> <span class='ocrx_word' id='word_1_609' title='bbox 1635 2365 1903 2405; x_wconf 89' lang='lat' dir='ltr'><strong>Demosthene</strong></span> <span class='ocrx_word' id='word_1_610' title='bbox 1931 2365 2164 2404; x_wconf 83' lang='lat' dir='ltr'><strong>ascenderat</strong></span> 
     </span>
     <span class='ocr_line' id='line_1_100' title="bbox 1329 2418 2163 2471; baseline 0.002 -15"><span class='ocrx_word' id='word_1_611' title='bbox 1329 2418 1409 2464; x_wconf 83' lang='lat' dir='ltr'><strong>xix,</strong></span> <span class='ocrx_word' id='word_1_612' title='bbox 1435 2421 1462 2458; x_wconf 77' lang='lat'><strong>2</strong></span> <span class='ocrx_word' id='word_1_613' title='bbox 1507 2418 1653 2471; x_wconf 89' lang='lat' dir='ltr'><strong>(Plene</strong></span> <span class='ocrx_word' id='word_1_614' title='bbox 1703 2418 1887 2458; x_wconf 85' lang='lat' dir='ltr'><strong>Curtius:</strong></span> <span class='ocrx_word' id='word_1_615' title='bbox 1935 2422 1946 2441; x_wconf 80' lang='lat'><em>⁶</em></span> <span class='ocrx_word' id='word_1_616' title='bbox 1970 2418 2163 2458; x_wconf 84' lang='lat' dir='ltr'><strong>affirmans</strong></span> 
     </span>
     <span class='ocr_line' id='line_1_101' title="bbox 1329 2470 2163 2524; baseline 0.001 -14"><span class='ocrx_word' id='word_1_617' title='bbox 1329 2472 1499 2510; x_wconf 89' lang='lat' dir='ltr'><strong>eundem</strong></span> <span class='ocrx_word' id='word_1_618' title='bbox 1523 2470 1601 2510; x_wconf 88' lang='lat' dir='ltr'><strong>illis</strong></span> <span class='ocrx_word' id='word_1_619' title='bbox 1626 2471 1807 2511; x_wconf 73' lang='lat' dir='ltr'><strong>amicitiae</strong></span> <span class='ocrx_word' id='word_1_620' title='bbox 1833 2471 1993 2523; x_wconf 79' lang='lat' dir='ltr'><strong>gradum</strong></span> <span class='ocrx_word' id='word_1_621' title='bbox 2028 2478 2163 2524; x_wconf 81' lang='lat' dir='ltr'><strong>patere</strong></span> 
     </span>
     <span class='ocr_line' id='line_1_102' title="bbox 1332 2523 2163 2578; baseline 0.002 -15"><span class='ocrx_word' id='word_1_622' title='bbox 1332 2537 1396 2577; x_wconf 84' lang='lat' dir='ltr'><strong>ap.</strong></span> <span class='ocrx_word' id='word_1_623' title='bbox 1414 2523 1584 2577; x_wconf 82' lang='lat' dir='ltr'><strong>Regem’</strong></span> <span class='ocrx_word' id='word_1_624' title='bbox 1610 2537 1651 2572; x_wconf 87' lang='lat' dir='ltr'><strong>v,</strong></span> <span class='ocrx_word' id='word_1_625' title='bbox 1670 2527 1738 2573; x_wconf 87' lang='lat'><strong>10,</strong></span> <span class='ocrx_word' id='word_1_626' title='bbox 1758 2527 1824 2565; x_wconf 89' lang='grc'><strong>10.</strong></span> <span class='ocrx_word' id='word_1_627' title='bbox 1855 2530 1868 2547; x_wconf 84' lang='lat'>‘</span> <span class='ocrx_word' id='word_1_628' title='bbox 1885 2536 1964 2577; x_wconf 88' lang='lat' dir='ltr'><strong>quo</strong></span> <span class='ocrx_word' id='word_1_629' title='bbox 1982 2526 2163 2578; x_wconf 82' lang='lat' dir='ltr'><strong>propiore</strong></span> 
     </span>
     <span class='ocr_line' id='line_1_103' title="bbox 1333 2576 2163 2639; baseline 0.002 -23"><span class='ocrx_word' id='word_1_630' title='bbox 1333 2580 1456 2639; x_wconf 83' lang='lat' dir='ltr'><strong>gradu</strong></span> <span class='ocrx_word' id='word_1_631' title='bbox 1469 2578 1650 2618; x_wconf 84' lang='lat' dir='ltr'><strong>amicitiae</strong></span> <span class='ocrx_word' id='word_1_632' title='bbox 1668 2591 1731 2617; x_wconf 88' lang='lat' dir='ltr'><strong>me</strong></span> <span class='ocrx_word' id='word_1_633' title='bbox 1742 2576 1955 2631; x_wconf 77' lang='lat' dir='ltr'><strong>contingis,</strong></span> <span class='ocrx_word' id='word_1_634' title='bbox 1979 2578 2056 2619; x_wconf 81' lang='lat' dir='ltr'><strong>boc</strong></span> <span class='ocrx_word' id='word_1_635' title='bbox 2082 2591 2163 2618; x_wconf 82' lang='lat' dir='ltr'><strong>rna-</strong></span> 
     </span>
     <span class='ocr_line' id='line_1_104' title="bbox 1327 2631 2163 2685; baseline 0.001 -14"><span class='ocrx_word' id='word_1_636' title='bbox 1327 2645 1396 2685; x_wconf 78' lang='lat' dir='ltr'><strong>Jus</strong></span> <span class='ocrx_word' id='word_1_637' title='bbox 1413 2638 1475 2672; x_wconf 90' lang='lat' dir='ltr'><strong>est</strong></span> <span class='ocrx_word' id='word_1_638' title='bbox 1490 2631 1806 2672; x_wconf 85' lang='lat' dir='ltr'><strong>dissimulationis</strong></span> <span class='ocrx_word' id='word_1_639' title='bbox 1830 2638 1908 2671; x_wconf 80' lang='lat' dir='ltr'><strong>tuae</strong></span> <span class='ocrx_word' id='word_1_640' title='bbox 1925 2631 2090 2672; x_wconf 83' lang='lat' dir='ltr'><strong>facinus’</strong></span> <span class='ocrx_word' id='word_1_641' title='bbox 2107 2633 2163 2681; x_wconf 86' lang='lat' dir='ltr'><strong>vi,</strong></span> 
     </span>
     <span class='ocr_line' id='line_1_105' title="bbox 1331 2685 2164 2739; baseline 0 -12"><span class='ocrx_word' id='word_1_642' title='bbox 1331 2689 1373 2733; x_wconf 83' lang='grc'><strong>7,</strong></span> <span class='ocrx_word' id='word_1_643' title='bbox 1392 2690 1458 2727; x_wconf 81' lang='lat'><strong>32.</strong></span> <span class='ocrx_word' id='word_1_644' title='bbox 1504 2686 1556 2725; x_wconf 89' lang='lat' dir='ltr'><strong>Et</strong></span> <span class='ocrx_word' id='word_1_645' title='bbox 1573 2685 1732 2725; x_wconf 90' lang='lat' dir='ltr'><strong>Livius:</strong></span> <span class='ocrx_word' id='word_1_646' title='bbox 1776 2685 1845 2725; x_wconf 84' lang='lat' dir='ltr'><strong>‘in</strong></span> <span class='ocrx_word' id='word_1_647' title='bbox 1879 2698 1970 2726; x_wconf 88' lang='lat' dir='ltr'><strong>eum</strong></span> <span class='ocrx_word' id='word_1_648' title='bbox 2001 2685 2164 2739; x_wconf 84' lang='lat' dir='ltr'><strong>gradum</strong></span> 
     </span>
     <span class='ocr_line' id='line_1_106' title="bbox 1332 2738 2163 2792; baseline 0.001 -12"><span class='ocrx_word' id='word_1_649' title='bbox 1332 2740 1513 2780; x_wconf 88' lang='lat' dir='ltr'><strong>amicitiae</strong></span> <span class='ocrx_word' id='word_1_650' title='bbox 1530 2738 1631 2792; x_wconf 87' lang='lat' dir='ltr'><strong>regis</strong></span> <span class='ocrx_word' id='word_1_651' title='bbox 1646 2745 1830 2792; x_wconf 88' lang='lat' dir='ltr'><strong>acceptus</strong></span> <span class='ocrx_word' id='word_1_652' title='bbox 1849 2744 1943 2779; x_wconf 88' lang='lat' dir='ltr'><strong>erat’</strong></span> <span class='ocrx_word' id='word_1_653' title='bbox 1968 2752 2083 2787; x_wconf 71' lang='lat' dir='ltr'><strong>xxxV,</strong></span> <span class='ocrx_word' id='word_1_654' title='bbox 2099 2743 2163 2781; x_wconf 82' lang='lat'><strong>18.</strong></span> 
     </span>
     <span class='ocr_line' id='line_1_107' title="bbox 1332 2793 2164 2846; baseline 0.001 -13"><span class='ocrx_word' id='word_1_655' title='bbox 1332 2793 1398 2835; x_wconf 89' lang='lat' dir='ltr'><strong>Sic</strong></span> <span class='ocrx_word' id='word_1_656' title='bbox 1405 2793 1537 2834; x_wconf 88' lang='lat' dir='ltr'><strong>Valer.</strong></span> <span class='ocrx_word' id='word_1_657' title='bbox 1546 2794 1657 2833; x_wconf 86' lang='lat' dir='ltr'><strong>Max.</strong></span> <span class='ocrx_word' id='word_1_658' title='bbox 1670 2799 1682 2816; x_wconf 91' lang='lat'>‘</span> <span class='ocrx_word' id='word_1_659' title='bbox 1690 2793 1750 2832; x_wconf 91' lang='lat' dir='ltr'><strong>his</strong></span> <span class='ocrx_word' id='word_1_660' title='bbox 1762 2793 1942 2846; x_wconf 89' lang='lat' dir='ltr'><strong>gradibus</strong></span> <span class='ocrx_word' id='word_1_661' title='bbox 1950 2794 2164 2834; x_wconf 89' lang='lat' dir='ltr'><strong>officiorum</strong></span> 
     </span>
     <span class='ocr_line' id='line_1_108' title="bbox 1328 2846 2164 2901; baseline -0.001 -14"><span class='ocrx_word' id='word_1_662' title='bbox 1328 2848 1528 2901; x_wconf 84' lang='lat' dir='ltr'><strong>jacentem</strong></span> <span class='ocrx_word' id='word_1_663' title='bbox 1540 2849 1591 2887; x_wconf 91' lang='lat' dir='ltr'><strong>ad</strong></span> <span class='ocrx_word' id='word_1_664' title='bbox 1603 2846 1750 2900; x_wconf 90' lang='lat' dir='ltr'><strong>regium</strong></span> <span class='ocrx_word' id='word_1_665' title='bbox 1762 2847 1958 2900; x_wconf 83' lang='lat' dir='ltr'><strong>fastigium</strong></span> <span class='ocrx_word' id='word_1_666' title='bbox 1969 2846 2104 2887; x_wconf 82' lang='lat' dir='ltr'><strong>erexit’</strong></span> <span class='ocrx_word' id='word_1_667' title='bbox 2123 2860 2164 2896; x_wconf 82' lang='lat' dir='ltr'><strong>v,</strong></span> 
     </span>
     <span class='ocr_line' id='line_1_109' title="bbox 1334 2900 2163 2954; baseline -0.001 -12"><span class='ocrx_word' id='word_1_668' title='bbox 1334 2906 1354 2943; x_wconf 85' lang='lat'>1</span> <span class='ocrx_word' id='word_1_669' title='bbox 1363 2931 1375 2949; x_wconf 91' lang='lat'><strong>,</strong></span> <span class='ocrx_word' id='word_1_670' title='bbox 1385 2906 1425 2942; x_wconf 86' lang='lat'><strong>1.</strong></span> <span class='ocrx_word' id='word_1_671' title='bbox 1438 2901 1490 2941; x_wconf 90' lang='lat' dir='ltr'><strong>Et</strong></span> <span class='ocrx_word' id='word_1_672' title='bbox 1510 2901 1655 2941; x_wconf 87' lang='lat' dir='ltr'><strong>Noster</strong></span> <span class='ocrx_word' id='word_1_673' title='bbox 1666 2900 1700 2954; x_wconf 72' lang='grc' dir='ltr'><strong>ι)</strong></span> <span class='ocrx_word' id='word_1_674' title='bbox 1712 2901 1853 2953; x_wconf 82' lang='lat' dir='ltr'><strong>gradus</strong></span> <span class='ocrx_word' id='word_1_675' title='bbox 1869 2901 2012 2953; x_wconf 89' lang='lat' dir='ltr'><strong>primus</strong></span> <span class='ocrx_word' id='word_1_676' title='bbox 2026 2913 2163 2952; x_wconf 83' lang='lat' dir='ltr'><strong>capes·</strong></span> 
     </span>
     <span class='ocr_line' id='line_1_110' title="bbox 1333 2954 2161 3009; baseline 0.001 -14"><span class='ocrx_word' id='word_1_677' title='bbox 1333 2957 1464 2995; x_wconf 85' lang='lat' dir='ltr'><strong>sendae</strong></span> <span class='ocrx_word' id='word_1_678' title='bbox 1476 2955 1640 3008; x_wconf 86' lang='lat' dir='ltr'><strong>reipubl.</strong></span> <span class='ocrx_word' id='word_1_679' title='bbox 1649 2955 1725 2994; x_wconf 83' lang='lat' dir='ltr'><strong>fuit</strong></span> <span class='ocrx_word' id='word_1_680' title='bbox 1741 2954 1843 2994; x_wconf 91' lang='lat' dir='ltr'><strong>bello</strong></span> <span class='ocrx_word' id='word_1_681' title='bbox 1853 2954 2062 3009; x_wconf 67' lang='lat' dir='ltr'><strong>Corcyreo</strong></span> <span class='ocrx_word' id='word_1_682' title='bbox 2076 2955 2119 3002; x_wconf 85' lang='lat' dir='ltr'><strong>ii,</strong></span> <span class='ocrx_word' id='word_1_683' title='bbox 2133 2958 2161 2996; x_wconf 79' lang='lat'>2</span> 
     </span>
     <span class='ocr_line' id='line_1_111' title="bbox 1333 3008 2165 3062; baseline -0.001 -13"><span class='ocrx_word' id='word_1_684' title='bbox 1333 3010 1402 3062; x_wconf 89' lang='lat' dir='ltr'><strong>qui</strong></span> <span class='ocrx_word' id='word_1_685' title='bbox 1423 3010 1636 3049; x_wconf 88' lang='lat' dir='ltr'><strong>secundum</strong></span> <span class='ocrx_word' id='word_1_686' title='bbox 1658 3009 1820 3061; x_wconf 88' lang='lat' dir='ltr'><strong>gradum</strong></span> <span class='ocrx_word' id='word_1_687' title='bbox 1836 3009 1988 3061; x_wconf 88' lang='lat' dir='ltr'><strong>imperii</strong></span> <span class='ocrx_word' id='word_1_688' title='bbox 2005 3008 2165 3048; x_wconf 79' lang='lat' dir='ltr'><strong>tenebat</strong></span> 
     </span>
     <span class='ocr_line' id='line_1_112' title="bbox 1332 3061 2165 3117; baseline -0.004 -14"><span class='ocrx_word' id='word_1_689' title='bbox 1332 3063 1404 3117; x_wconf 89' lang='lat' dir='ltr'><strong>(de</strong></span> <span class='ocrx_word' id='word_1_690' title='bbox 1417 3063 1589 3117; x_wconf 82' lang='lat' dir='ltr'><strong>proxima</strong></span> <span class='ocrx_word' id='word_1_691' title='bbox 1603 3075 1627 3101; x_wconf 89' lang='lat' dir='ltr'><strong>a</strong></span> <span class='ocrx_word' id='word_1_692' title='bbox 1638 3074 1727 3116; x_wconf 84' lang='lat' dir='ltr'><strong>rege</strong></span> <span class='ocrx_word' id='word_1_693' title='bbox 1741 3061 1952 3115; x_wconf 87' lang='lat' dir='ltr'><strong>dignitate)</strong></span> <span class='ocrx_word' id='word_1_694' title='bbox 1963 3062 2018 3109; x_wconf 84' lang='lat' dir='ltr'><strong>ix,</strong></span> <span class='ocrx_word' id='word_1_695' title='bbox 2032 3067 2057 3103; x_wconf 86' lang='lat'><strong>3</strong></span> <span class='ocrx_word' id='word_1_696' title='bbox 2070 3061 2165 3116; x_wconf 86' lang='lat' dir='ltr'><strong>(Est</strong></span> 
     </span>
     <span class='ocr_line' id='line_1_113' title="bbox 1333 3114 2158 3170; baseline -0.004 -13"><span class='ocrx_word' id='word_1_697' title='bbox 1333 3124 1374 3158; x_wconf 91' lang='lat' dir='ltr'><strong>et</strong></span> <span class='ocrx_word' id='word_1_698' title='bbox 1417 3117 1688 3170; x_wconf 86' lang='lat' dir='ltr'><strong>gladiatorium</strong></span> <span class='ocrx_word' id='word_1_699' title='bbox 1720 3116 1953 3157; x_wconf 86' lang='lat' dir='ltr'><strong>vocabulum</strong></span> <span class='ocrx_word' id='word_1_700' title='bbox 1989 3114 2158 3156; x_wconf 87' lang='lat' dir='ltr'><strong>Gradus.</strong></span> 
     </span>
     <span class='ocr_line' id='line_1_114' title="bbox 1332 3168 2161 3224; baseline -0.004 -14"><span class='ocrx_word' id='word_1_701' title='bbox 1332 3171 1440 3211; x_wconf 90' lang='lat' dir='ltr'><strong>unde</strong></span> <span class='ocrx_word' id='word_1_702' title='bbox 1470 3170 1615 3211; x_wconf 89' lang='lat' dir='ltr'><strong>Noster</strong></span> <span class='ocrx_word' id='word_1_703' title='bbox 1626 3168 1659 3224; x_wconf 83' lang='lat'><strong>:)</strong></span> <span class='ocrx_word' id='word_1_704' title='bbox 1689 3171 1810 3223; x_wconf 86' lang='lat' dir='ltr'><strong>gradu</strong></span> <span class='ocrx_word' id='word_1_705' title='bbox 1845 3183 1870 3210; x_wconf 88' lang='lat' dir='ltr'><strong>a</strong></span> <span class='ocrx_word' id='word_1_706' title='bbox 1902 3169 2161 3210; x_wconf 83' lang='lat' dir='ltr'><strong>Themistocle</strong></span> 
     </span>
     <span class='ocr_line' id='line_1_115' title="bbox 1333 3221 2161 3278; baseline -0.006 -13"><span class='ocrx_word' id='word_1_707' title='bbox 1333 3225 1480 3265; x_wconf 90' lang='lat' dir='ltr'><strong>Xerxes</strong></span> <span class='ocrx_word' id='word_1_708' title='bbox 1498 3225 1684 3278; x_wconf 90' lang='lat' dir='ltr'><strong>depulsus</strong></span> <span class='ocrx_word' id='word_1_709' title='bbox 1703 3229 1762 3263; x_wconf 88' lang='lat' dir='ltr'><strong>est</strong></span> <span class='ocrx_word' id='word_1_710' title='bbox 1790 3224 1842 3277; x_wconf 91' lang='lat' dir='ltr'><strong>(i.</strong></span> <span class='ocrx_word' id='word_1_711' title='bbox 1871 3235 1907 3263; x_wconf 87' lang='lat' dir='ltr'><strong>e.</strong></span> <span class='ocrx_word' id='word_1_712' title='bbox 1935 3223 2060 3263; x_wconf 80' lang='lat' dir='ltr'><strong>victus</strong></span> <span class='ocrx_word' id='word_1_713' title='bbox 2083 3221 2161 3274; x_wconf 89' lang='lat' dir='ltr'><strong>est)</strong></span> 
     </span>
     <span class='ocr_line' id='line_1_116' title="bbox 1331 3277 2158 3332; baseline -0.006 -14"><span class='ocrx_word' id='word_1_714' title='bbox 1331 3279 1376 3327; x_wconf 90' lang='lat' dir='ltr'><strong>ii,</strong></span> <span class='ocrx_word' id='word_1_715' title='bbox 1395 3284 1419 3320; x_wconf 90' lang='grc'><strong>5</strong></span> <span class='ocrx_word' id='word_1_716' title='bbox 1462 3278 1781 3332; x_wconf 88' lang='lat' dir='ltr'><strong>(Elegantissime</strong></span> <span class='ocrx_word' id='word_1_717' title='bbox 1799 3277 1903 3317; x_wconf 88' lang='lat' dir='ltr'><strong>enim</strong></span> <span class='ocrx_word' id='word_1_718' title='bbox 1921 3278 2006 3315; x_wconf 84' lang='lat' dir='ltr'><strong>haee</strong></span> <span class='ocrx_word' id='word_1_719' title='bbox 2035 3282 2158 3314; x_wconf 84' lang='lat' dir='ltr'><strong>meta-</strong></span> 
     </span>
     <span class='ocr_line' id='line_1_117' title="bbox 1334 3327 2159 3386; baseline -0.005 -14"><span class='ocrx_word' id='word_1_720' title='bbox 1334 3335 1456 3386; x_wconf 87' lang='lat' dir='ltr'><strong>phora</strong></span> <span class='ocrx_word' id='word_1_721' title='bbox 1491 3345 1515 3372; x_wconf 89' lang='lat' dir='ltr'><strong>a</strong></span> <span class='ocrx_word' id='word_1_722' title='bbox 1549 3332 1814 3385; x_wconf 83' lang='lat' dir='ltr'><strong>pugnantibus</strong></span> <span class='ocrx_word' id='word_1_723' title='bbox 1845 3331 1897 3370; x_wconf 90' lang='lat' dir='ltr'><strong>ad</strong></span> <span class='ocrx_word' id='word_1_724' title='bbox 1932 3327 2084 3370; x_wconf 81' lang='lat' dir='ltr'><strong>consilii</strong></span> <span class='ocrx_word' id='word_1_725' title='bbox 2119 3337 2159 3368; x_wconf 89' lang='lat' dir='ltr'><strong>et</strong></span> 
     </span>
     <span class='ocr_line' id='line_1_118' title="bbox 1333 3382 2159 3441; baseline -0.006 -14"><span class='ocrx_word' id='word_1_726' title='bbox 1333 3385 1523 3441; x_wconf 86' lang='lat' dir='ltr'><strong>propositi</strong></span> <span class='ocrx_word' id='word_1_727' title='bbox 1554 3392 1696 3425; x_wconf 87' lang='lat' dir='ltr'><strong>statum</strong></span> <span class='ocrx_word' id='word_1_728' title='bbox 1725 3391 1767 3424; x_wconf 88' lang='lat' dir='ltr'><strong>et</strong></span> <span class='ocrx_word' id='word_1_729' title='bbox 1789 3389 1942 3436; x_wconf 82' lang='lat' dir='ltr'><strong>captam</strong></span> <span class='ocrx_word' id='word_1_730' title='bbox 1967 3382 2087 3421; x_wconf 84' lang='lat' dir='ltr'><strong>veluti</strong></span> <span class='ocrx_word' id='word_1_731' title='bbox 2110 3397 2159 3422; x_wconf 76' lang='lat' dir='ltr'><strong>ex</strong></span> 
     </span>
     <span class='ocr_line' id='line_1_119' title="bbox 1332 3437 2156 3502; baseline -0.006 -22"><span class='ocrx_word' id='word_1_732' title='bbox 1332 3448 1413 3481; x_wconf 88' lang='lat' dir='ltr'><strong>arte</strong></span> <span class='ocrx_word' id='word_1_733' title='bbox 1445 3447 1485 3481; x_wconf 89' lang='lat' dir='ltr'><strong>et</strong></span> <span class='ocrx_word' id='word_1_734' title='bbox 1513 3441 1661 3480; x_wconf 84' lang='lat' dir='ltr'><strong>ratione</strong></span> <span class='ocrx_word' id='word_1_735' title='bbox 1687 3437 2019 3502; x_wconf 84' lang='lat' dir='ltr'><strong>opportunitatem</strong></span> <span class='ocrx_word' id='word_1_736' title='bbox 2033 3441 2156 3476; x_wconf 85' lang='lat' dir='ltr'><strong>trans-</strong></span> 
     </span>
     <span class='ocr_line' id='line_1_120' title="bbox 1333 3490 2158 3546; baseline -0.011 -11"><span class='ocrx_word' id='word_1_737' title='bbox 1333 3495 1463 3537; x_wconf 77' lang='lat' dir='ltr'><strong>fertur.</strong></span> <span class='ocrx_word' id='word_1_738' title='bbox 1493 3500 1536 3534; x_wconf 81' lang='lat' dir='ltr'><strong>ut</strong></span> <span class='ocrx_word' id='word_1_739' title='bbox 1553 3498 1565 3519; x_wconf 78' lang='lat'><em>‘</em></span> <span class='ocrx_word' id='word_1_740' title='bbox 1581 3493 1724 3546; x_wconf 79' lang='lat' dir='ltr'><strong>depelli</strong></span> <span class='ocrx_word' id='word_1_741' title='bbox 1743 3491 1875 3543; x_wconf 82' lang='lat' dir='ltr'><strong>gradu’</strong></span> <span class='ocrx_word' id='word_1_742' title='bbox 1895 3490 2057 3539; x_wconf 81' lang='lat' dir='ltr'><strong>dicatur,</strong></span> <span class='ocrx_word' id='word_1_743' title='bbox 2090 3502 2158 3531; x_wconf 86' lang='lat' dir='ltr'><strong>cu.</strong></span> 
     </span>
    </p>
   </div>
  </div>
 </body>
</html>
