2306 3900
884 259 1288 299 FRAGMENTA.

160 383 312 438 pronio
327 383 544 424 Tuditano
564 382 682 423 Coss.
702 390 814 419 anno
832 381 928 419 549.
949 383 1048 430 post

157 448 212 493 B.
229 448 281 489 C.
316 448 415 490 Quo
429 452 623 497 tempore
630 443 862 485 Terentius
881 446 1048 482 sextum

161 510 376 552 decimum
396 520 553 550 annum
574 506 748 558 agebat.
792 503 930 545 Anno
946 515 1050 543 vero

161 574 383 615 tricesimo
429 572 580 625 quinto
624 568 832 610 Andrium
871 568 1048 615 docuit;

162 636 237 691 qui
255 640 325 676 est
343 635 401 675 U.
422 635 473 674 0.
491 636 588 674 688.
621 643 718 672 cnm
736 630 886 682 Scipio
899 636 1053 681 ageret

163 697 544 740 undevicesimum.
589 695 750 735 Laelius
768 704 870 734 vero
884 692 1053 745 Scipio·

165 772 261 803 nem
280 759 469 813 paullum
501 762 635 798 aetate
668 755 879 808 anteibat,
894 761 943 795 ut
963 755 1053 807 ipse

166 823 211 863 in
229 816 296 864 sui
326 821 509 862 nominis
536 820 719 872 Dialogo
739 819 1053 860 Ciceroninnoz

166 887 179 908 ‘
195 886 260 927 Ut
275 885 419 938 prius,’
451 884 607 938 inquit,
638 887 651 907 ‘
667 883 915 923 introiet-am
933 883 976 923 in
997 881 1057 922 vi·

167 956 275 1002 tum,
296 949 360 990 sic
379 948 498 1002 prius
525 948 689 989 exirem
715 947 771 987 de
797 946 912 988 vital
967 945 1058 987 Ubi

170 1019 317 1054 tmen
349 1011 597 1053 Terentium
631 1009 890 1050 familiarem
935 1020 1057 1050 suum

173 1081 303 1117 vocat
322 1075 506 1124 Laelius;
539 1087 640 1127 non,
675 1079 721 1114 ut
754 1073 928 1127 qnidam
950 1071 1059 1113 falso

173 1139 470 1190 crediderunt,
501 1137 671 1188 Cicero,
696 1148 752 1177 ne
787 1136 939 1188 majori
968 1134 1059 1188 qui-

172 1203 272 1245 dem
291 1200 493 1243 Africano
515 1201 707 1253 aequalis,
735 1212 821 1253 qno
851 1199 1059 1239 moriente

171 1265 404 1307 Terentius
443 1263 632 1305 sedecim
661 1263 756 1304 fere
782 1274 916 1303 annos
933 1266 1060 1302 natus

173 1333 287 1370 eret.
316 1327 472 1368 Schott.

357 1433 686 1475 Exsmrmn‘um
707 1433 808 1474 Lm.
830 1442 882 1472 11.

229 1525 284 1558 u.
310 1514 348 1556 Δ
374 1514 542 1566 Virgine
566 1514 749 1566 Vestale]
766 1514 856 1555 Pro
889 1513 1063 1555 Vestalis

178 1578 281 1632 quis
299 1589 386 1618 non
410 1588 654 1630 personam,
681 1577 758 1618 sed
790 1589 881 1617 rem
905 1576 1066 1630 signifi-

181 1646 269 1684 cst.
335 1641 411 1682 Sic
439 1641 664 1694 Sosipater
686 1641 892 1682 ‘Carisius
927 1640 1000 1681 lib.
1034 1651 1066 1681 1.

181 1704 333 1747 Οτι-ειη.
365 1703 518 1746 Schott.
570 1703 684 1745 Vide
701 1703 902 1746 Vossium
919 1703 976 1744 de
993 1715 1066 1744 sn·

181 1767 297 1820 eleg.
314 1768 391 1810 lib.
407 1779 460 1809 11.
477 1770 545 1807 11.

536 1874 634 1914 Lm.
663 1884 707 1914 v.

189 1993 191 1996 .
239 1957 386 1998 Multis
412 1958 458 1999 ἐπ
493 1957 642 1999 Senatu
673 1957 845 2010 placuit]
886 1956 1070 1998 Gemina

185 2027 303 2073 sunt,
321 2034 418 2075 quae
457 2022 500 2062 in
537 2022 748 2063 Cicerone
783 2033 815 2062 1.
850 2019 976 2063 Offic.
1009 2022 1069 2062 le·

185 2090 374 2138 guntur:
404 2085 478 2125 ubi
506 2084 637 2126 fidem
664 2085 776 2126 hosti
804 2084 962 2136 datam,
981 2097 1069 2126 ser-

187 2148 372 2189 vandam
403 2160 499 2188 esse
534 2148 688 2189 docet:
719 2148 976 2199 ‘Secundo‚’
1009 2149 1072 2196 in—

188 2212 302 2265 quit,
352 2211 367 2236 ‘
386 2211 554 2252 Punico
593 2210 708 2252 bello
745 2218 845 2264 post
876 2212 1074 2253 Cannen-

188 2286 283 2315 sem
322 2286 527 2327 pugnem,
561 2286 667 2328 quos
709 2275 862 2316 decem
912 2275 1074 2316 Hanni·

189 2338 263 2380 bul
291 2339 473 2380 Romam
492 2339 627 2388 misit,
665 2338 894 2381 adstrictos
911 2339 1076 2392 jureju-

190 2401 343 2452 rando,
362 2413 411 2442 se
436 2401 652 2442 redituros
672 2413 781 2454 esse,
796 2402 879 2443 nisi
896 2402 952 2443 de
966 2402 1075 2443 redi-

191 2465 358 2507 mendis
374 2465 442 2516 iis,
459 2465 531 2518 qui
549 2466 669 2518 capti
687 2471 827 2518 erant,
852 2466 1076 2519 impetras-

193 2534 313 2580 sent3
330 2541 404 2569 eos
418 2540 566 2569 omnes
574 2528 802 2579 Censores,
814 2529 954 2582 quoad
964 2528 1079 2581 qnis-

193 2603 280 2645 qne
298 2603 447 2632 eorum
477 2590 602 2643 vixit,
630 2602 727 2631 cum
749 2591 1016 2643 peierassent
1035 2592 1078 2631 in

196 2655 360 2696 aersriis
375 2654 670 2707 reliquerunt:
690 2666 772 2695 nec
791 2654 931 2695 minus
946 2655 1080 2708 inum,

193 2718 271 2772 qui
301 2716 582 2770 jurejurando
609 2716 764 2758 fraude
788 2718 958 2770 culpam
977 2718 1081 2759 inie-

196 2787 281 2822 rat.
338 2781 446 2822 Cum
474 2781 584 2821 enim
614 2781 826 2833 permissu
857 2780 1082 2822 Annibalis

195 2845 361 2886 exisset
379 2857 406 2886 e
434 2846 604 2897 castris,
635 2844 767 2885 rediit
798 2845 944 2898 paullo
968 2851 1082 2898 post,

190 2908 316 2962 quod
331 2919 378 2949 se
395 2908 575 2949 oblitum
595 2908 743 2949 nescio
769 2908 869 2962 quid
888 2908 1080 2950 diceret:

197 2970 366 3012 deinde<
375 2982 568 3022 egressus
581 2971 1082 3024 ecastris‚jurejtirando

198 3046 247 3075 se
279 3035 465 3075 solutum
485 3035 692 3087 putabat:
721 3040 770 3076 et
795 3040 898 3076 erat·
921 3035 1080 3087 verbis,

195 3108 250 3137 re
268 3107 355 3137 non
368 3101 484 3139 eret.
536 3098 716 3151 Semper
748 3102 892 3139 autem
924 3098 970 3139 in
993 3097 1080 3139 fide

196 3160 304 3214 quid
323 3161 526 3211 senseris,
543 3172 629 3203 non
648 3162 752 3215 quid
770 3162 951 3215 dixeris,
969 3163 1082 3215 cogi-

201 3223 378 3264 tandum
397 3222 493 3264 est!
535 3222 748 3265 Haecine.
774 3224 930 3266 Scitote.
971 3225 1082 3266 Vide

201 3297 332 3338 super
362 3286 473 3326 hanc
503 3284 787 3338 quaestionem
827 3286 1084 3339 Hug--Gro-

198 3349 310 3389 tium
345 3349 417 3390 lib.
451 3360 524 3389 111.
552 3352 622 3389 28.
679 3349 749 3389 De
779 3349 874 3391 Jur.
892 3350 1006 3391 Bell.
1032 3362 1083 3391 ac

205 3411 351 3453 Pacis.

200 3507 204 3510 .
262 3474 516 3525 Captivorum
537 3476 795 3515 Romanorum
809 3474 857 3515 ub
876 3473 1087 3525 Annibale]

270 3566 275 3570 -
313 3541 456 3592 Delph.
476 3546 514 3582 et
535 3542 628 3583 Var.
649 3542 758 3583 Clas.

1067 3541 1171 3594 Nep.

1892 241 2002 294 705

1112 377 1222 418 Haec
1242 378 1447 418 Schottus
1477 374 1531 415 de
1550 386 1626 415 suo
1649 370 1830 422 addidit.
1887 371 2000 412 Nam

1112 440 1155 480 in
1191 439 1336 481 Gellio
1379 439 1440 478 sic
1479 437 1688 489 legimus:
1736 437 1749 459 ‘
1773 433 2000 480 Cornelius

1112 504 1262 556 Nepos
1298 504 1341 543 in
1373 502 1482 542 libro
1513 500 1810 551 exemplorum
1836 497 2007 550 quinto,

1113 566 1156 606 id
1177 577 1346 618 quoque
1365 564 1503 604 literis
1524 562 1758 613 mandavit,
1791 560 1937 603 multis
1961 560 2007 600 in

1114 634 1264 670 senatu
1302 628 1533 680 placuisse,
1568 630 1620 666 ut
1662 625 1707 676 ii,
1748 624 1822 677 qui
1858 622 2002 663 redire

1114 692 1295 742 nollent,
1312 690 1426 731 datis
1453 687 1734 739 custodibus,'
1753 689 1835 727 &c-
1890 687 2007 739 Ege-

1115 759 1185 796 ret
1204 761 1349 795 autem
1365 753 1407 793 in
1425 750 1772 805 praecedentibus
1791 749 1847 790 de
1866 750 2004 801 capti·

1116 816 1180 856 vis
1215 816 1269 856 ab
1299 814 1513 856 Annibale
1540 814 1719 853 Romam
1752 811 1907 861 missis,
1925 811 2006 853 hac

1117 881 1380 933 conditione,
1396 885 1444 920 ut
1465 878 1658 920 redirent
1668 877 1721 919 ad
1735 889 1797 929 se,
1807 877 1891 916 nisi
1910 888 2005 929 per-

1116 943 1299 984 mutatio
1315 945 1513 997 placeret
1532 941 1727 984 Senatui.
1753 940 1913 982 Rosius.

1171 1007 1455 1060 Detestabile-s]
1501 1007 1554 1047 In
1587 1003 1848 1047 editionibus
1883 1003 2006 1042 inve-

1119 1070 1192 1111 nio
1227 1071 1484 1112 intestabt’les.
1541 1068 1668 1112 Quod
1703 1064 1887 1119 perinde
1919 1070 2000 1105 est.

1121 1132 1330 1174 Horatius
1347 1129 1438 1173 Sat.
1461 1143 1511 1172 u.
1531 1134 1571 1172 2.
1591 1133 1685 1171 181.
1712 1127 2004 1170 ‘intestabilis

1125 1201 1172 1237 et
1190 1207 1314 1237 sacer
1330 1194 1453 1236 esto?
1485 1195 1610 1234 Idem.

1160 1302 1471 1345 ›Intnsa-mum
1500 1300 1729 1341 Vmomm
1761 1299 1859 1339 Lm.
1889 1309 1945 1338 11.

1178 1396 1249 1426 111.
1270 1384 1466 1436 Subinde]
1487 1384 1584 1426 Quo
1602 1388 1648 1424 et
1663 1383 1825 1423 Brutus
1843 1387 1888 1421 et
1908 1382 2003 1421 Cae-

1125 1449 1204 1489 lius
1219 1447 1469 1502 frequenter
1485 1447 1551 1487 usi
1565 1451 1679 1488 sunt.
1714 1446 1857 1498 Sosip.
1876 1444 2014 1486 Caris.

1125 1512 1202 1553 lib.
1222 1523 1274 1553 11.
1292 1512 1486 1554 Gramm.
1514 1511 1643 1552 Idem.

1469 1627 1567 1668 Lm.
1598 1638 1676 1668 xv.

1187 1709 1346 1749 Harum
1361 1708 1540 1760 pur-tm]
1565 1708 1639 1749 Sic
1664 1708 1811 1749 Caesar
1838 1708 1884 1762 in
1902 1706 2018 1748 Ana-

1127 1771 1296 1824 logicis,
1316 1778 1362 1811 et
1375 1770 1552 1811 Ennius.
1609 1770 1732 1811 Idem
1762 1771 2016 1823 Sosipater:

1127 1836 1140 1859 ‘
1161 1836 1345 1888 Jamque
1375 1833 1468 1874 fere
1487 1840 1674 1888 quatuor
1689 1839 1859 1887 partum
1878 1834 1905 1875 ι’
1937 1846 2016 1887 pro

1129 1898 1334 1951 partium.
1390 1898 1519 1940 Quod
1547 1897 1676 1938 hodie
1702 1897 1888 1942 obtinet.
1947 1899 2018 1938 Sic

1130 1966 1176 2002 et
1195 1971 1279 2001 xu.
1298 1959 1491 2013 Philipp.
1513 1960 1680 2003 Cicero.
1733 1962 1797 2002 Ut
1814 1962 2018 2003 Muretus

1130 2024 1176 2064 'm
1207 2024 1296 2064 Ms.
1321 2023 1549 2065 Vaticano.
1612 2024 1684 2064 Ita
1718 2034 1911 2073 musam,
1934 2036 2015 2077 pro

1132 2086 1342 2127 mensium
1361 2086 1580 2128 dicebant.
1623 2088 1681 2128 Et
1700 2093 1906 2128 sexcenta
1922 2088 2020 2128 alia.

1133 2150 1360 2202 negandus
1391 2150 1568 2191 Vossius
1600 2150 1655 2191 de
1681 2150 1849 2203 analag.
1868 2162 1919 2191 ιι.
1950 2154 2017 2192 14.

1132 2213 1422 2255 Sed.Charisii
1437 2214 1559 2254 locus
1573 2214 1702 2254 aliter
1714 2214 2020 2266 interpungen-

1135 2277 1215 2319 dus
1242 2285 1327 2331 est,
1357 2291 1484 2332 quam
1520 2280 1652 2333 vulgo
1683 2279 1856 2332 legitur.
1911 2279 2022 2320 Put-

1137 2343 1278 2383 sehius
1313 2341 1478 2383 edidit:
1526 2342 1748 2384 PAR-tvm.
1806 2344 1944 2383 Coesar
1974 2343 2023 2382 dc

1135 2406 1365 2457 analogicis,
1391 2405 1570 2456 Hmvu
1602 2405 1818 2446 PAm-vm.
1878 2406 2023 2446 Corne-

1136 2469 1214 2510 lius
1233 2469 1369 2521 Nepos
1394 2469 1437 2508 in
1464 2468 1681 2509 illustrium
1697 2468 1845 2508 decimo
1875 2468 2024 2521 quinto.

1139 2534 1198 2574 Et
1226 2532 1408 2582 Ennius,
1443 2532 1632 2575 Imm
1659 2542 1778 2572 rens
1805 2541 2023 2575 curvos

1139 2605 1344 2639 parvm.
1374 2594 1630 2646 DistInguez
1651 2593 1870 2644 PAwrvss,
1887 2594 2025 2633 Coesar

1138 2660 1188 2699 de
1205 2658 1437 2710 analogicis,
1454 2657 1632 2697 Hanvm
1663 2667 1870 2707 marvis,
1902 2657 2025 2696 Corn.

1144 2723 1288 2775 Nepos,
1305 2724 1373 2774 εἷο.
1403 2722 1572 2763 Rosius.

1463 2814 1564 2869 Lm.
1593 2838 1690 2868 xvi.

1194 2911 1231 2951 A
1244 2910 1381 2960 fratre
1393 2910 1594 2963 patruele]
1645 2911 1756 2952 Rem
1789 2911 2026 2954 necessitu-

1139 2973 1270 3025 dinis,
1290 2974 1366 3015 sed
1387 2986 1630 3027 personam,
1656 2974 1869 3017 ostendat.
1916 2976 2025 3018 Qum.

1141 3037 1303 3078 Garisii
1340 3037 1413 3091 (ut
1447 3038 1654 3091 pleraque
1690 3036 1826 3090 illins)
1877 3038 2028 3078 mutila

1142 3106 1303 3141 suntet
1327 3105 1547 3152 corrupta.
1603 3099 1756 3140 Schott.
1795 3101 1891 3140 Bos.
1935 3101 2028 3141 Vos-

1140 3175 1237 3203 stus.

1144 3269 1349 3310 lucum-A
1390 3279 1484 3312 nuo
1525 3271 1672 3310 Lumo
1700 3269 1931 3312 vinorum
1959 3271 2028 3314 11.-

1424 3342 1544 3372 nvsr.
1574 3341 1748 3372 rosim.

1204 3413 1425 3465 Carthago]
1468 3414 1582 3455 Urbs
1617 3413 1741 3455 dicte·
1780 3426 1860 3468 per
1884 3416 2027 3455 excel-

1149 3475 1341 3528 lentiam,
1386 3482 1436 3517 ut
1472 3483 1574 3518 ante
1607 3478 1858 3519 monuimus.
1916 3480 2029 3520 Nam

1826 3544 1918 3583 2Y
