<?xml version="1.0" encoding="UTF-8"?>
<!DOCTYPE html PUBLIC "-//W3C//DTD XHTML 1.0 Transitional//EN"
    "http://www.w3.org/TR/xhtml1/DTD/xhtml1-transitional.dtd">
<html xmlns="http://www.w3.org/1999/xhtml" xml:lang="en" lang="en">
 <head>
  <title>
</title>
<meta http-equiv="Content-Type" content="text/html;charset=utf-8" />
  <meta name='ocr-system' content='tesseract 3.04.00' />
  <meta name='ocr-capabilities' content='ocr_page ocr_carea ocr_par ocr_line ocrx_word'/>
</head>
<body>
  <div class='ocr_page' id='page_1' title='image "./vitaeexcellentiu02nepouoft_0382.png"; bbox 0 0 2306 3900; ppageno 0'>
   <div class='ocr_carea' id='block_1_1' title="bbox 304 243 388 301">
    <p class='ocr_par' dir='ltr' id='par_1_1' title="bbox 304 243 388 301">
     <span class='ocr_line' id='line_1_1' title="bbox 304 243 388 301; baseline 0.036 -3"><span class='ocrx_word' id='word_1_1' title='bbox 304 243 388 301; x_wconf 85' lang='lat' dir='ltr'><strong>lvi</strong></span> 
     </span>
    </p>
   </div>
   <div class='ocr_carea' id='block_1_2' title="bbox 309 380 1207 2963">
    <p class='ocr_par' dir='ltr' id='par_1_2' title="bbox 309 380 1207 2963">
     <span class='ocr_line' id='line_1_2' title="bbox 362 380 1193 429; baseline -0.004 -6"><span class='ocrx_word' id='word_1_2' title='bbox 362 384 469 429; x_wconf 74' lang='lat' dir='ltr'><strong>xxiv,</strong></span> <span class='ocrx_word' id='word_1_3' title='bbox 487 385 554 423; x_wconf 71' lang='lat'><strong>34.</strong></span> <span class='ocrx_word' id='word_1_4' title='bbox 583 381 719 421; x_wconf 80' lang='lat' dir='ltr'><strong>Florus</strong></span> <span class='ocrx_word' id='word_1_5' title='bbox 746 380 789 427; x_wconf 86' lang='lat' dir='ltr'><strong>ii,</strong></span> <span class='ocrx_word' id='word_1_6' title='bbox 809 383 850 427; x_wconf 77' lang='lat'><strong>3,</strong></span> <span class='ocrx_word' id='word_1_7' title='bbox 870 384 911 421; x_wconf 80' lang='grc'><strong>6.</strong></span> <span class='ocrx_word' id='word_1_8' title='bbox 948 385 1079 420; x_wconf 88' lang='lat' dir='ltr'><strong>actum</strong></span> <span class='ocrx_word' id='word_1_9' title='bbox 1108 388 1193 426; x_wconf 81' lang='lat' dir='ltr'><strong>erat</strong></span> 
     </span>
     <span class='ocr_line' id='line_1_3' title="bbox 362 433 1192 484; baseline -0.004 -7"><span class='ocrx_word' id='word_1_10' title='bbox 362 440 415 478; x_wconf 89' lang='lat' dir='ltr'><strong>de</strong></span> <span class='ocrx_word' id='word_1_11' title='bbox 432 436 578 484; x_wconf 85' lang='lat' dir='ltr'><strong>Roma,</strong></span> <span class='ocrx_word' id='word_1_12' title='bbox 598 435 671 476; x_wconf 85' lang='lat' dir='ltr'><strong>nisi</strong></span> <span class='ocrx_word' id='word_1_13' title='bbox 689 434 842 475; x_wconf 83' lang='lat' dir='ltr'><strong>Marius</strong></span> <span class='ocrx_word' id='word_1_14' title='bbox 856 433 918 474; x_wconf 90' lang='lat' dir='ltr'><strong>illi</strong></span> <span class='ocrx_word' id='word_1_15' title='bbox 936 434 1081 474; x_wconf 88' lang='lat' dir='ltr'><strong>saeculo</strong></span> <span class='ocrx_word' id='word_1_16' title='bbox 1096 447 1192 474; x_wconf 85' lang='lat' dir='ltr'><strong>con-</strong></span> 
     </span>
     <span class='ocr_line' id='line_1_4' title="bbox 331 488 1193 544; baseline 0.002 -17"><span class='ocrx_word' id='word_1_17' title='bbox 331 491 528 544; x_wconf 78' lang='lat' dir='ltr'><strong>.-tigisset,</strong></span> <span class='ocrx_word' id='word_1_18' title='bbox 565 490 706 532; x_wconf 87' lang='lat' dir='ltr'><strong>Cicero</strong></span> <span class='ocrx_word' id='word_1_19' title='bbox 739 489 828 529; x_wconf 86' lang='lat' dir='ltr'><strong>Cat.</strong></span> <span class='ocrx_word' id='word_1_20' title='bbox 859 488 964 542; x_wconf 86' lang='lat' dir='ltr'><strong>Maj.</strong></span> <span class='ocrx_word' id='word_1_21' title='bbox 1011 489 1055 528; x_wconf 84' lang='lat' dir='ltr'><strong>Si</strong></span> <span class='ocrx_word' id='word_1_22' title='bbox 1082 501 1193 529; x_wconf 87' lang='lat' dir='ltr'><strong>senes</strong></span> 
     </span>
     <span class='ocr_line' id='line_1_5' title="bbox 360 542 1193 591; baseline -0.001 -7"><span class='ocrx_word' id='word_1_23' title='bbox 360 544 460 584; x_wconf 86' lang='lat' dir='ltr'><strong>nulli</strong></span> <span class='ocrx_word' id='word_1_24' title='bbox 479 543 656 591; x_wconf 80' lang='lat' dir='ltr'><strong>fuissent,</strong></span> <span class='ocrx_word' id='word_1_25' title='bbox 677 544 796 583; x_wconf 80' lang='lat' dir='ltr'><strong>nullae</strong></span> <span class='ocrx_word' id='word_1_26' title='bbox 825 544 986 582; x_wconf 90' lang='lat' dir='ltr'><strong>omnino</strong></span> <span class='ocrx_word' id='word_1_27' title='bbox 1005 542 1193 583; x_wconf 80' lang='lat' dir='ltr'><strong>Civitates</strong></span> 
     </span>
     <span class='ocr_line' id='line_1_6' title="bbox 358 596 1195 651; baseline -0.001 -13"><span class='ocrx_word' id='word_1_28' title='bbox 358 605 503 638; x_wconf 85' lang='lat' dir='ltr'><strong>essent.</strong></span> <span class='ocrx_word' id='word_1_29' title='bbox 529 605 570 638; x_wconf 86' lang='lat' dir='ltr'><strong>et</strong></span> <span class='ocrx_word' id='word_1_30' title='bbox 587 598 676 651; x_wconf 89' lang='lat' dir='ltr'><strong>ali.)</strong></span> <span class='ocrx_word' id='word_1_31' title='bbox 732 598 834 644; x_wconf 85' lang='lat' dir='ltr'><strong>Quae</strong></span> <span class='ocrx_word' id='word_1_32' title='bbox 859 596 1036 651; x_wconf 79' lang='lat' dir='ltr'><strong>tyrannis</strong></span> <span class='ocrx_word' id='word_1_33' title='bbox 1059 598 1195 649; x_wconf 87' lang='lat' dir='ltr'>paucis</span> 
     </span>
     <span class='ocr_line' id='line_1_7' title="bbox 360 650 1194 705; baseline -0.001 -13"><span class='ocrx_word' id='word_1_34' title='bbox 360 653 472 692; x_wconf 88' lang='lat' dir='ltr'><strong>annis</strong></span> <span class='ocrx_word' id='word_1_35' title='bbox 498 659 590 705; x_wconf 78' lang='lat' dir='ltr'><strong>ante</strong></span> <span class='ocrx_word' id='word_1_36' title='bbox 622 651 749 691; x_wconf 82' lang='lat' dir='ltr'><strong>fuerat</strong></span> <span class='ocrx_word' id='word_1_37' title='bbox 777 650 997 704; x_wconf 79' lang='lat' dir='ltr'>(viguerat)</span> <span class='ocrx_word' id='word_1_38' title='bbox 1024 652 1053 698; x_wconf 90' lang='lat' dir='ltr'><strong>i,</strong></span> <span class='ocrx_word' id='word_1_39' title='bbox 1073 655 1098 691; x_wconf 84' lang='lat'>8</span> <span class='ocrx_word' id='word_1_40' title='bbox 1137 652 1194 691; x_wconf 85' lang='lat' dir='ltr'><strong>sic</strong></span> 
     </span>
     <span class='ocr_line' id='line_1_8' title="bbox 359 704 1194 759; baseline -0.004 -13"><span class='ocrx_word' id='word_1_41' title='bbox 359 707 436 746; x_wconf 79' lang='lat' dir='ltr'><strong>fuit</strong></span> <span class='ocrx_word' id='word_1_42' title='bbox 454 707 561 759; x_wconf 88' lang='lat' dir='ltr'><strong>apud</strong></span> <span class='ocrx_word' id='word_1_43' title='bbox 589 704 852 745; x_wconf 81' lang='lat' dir='ltr'><strong>Athenienses</strong></span> <span class='ocrx_word' id='word_1_44' title='bbox 881 706 992 758; x_wconf 90' lang='lat' dir='ltr'><strong>(cum</strong></span> <span class='ocrx_word' id='word_1_45' title='bbox 1011 706 1063 744; x_wconf 89' lang='lat' dir='ltr'><strong>de</strong></span> <span class='ocrx_word' id='word_1_46' title='bbox 1088 717 1194 743; x_wconf 89' lang='lat' dir='ltr'><strong>more</strong></span> 
     </span>
     <span class='ocr_line' id='line_1_9' title="bbox 351 758 1195 814; baseline -0.002 -15"><span class='ocrx_word' id='word_1_47' title='bbox 351 759 576 814; x_wconf 86' lang='lat' dir='ltr'><strong>loquimur)</strong></span> <span class='ocrx_word' id='word_1_48' title='bbox 595 761 623 806; x_wconf 92' lang='lat' dir='ltr'><strong>i,</strong></span> <span class='ocrx_word' id='word_1_49' title='bbox 636 764 669 800; x_wconf 51' lang='lat'><strong>6&lt;</strong></span> <span class='ocrx_word' id='word_1_50' title='bbox 693 759 783 812; x_wconf 92' lang='lat' dir='ltr'><strong>(ubi</strong></span> <span class='ocrx_word' id='word_1_51' title='bbox 796 758 945 811; x_wconf 88' lang='lat' dir='ltr'><strong>aliquid</strong></span> <span class='ocrx_word' id='word_1_52' title='bbox 958 758 1195 798; x_wconf 82' lang='lat' dir='ltr'><strong>subaudien-</strong></span> 
     </span>
     <span class='ocr_line' id='line_1_10' title="bbox 358 812 1192 865; baseline -0.005 -11"><span class='ocrx_word' id='word_1_53' title='bbox 358 815 454 854; x_wconf 86' lang='lat' dir='ltr'><strong>dum</strong></span> <span class='ocrx_word' id='word_1_54' title='bbox 473 820 533 854; x_wconf 86' lang='lat' dir='ltr'><strong>est</strong></span> <span class='ocrx_word' id='word_1_55' title='bbox 549 828 598 854; x_wconf 88' lang='lat' dir='ltr'><strong>ex</strong></span> <span class='ocrx_word' id='word_1_56' title='bbox 617 812 976 865; x_wconf 81' lang='lat' dir='ltr'><strong>antecedentibus).</strong></span> <span class='ocrx_word' id='word_1_57' title='bbox 991 825 1080 851; x_wconf 91' lang='lat' dir='ltr'><strong>cum</strong></span> <span class='ocrx_word' id='word_1_58' title='bbox 1099 812 1192 864; x_wconf 89' lang='lat' dir='ltr'><strong>quid</strong></span> 
     </span>
     <span class='ocr_line' id='line_1_11' title="bbox 360 866 1195 919; baseline -0.006 -10"><span class='ocrx_word' id='word_1_59' title='bbox 360 874 478 915; x_wconf 82' lang='lat' dir='ltr'><strong>esset,</strong></span> <span class='ocrx_word' id='word_1_60' title='bbox 513 867 775 907; x_wconf 79' lang='lat' dir='ltr'>renuntiasset</span> <span class='ocrx_word' id='word_1_61' title='bbox 814 867 922 914; x_wconf 84' lang='lat' dir='ltr'><strong>xxiii,</strong></span> <span class='ocrx_word' id='word_1_62' title='bbox 954 870 1006 907; x_wconf 92' lang='grc'><strong>12</strong></span> <span class='ocrx_word' id='word_1_63' title='bbox 1058 866 1195 919; x_wconf 85' lang='lat' dir='ltr'><strong>(Esse,</strong></span> 
     </span>
     <span class='ocr_line' id='line_1_12' title="bbox 361 919 1196 974; baseline -0.002 -14"><span class='ocrx_word' id='word_1_64' title='bbox 361 935 430 974; x_wconf 90' lang='lat' dir='ltr'><strong>per</strong></span> <span class='ocrx_word' id='word_1_65' title='bbox 446 921 604 973; x_wconf 83' lang='lat' dir='ltr'>ellipsin</span> <span class='ocrx_word' id='word_1_66' title='bbox 622 922 848 961; x_wconf 82' lang='lat' dir='ltr'><strong>absorbetur</strong></span> <span class='ocrx_word' id='word_1_67' title='bbox 864 936 874 960; x_wconf 73' lang='grc' dir='ltr'><strong>ε</strong></span> <span class='ocrx_word' id='word_1_68' title='bbox 918 920 997 959; x_wconf 85' lang='lat' dir='ltr'><strong>vid.</strong></span> <span class='ocrx_word' id='word_1_69' title='bbox 1015 919 1196 972; x_wconf 86' lang='lat' dir='ltr'><strong>Ellipsis)</strong></span> 
     </span>
     <span class='ocr_line' id='line_1_13' title="bbox 309 973 1196 1026; baseline -0.003 -12"><span class='ocrx_word' id='word_1_70' title='bbox 309 975 408 1014; x_wconf 84' lang='lat' dir='ltr'><strong>Esse</strong></span> <span class='ocrx_word' id='word_1_71' title='bbox 441 974 627 1015; x_wconf 81' lang='lat' dir='ltr'><strong>civitatis</strong></span> <span class='ocrx_word' id='word_1_72' title='bbox 647 974 734 1026; x_wconf 89' lang='lat' dir='ltr'><strong>ejus</strong></span> <span class='ocrx_word' id='word_1_73' title='bbox 762 975 804 1021; x_wconf 85' lang='lat' dir='ltr'><strong>ii,</strong></span> <span class='ocrx_word' id='word_1_74' title='bbox 824 979 852 1016; x_wconf 82' lang='lat'>9</span> <span class='ocrx_word' id='word_1_75' title='bbox 905 973 1074 1013; x_wconf 78' lang='lat' dir='ltr'><strong>civitatis</strong></span> <span class='ocrx_word' id='word_1_76' title='bbox 1101 973 1196 1012; x_wconf 86' lang='lat' dir='ltr'><strong>alie-</strong></span> 
     </span>
     <span class='ocr_line' id='line_1_14' title="bbox 326 1027 1196 1082; baseline -0.003 -13"><span class='ocrx_word' id='word_1_77' title='bbox 326 1066 329 1069; x_wconf 94' lang='grc'><em>,</em></span> <span class='ocrx_word' id='word_1_78' title='bbox 360 1043 423 1068; x_wconf 79' lang='lat' dir='ltr'><strong>nae</strong></span> <span class='ocrx_word' id='word_1_79' title='bbox 451 1028 558 1076; x_wconf 82' lang='lat' dir='ltr'><strong>xviii,</strong></span> <span class='ocrx_word' id='word_1_80' title='bbox 579 1033 599 1069; x_wconf 87' lang='lat'>1</span> <span class='ocrx_word' id='word_1_81' title='bbox 649 1029 721 1082; x_wconf 90' lang='lat' dir='ltr'><strong>(In</strong></span> <span class='ocrx_word' id='word_1_82' title='bbox 751 1029 812 1067; x_wconf 85' lang='lat' dir='ltr'><strong>his</strong></span> <span class='ocrx_word' id='word_1_83' title='bbox 840 1028 962 1080; x_wconf 88' lang='lat' dir='ltr'><strong>vulgo</strong></span> <span class='ocrx_word' id='word_1_84' title='bbox 982 1027 1196 1079; x_wconf 87' lang='lat' dir='ltr'><strong>genitivum</strong></span> 
     </span>
     <span class='ocr_line' id='line_1_15' title="bbox 361 1082 1196 1133; baseline -0.005 -11"><span class='ocrx_word' id='word_1_85' title='bbox 361 1084 586 1123; x_wconf 85' lang='lat' dir='ltr'><strong>existimant</strong></span> <span class='ocrx_word' id='word_1_86' title='bbox 617 1096 640 1122; x_wconf 87' lang='lat' dir='ltr'><strong>a</strong></span> <span class='ocrx_word' id='word_1_87' title='bbox 665 1083 783 1122; x_wconf 86' lang='lat' dir='ltr'><strong>verbo</strong></span> <span class='ocrx_word' id='word_1_88' title='bbox 818 1082 1065 1122; x_wconf 88' lang='lat' dir='ltr'><strong>substantivo</strong></span> <span class='ocrx_word' id='word_1_89' title='bbox 1101 1082 1196 1133; x_wconf 87' lang='lat' dir='ltr'><strong>regi.</strong></span> 
     </span>
     <span class='ocr_line' id='line_1_16' title="bbox 361 1135 1196 1187; baseline -0.004 -11"><span class='ocrx_word' id='word_1_90' title='bbox 361 1137 440 1176; x_wconf 87' lang='lat' dir='ltr'><strong>Sed</strong></span> <span class='ocrx_word' id='word_1_91' title='bbox 492 1142 598 1176; x_wconf 87' lang='lat' dir='ltr'><strong>recte</strong></span> <span class='ocrx_word' id='word_1_92' title='bbox 648 1142 836 1176; x_wconf 87' lang='lat' dir='ltr'><strong>notarunt</strong></span> <span class='ocrx_word' id='word_1_93' title='bbox 887 1135 1109 1187; x_wconf 87' lang='lat' dir='ltr'><strong>Schoppius</strong></span> <span class='ocrx_word' id='word_1_94' title='bbox 1154 1135 1196 1173; x_wconf 92' lang='lat' dir='ltr'><strong>in</strong></span> 
     </span>
     <span class='ocr_line' id='line_1_17' title="bbox 321 1188 1197 1243; baseline 0 -16"><span class='ocrx_word' id='word_1_95' title='bbox 321 1224 324 1227; x_wconf 89' lang='lat'><em>.</em></span> <span class='ocrx_word' id='word_1_96' title='bbox 363 1191 541 1231; x_wconf 76' lang='lat' dir='ltr'><strong>Gramm.</strong></span> <span class='ocrx_word' id='word_1_97' title='bbox 552 1190 777 1243; x_wconf 81' lang='lat' dir='ltr'><strong>philosoph.</strong></span> <span class='ocrx_word' id='word_1_98' title='bbox 805 1188 970 1230; x_wconf 79' lang='lat' dir='ltr'>Vossius</span> <span class='ocrx_word' id='word_1_99' title='bbox 999 1191 1040 1228; x_wconf 93' lang='lat' dir='ltr'><strong>in</strong></span> <span class='ocrx_word' id='word_1_100' title='bbox 1059 1188 1127 1228; x_wconf 87' lang='lat' dir='ltr'><strong>lib.</strong></span> <span class='ocrx_word' id='word_1_101' title='bbox 1145 1190 1197 1228; x_wconf 89' lang='lat' dir='ltr'><strong>de</strong></span> 
     </span>
     <span class='ocr_line' id='line_1_18' title="bbox 361 1243 1197 1294; baseline -0.004 -9"><span class='ocrx_word' id='word_1_102' title='bbox 361 1250 575 1294; x_wconf 84' lang='lat' dir='ltr'><strong>construet.</strong></span> <span class='ocrx_word' id='word_1_103' title='bbox 610 1251 652 1284; x_wconf 91' lang='lat' dir='ltr'><strong>et</strong></span> <span class='ocrx_word' id='word_1_104' title='bbox 686 1244 898 1283; x_wconf 89' lang='lat' dir='ltr'><strong>Boeclerus</strong></span> <span class='ocrx_word' id='word_1_105' title='bbox 933 1243 975 1282; x_wconf 91' lang='lat' dir='ltr'><strong>in</strong></span> <span class='ocrx_word' id='word_1_106' title='bbox 1013 1243 1197 1283; x_wconf 86' lang='lat' dir='ltr'><strong>Chresto-</strong></span> 
     </span>
     <span class='ocr_line' id='line_1_19' title="bbox 362 1296 1196 1350; baseline -0.002 -13"><span class='ocrx_word' id='word_1_107' title='bbox 362 1300 485 1338; x_wconf 86' lang='lat' dir='ltr'><strong>math.</strong></span> <span class='ocrx_word' id='word_1_108' title='bbox 510 1298 667 1338; x_wconf 86' lang='lat' dir='ltr'><strong>Terent.</strong></span> <span class='ocrx_word' id='word_1_109' title='bbox 686 1298 892 1350; x_wconf 84' lang='lat' dir='ltr'><strong>plerasque</strong></span> <span class='ocrx_word' id='word_1_110' title='bbox 909 1296 1107 1349; x_wconf 88' lang='lat' dir='ltr'><strong>ejusmodi</strong></span> <span class='ocrx_word' id='word_1_111' title='bbox 1137 1296 1196 1335; x_wconf 90' lang='lat' dir='ltr'><strong>lo-</strong></span> 
     </span>
     <span class='ocr_line' id='line_1_20' title="bbox 361 1351 1196 1404; baseline -0.001 -13"><span class='ocrx_word' id='word_1_112' title='bbox 361 1353 541 1391; x_wconf 85' lang='lat' dir='ltr'><strong>cutiones</strong></span> <span class='ocrx_word' id='word_1_113' title='bbox 559 1353 753 1404; x_wconf 89' lang='lat' dir='ltr'><strong>ellipticas</strong></span> <span class='ocrx_word' id='word_1_114' title='bbox 771 1365 882 1402; x_wconf 88' lang='lat' dir='ltr'><strong>esse;</strong></span> <span class='ocrx_word' id='word_1_115' title='bbox 917 1364 963 1390; x_wconf 89' lang='lat' dir='ltr'><strong>ac</strong></span> <span class='ocrx_word' id='word_1_116' title='bbox 981 1351 1015 1390; x_wconf 87' lang='lat' dir='ltr'><strong>si</strong></span> <span class='ocrx_word' id='word_1_117' title='bbox 1033 1351 1196 1403; x_wconf 86' lang='lat' dir='ltr'><strong>supple-</strong></span> 
     </span>
     <span class='ocr_line' id='line_1_21' title="bbox 362 1404 1196 1457; baseline -0.004 -12"><span class='ocrx_word' id='word_1_118' title='bbox 362 1412 477 1445; x_wconf 80' lang='lat' dir='ltr'><strong>antur</strong></span> <span class='ocrx_word' id='word_1_119' title='bbox 503 1406 678 1457; x_wconf 89' lang='lat' dir='ltr'><strong>ellipses,</strong></span> <span class='ocrx_word' id='word_1_120' title='bbox 709 1406 876 1444; x_wconf 89' lang='lat' dir='ltr'><strong>multum</strong></span> <span class='ocrx_word' id='word_1_121' title='bbox 912 1404 1196 1444; x_wconf 87' lang='lat' dir='ltr'><strong>Grammatica-</strong></span> 
     </span>
     <span class='ocr_line' id='line_1_22' title="bbox 362 1458 1196 1510; baseline 0 -12"><span class='ocrx_word' id='word_1_122' title='bbox 362 1473 446 1499; x_wconf 87' lang='lat' dir='ltr'><strong>rum</strong></span> <span class='ocrx_word' id='word_1_123' title='bbox 475 1460 789 1499; x_wconf 88' lang='lat' dir='ltr'><strong>observationum</strong></span> <span class='ocrx_word' id='word_1_124' title='bbox 822 1459 946 1497; x_wconf 91' lang='lat' dir='ltr'><strong>minui</strong></span> <span class='ocrx_word' id='word_1_125' title='bbox 975 1471 1104 1510; x_wconf 81' lang='lat' dir='ltr'><strong>posse.</strong></span> <span class='ocrx_word' id='word_1_126' title='bbox 1132 1458 1196 1498; x_wconf 90' lang='lat' dir='ltr'><strong>Sic</strong></span> 
     </span>
     <span class='ocr_line' id='line_1_23' title="bbox 362 1511 1194 1570; baseline -0.002 -18"><span class='ocrx_word' id='word_1_127' title='bbox 362 1514 480 1570; x_wconf 85' lang='lat' dir='ltr'><strong>igitur</strong></span> <span class='ocrx_word' id='word_1_128' title='bbox 509 1513 551 1552; x_wconf 90' lang='lat' dir='ltr'><strong>in</strong></span> <span class='ocrx_word' id='word_1_129' title='bbox 568 1513 629 1553; x_wconf 86' lang='lat' dir='ltr'><strong>his</strong></span> <span class='ocrx_word' id='word_1_130' title='bbox 665 1513 760 1552; x_wconf 88' lang='lat' dir='ltr'><strong>locis</strong></span> <span class='ocrx_word' id='word_1_131' title='bbox 789 1512 922 1564; x_wconf 86' lang='lat' dir='ltr'><strong>suppl.</strong></span> <span class='ocrx_word' id='word_1_132' title='bbox 951 1525 1027 1551; x_wconf 85' lang='lat' dir='ltr'><strong>vox</strong></span> <span class='ocrx_word' id='word_1_133' title='bbox 1061 1511 1194 1552; x_wconf 85' lang='lat' dir='ltr'><strong>Civis:</strong></span> 
     </span>
     <span class='ocr_line' id='line_1_24' title="bbox 319 1565 1197 1619; baseline 0 -15"><span class='ocrx_word' id='word_1_134' title='bbox 319 1601 322 1604; x_wconf 16' lang='grc' dir='ltr'><em>Δ</em></span> <span class='ocrx_word' id='word_1_135' title='bbox 361 1581 400 1606; x_wconf 84' lang='lat' dir='ltr'><strong>v.</strong></span> <span class='ocrx_word' id='word_1_136' title='bbox 421 1581 476 1619; x_wconf 89' lang='lat' dir='ltr'><strong>gr.</strong></span> <span class='ocrx_word' id='word_1_137' title='bbox 509 1573 521 1592; x_wconf 88' lang='lat'>‘</span> <span class='ocrx_word' id='word_1_138' title='bbox 542 1581 627 1606; x_wconf 85' lang='lat' dir='ltr'><strong>esse</strong></span> <span class='ocrx_word' id='word_1_139' title='bbox 647 1566 816 1606; x_wconf 85' lang='lat' dir='ltr'><strong>civitatis</strong></span> <span class='ocrx_word' id='word_1_140' title='bbox 834 1565 936 1617; x_wconf 83' lang='lat' dir='ltr'><strong>ejus,</strong></span> <span class='ocrx_word' id='word_1_141' title='bbox 953 1566 1015 1604; x_wconf 79' lang='lat' dir='ltr'><strong>vel</strong></span> <span class='ocrx_word' id='word_1_142' title='bbox 1028 1565 1197 1605; x_wconf 86' lang='lat' dir='ltr'><strong>civitatis</strong></span> 
     </span>
     <span class='ocr_line' id='line_1_25' title="bbox 323 1618 1198 1667; baseline -0.003 -7"><span class='ocrx_word' id='word_1_143' title='bbox 323 1648 326 1651; x_wconf 90' lang='lat'><em>-</em></span> <span class='ocrx_word' id='word_1_144' title='bbox 365 1620 535 1667; x_wconf 60' lang='lat' dir='ltr'><strong>alienae?</strong></span> <span class='ocrx_word' id='word_1_145' title='bbox 554 1621 636 1660; x_wconf 80' lang='lat' dir='ltr'><strong>scil.</strong></span> <span class='ocrx_word' id='word_1_146' title='bbox 655 1619 795 1660; x_wconf 84' lang='lat' dir='ltr'><strong>civem.</strong></span> <span class='ocrx_word' id='word_1_147' title='bbox 825 1618 1010 1658; x_wconf 79' lang='lat' dir='ltr'><strong>Similiter</strong></span> <span class='ocrx_word' id='word_1_148' title='bbox 1027 1626 1068 1658; x_wconf 88' lang='lat' dir='ltr'><strong>et</strong></span> <span class='ocrx_word' id='word_1_149' title='bbox 1081 1619 1121 1657; x_wconf 90' lang='lat' dir='ltr'><strong>in</strong></span> <span class='ocrx_word' id='word_1_150' title='bbox 1137 1632 1198 1658; x_wconf 85' lang='lat' dir='ltr'><strong>se-</strong></span> 
     </span>
     <span class='ocr_line' id='line_1_26' title="bbox 347 1672 1199 1726; baseline -0.001 -13"><span class='ocrx_word' id='word_1_151' title='bbox 347 1675 573 1726; x_wconf 70' lang='lat' dir='ltr'><strong>&#39;quentibus</strong></span> <span class='ocrx_word' id='word_1_152' title='bbox 591 1673 792 1713; x_wconf 75' lang='lat' dir='ltr'><strong>subaudiri</strong></span> <span class='ocrx_word' id='word_1_153' title='bbox 818 1677 926 1712; x_wconf 81' lang='lat' dir='ltr'><strong>certa</strong></span> <span class='ocrx_word' id='word_1_154' title='bbox 951 1672 1111 1712; x_wconf 89' lang='lat' dir='ltr'><strong>nomina</strong></span> <span class='ocrx_word' id='word_1_155' title='bbox 1129 1673 1199 1712; x_wconf 86' lang='lat' dir='ltr'><strong>de-</strong></span> 
     </span>
     <span class='ocr_line' id='line_1_27' title="bbox 366 1725 1197 1781; baseline -0.002 -15"><span class='ocrx_word' id='word_1_156' title='bbox 366 1727 498 1781; x_wconf 84' lang='lat' dir='ltr'><strong>bent).</strong></span> <span class='ocrx_word' id='word_1_157' title='bbox 527 1741 613 1767; x_wconf 86' lang='lat' dir='ltr'><strong>esse</strong></span> <span class='ocrx_word' id='word_1_158' title='bbox 644 1726 822 1779; x_wconf 86' lang='lat' dir='ltr'><strong>ejusdem</strong></span> <span class='ocrx_word' id='word_1_159' title='bbox 853 1726 979 1765; x_wconf 83' lang='lat' dir='ltr'><strong>aetatis</strong></span> <span class='ocrx_word' id='word_1_160' title='bbox 998 1725 1106 1780; x_wconf 86' lang='lat' dir='ltr'><strong>(sub.</strong></span> <span class='ocrx_word' id='word_1_161' title='bbox 1125 1727 1197 1765; x_wconf 83' lang='lat' dir='ltr'><strong>ho-</strong></span> 
     </span>
     <span class='ocr_line' id='line_1_28' title="bbox 322 1780 1199 1833; baseline -0.006 -11"><span class='ocrx_word' id='word_1_162' title='bbox 322 1819 323 1822; x_wconf 65' lang='lat'>,</span> <span class='ocrx_word' id='word_1_163' title='bbox 365 1783 508 1822; x_wconf 88' lang='lat' dir='ltr'><strong>minem</strong></span> <span class='ocrx_word' id='word_1_164' title='bbox 523 1782 586 1820; x_wconf 90' lang='lat' dir='ltr'><strong>vel</strong></span> <span class='ocrx_word' id='word_1_165' title='bbox 601 1780 747 1833; x_wconf 87' lang='lat' dir='ltr'><strong>virum)</strong></span> <span class='ocrx_word' id='word_1_166' title='bbox 777 1780 844 1827; x_wconf 90' lang='lat' dir='ltr'><strong>vii,</strong></span> <span class='ocrx_word' id='word_1_167' title='bbox 864 1783 915 1820; x_wconf 91' lang='lat'><strong>11</strong></span> <span class='ocrx_word' id='word_1_168' title='bbox 965 1780 1199 1832; x_wconf 85' lang='lat' dir='ltr'><strong>optimarum</strong></span> 
     </span>
     <span class='ocr_line' id='line_1_29' title="bbox 362 1833 1200 1889; baseline -0.005 -14"><span class='ocrx_word' id='word_1_169' title='bbox 362 1837 531 1888; x_wconf 89' lang='lat' dir='ltr'><strong>partium</strong></span> <span class='ocrx_word' id='word_1_170' title='bbox 542 1837 649 1889; x_wconf 90' lang='lat' dir='ltr'><strong>(sub.</strong></span> <span class='ocrx_word' id='word_1_171' title='bbox 668 1834 864 1874; x_wconf 90' lang='lat' dir='ltr'><strong>hominem</strong></span> <span class='ocrx_word' id='word_1_172' title='bbox 873 1834 936 1873; x_wconf 87' lang='lat' dir='ltr'><strong>vel</strong></span> <span class='ocrx_word' id='word_1_173' title='bbox 949 1833 1200 1887; x_wconf 82' lang='lat' dir='ltr'><strong>sectatorem)</strong></span> 
     </span>
     <span class='ocr_line' id='line_1_30' title="bbox 364 1888 1202 1938; baseline -0.002 -10"><span class='ocrx_word' id='word_1_174' title='bbox 364 1904 455 1938; x_wconf 84' lang='lat' dir='ltr'>xxv,</span> <span class='ocrx_word' id='word_1_175' title='bbox 473 1895 501 1930; x_wconf 81' lang='grc' dir='ltr'><strong>ὃ</strong></span> <span class='ocrx_word' id='word_1_176' title='bbox 543 1903 649 1928; x_wconf 85' lang='lat' dir='ltr'><strong>arma</strong></span> <span class='ocrx_word' id='word_1_177' title='bbox 681 1888 910 1928; x_wconf 82' lang='lat' dir='ltr'><strong>adversariis</strong></span> <span class='ocrx_word' id='word_1_178' title='bbox 937 1889 1088 1928; x_wconf 80' lang='lat' dir='ltr'><strong>tradere</strong></span> <span class='ocrx_word' id='word_1_179' title='bbox 1120 1901 1202 1926; x_wconf 92' lang='lat' dir='ltr'><strong>non</strong></span> 
     </span>
     <span class='ocr_line' id='line_1_31' title="bbox 365 1941 1202 1996; baseline -0.002 -14"><span class='ocrx_word' id='word_1_180' title='bbox 365 1950 443 1982; x_wconf 84' lang='lat' dir='ltr'><strong>tuae</strong></span> <span class='ocrx_word' id='word_1_181' title='bbox 461 1943 615 1982; x_wconf 82' lang='lat' dir='ltr'><strong>virtutis</strong></span> <span class='ocrx_word' id='word_1_182' title='bbox 630 1943 738 1996; x_wconf 89' lang='lat' dir='ltr'><strong>(sub.</strong></span> <span class='ocrx_word' id='word_1_183' title='bbox 758 1956 832 1990; x_wconf 86' lang='lat' dir='ltr'><strong>res,</strong></span> <span class='ocrx_word' id='word_1_184' title='bbox 852 1941 1202 1994; x_wconf 58' lang='lat' dir='ltr'><strong>negofiummpus)</strong></span> 
     </span>
     <span class='ocr_line' id='line_1_32' title="bbox 319 1996 1202 2045; baseline -0.001 -10"><span class='ocrx_word' id='word_1_185' title='bbox 319 2029 324 2035; x_wconf 96' lang='lat'>.</span> <span class='ocrx_word' id='word_1_186' title='bbox 366 1998 461 2045; x_wconf 79' lang='lat' dir='ltr'><strong>xxii,</strong></span> <span class='ocrx_word' id='word_1_187' title='bbox 477 2002 499 2039; x_wconf 94' lang='lat' dir='ltr'>l</span> <span class='ocrx_word' id='word_1_188' title='bbox 542 1997 584 2036; x_wconf 90' lang='lat' dir='ltr'><strong>id</strong></span> <span class='ocrx_word' id='word_1_189' title='bbox 600 2027 603 2030; x_wconf 90' lang='lat'>.</span> <span class='ocrx_word' id='word_1_190' title='bbox 617 1996 815 2036; x_wconf 84' lang='lat' dir='ltr'><strong>arbitrium</strong></span> <span class='ocrx_word' id='word_1_191' title='bbox 833 2009 916 2034; x_wconf 90' lang='lat' dir='ltr'><strong>non</strong></span> <span class='ocrx_word' id='word_1_192' title='bbox 934 2002 994 2035; x_wconf 90' lang='lat' dir='ltr'><strong>est</strong></span> <span class='ocrx_word' id='word_1_193' title='bbox 1011 1997 1088 2035; x_wconf 87' lang='lat' dir='ltr'><strong>mei</strong></span> <span class='ocrx_word' id='word_1_194' title='bbox 1107 2009 1202 2035; x_wconf 90' lang='lat' dir='ltr'><strong>con-</strong></span> 
     </span>
     <span class='ocr_line' id='line_1_33' title="bbox 366 2049 1201 2105; baseline -0.001 -15"><span class='ocrx_word' id='word_1_195' title='bbox 366 2052 442 2090; x_wconf 82' lang='lat' dir='ltr'><strong>silii</strong></span> <span class='ocrx_word' id='word_1_196' title='bbox 474 2053 550 2105; x_wconf 88' lang='lat' dir='ltr'><strong>(sc.</strong></span> <span class='ocrx_word' id='word_1_197' title='bbox 571 2049 652 2102; x_wconf 86' lang='lat' dir='ltr'><strong>res)</strong></span> <span class='ocrx_word' id='word_1_198' title='bbox 680 2051 735 2098; x_wconf 85' lang='lat' dir='ltr'><strong>ix,</strong></span> <span class='ocrx_word' id='word_1_199' title='bbox 753 2055 779 2091; x_wconf 80' lang='lat'>4</span> <span class='ocrx_word' id='word_1_200' title='bbox 825 2050 926 2103; x_wconf 86' lang='lat' dir='ltr'><strong>(vid.</strong></span> <span class='ocrx_word' id='word_1_201' title='bbox 947 2049 1201 2103; x_wconf 85' lang='lat' dir='ltr'><strong>Consilium).</strong></span> 
     </span>
     <span class='ocr_line' id='line_1_34' title="bbox 365 2104 1201 2157; baseline -0.004 -12"><span class='ocrx_word' id='word_1_202' title='bbox 365 2106 498 2157; x_wconf 88' lang='lat' dir='ltr'><strong>potius</strong></span> <span class='ocrx_word' id='word_1_203' title='bbox 517 2105 723 2157; x_wconf 78' lang='lat' dir='ltr'><strong>diligentia</strong></span> <span class='ocrx_word' id='word_1_204' title='bbox 747 2117 866 2156; x_wconf 89' lang='lat' dir='ltr'><strong>quam</strong></span> <span class='ocrx_word' id='word_1_205' title='bbox 894 2104 1021 2155; x_wconf 82' lang='lat' dir='ltr'><strong>pretio</strong></span> <span class='ocrx_word' id='word_1_206' title='bbox 1052 2117 1201 2156; x_wconf 86' lang='lat' dir='ltr'><strong>parare,</strong></span> 
     </span>
     <span class='ocr_line' id='line_1_35' title="bbox 364 2157 1204 2210; baseline -0.001 -12"><span class='ocrx_word' id='word_1_207' title='bbox 364 2172 448 2198; x_wconf 91' lang='lat' dir='ltr'><strong>non</strong></span> <span class='ocrx_word' id='word_1_208' title='bbox 467 2157 674 2199; x_wconf 83' lang='lat' dir='ltr'><strong>mediocris</strong></span> <span class='ocrx_word' id='word_1_209' title='bbox 692 2164 754 2198; x_wconf 87' lang='lat' dir='ltr'><strong>est</strong></span> <span class='ocrx_word' id='word_1_210' title='bbox 783 2158 984 2196; x_wconf 82' lang='lat' dir='ltr'><strong>industriae</strong></span> <span class='ocrx_word' id='word_1_211' title='bbox 1004 2158 1111 2210; x_wconf 88' lang='lat' dir='ltr'><strong>(sub.</strong></span> <span class='ocrx_word' id='word_1_212' title='bbox 1143 2171 1204 2197; x_wconf 86' lang='lat' dir='ltr'><strong>res</strong></span> 
     </span>
     <span class='ocr_line' id='line_1_36' title="bbox 319 2211 1203 2267; baseline -0.003 -14"><span class='ocrx_word' id='word_1_213' title='bbox 319 2238 324 2241; x_wconf 40' lang='grc' dir='ltr'><em>ν</em></span> <span class='ocrx_word' id='word_1_214' title='bbox 365 2213 465 2267; x_wconf 84' lang='lat' dir='ltr'><strong>&amp;c.)</strong></span> <span class='ocrx_word' id='word_1_215' title='bbox 502 2226 591 2260; x_wconf 84' lang='lat' dir='ltr'>xxv,</span> <span class='ocrx_word' id='word_1_216' title='bbox 626 2216 677 2252; x_wconf 77' lang='lat'><strong>13</strong></span> <span class='ocrx_word' id='word_1_217' title='bbox 725 2225 858 2251; x_wconf 87' lang='lat' dir='ltr'><strong>eorum</strong></span> <span class='ocrx_word' id='word_1_218' title='bbox 892 2211 1057 2251; x_wconf 88' lang='lat' dir='ltr'><strong>retinere</strong></span> <span class='ocrx_word' id='word_1_219' title='bbox 1090 2224 1203 2251; x_wconf 85' lang='lat' dir='ltr'><strong>usum</strong></span> 
     </span>
     <span class='ocr_line' id='line_1_37' title="bbox 364 2265 1202 2318; baseline -0.002 -12"><span class='ocrx_word' id='word_1_220' title='bbox 364 2267 762 2318; x_wconf 82' lang='lat' dir='ltr'><strong>benevolentiamque</strong></span> <span class='ocrx_word' id='word_1_221' title='bbox 824 2266 927 2304; x_wconf 89' lang='lat' dir='ltr'><strong>inter</strong></span> <span class='ocrx_word' id='word_1_222' title='bbox 982 2274 1082 2317; x_wconf 82' lang='lat' dir='ltr'><strong>quos&#39;</strong></span> <span class='ocrx_word' id='word_1_223' title='bbox 1127 2265 1202 2304; x_wconf 88' lang='lat' dir='ltr'><strong>&amp;c.</strong></span> 
     </span>
     <span class='ocr_line' id='line_1_38' title="bbox 367 2318 1202 2372; baseline -0.002 -14"><span class='ocrx_word' id='word_1_224' title='bbox 367 2334 520 2372; x_wconf 85' lang='lat' dir='ltr'><strong>magnae</strong></span> <span class='ocrx_word' id='word_1_225' title='bbox 548 2327 609 2358; x_wconf 85' lang='lat' dir='ltr'><strong>est</strong></span> <span class='ocrx_word' id='word_1_226' title='bbox 638 2319 842 2372; x_wconf 81' lang='lat' dir='ltr'><strong>sapientiae</strong></span> <span class='ocrx_word' id='word_1_227' title='bbox 873 2319 982 2371; x_wconf 83' lang='lat' dir='ltr'><strong>(sub.</strong></span> <span class='ocrx_word' id='word_1_228' title='bbox 1013 2332 1072 2357; x_wconf 86' lang='lat' dir='ltr'><strong>res</strong></span> <span class='ocrx_word' id='word_1_229' title='bbox 1104 2318 1202 2370; x_wconf 90' lang='lat' dir='ltr'><strong>&amp;c.)</strong></span> 
     </span>
     <span class='ocr_line' id='line_1_39' title="bbox 367 2371 1201 2425; baseline -0.004 -13"><span class='ocrx_word' id='word_1_230' title='bbox 367 2387 458 2420; x_wconf 80' lang='lat' dir='ltr'>xxv,</span> <span class='ocrx_word' id='word_1_231' title='bbox 478 2377 531 2414; x_wconf 88' lang='grc'><strong>20</strong></span> <span class='ocrx_word' id='word_1_232' title='bbox 561 2372 676 2425; x_wconf 91' lang='lat' dir='ltr'><strong>(Huc</strong></span> <span class='ocrx_word' id='word_1_233' title='bbox 694 2373 892 2424; x_wconf 83' lang='lat' dir='ltr'><strong>pertinent</strong></span> <span class='ocrx_word' id='word_1_234' title='bbox 909 2371 991 2418; x_wconf 83' lang='lat' dir='ltr'><strong>illa,</strong></span> <span class='ocrx_word' id='word_1_235' title='bbox 1006 2373 1048 2410; x_wconf 90' lang='lat' dir='ltr'><strong>in</strong></span> <span class='ocrx_word' id='word_1_236' title='bbox 1061 2372 1201 2423; x_wconf 87' lang='lat' dir='ltr'><strong>quibus</strong></span> 
     </span>
     <span class='ocr_line' id='line_1_40' title="bbox 319 2426 1204 2479; baseline -0.003 -13"><span class='ocrx_word' id='word_1_237' title='bbox 319 2450 325 2453; x_wconf 75' lang='lat'><strong><em>—</em></strong></span> <span class='ocrx_word' id='word_1_238' title='bbox 368 2433 509 2479; x_wconf 79' lang='lat' dir='ltr'><strong>praeter</strong></span> <span class='ocrx_word' id='word_1_239' title='bbox 532 2439 677 2466; x_wconf 88' lang='lat' dir='ltr'><strong>nomen</strong></span> <span class='ocrx_word' id='word_1_240' title='bbox 695 2426 989 2465; x_wconf 81' lang='lat' dir='ltr'><strong>subaudiendus</strong></span> <span class='ocrx_word' id='word_1_241' title='bbox 1007 2426 1124 2464; x_wconf 90' lang='lat' dir='ltr'><strong>etiam</strong></span> <span class='ocrx_word' id='word_1_242' title='bbox 1143 2432 1204 2464; x_wconf 89' lang='lat' dir='ltr'><strong>est</strong></span> 
     </span>
     <span class='ocr_line' id='line_1_41' title="bbox 367 2478 1202 2531; baseline -0.002 -12"><span class='ocrx_word' id='word_1_243' title='bbox 367 2481 585 2519; x_wconf 87' lang='lat' dir='ltr'><strong>infinitivus</strong></span> <span class='ocrx_word' id='word_1_244' title='bbox 625 2479 733 2518; x_wconf 87' lang='lat' dir='ltr'><strong>verbi</strong></span> <span class='ocrx_word' id='word_1_245' title='bbox 768 2478 1028 2518; x_wconf 82' lang='lat' dir='ltr'><strong>substantivi:</strong></span> <span class='ocrx_word' id='word_1_246' title='bbox 1064 2493 1102 2518; x_wconf 83' lang='lat' dir='ltr'><strong>v.</strong></span> <span class='ocrx_word' id='word_1_247' title='bbox 1141 2478 1202 2531; x_wconf 87' lang='lat' dir='ltr'><strong>g.)</strong></span> 
     </span>
     <span class='ocr_line' id='line_1_42' title="bbox 367 2533 1203 2585; baseline -0.005 -11"><span class='ocrx_word' id='word_1_248' title='bbox 367 2548 448 2573; x_wconf 93' lang='lat' dir='ltr'><strong>non</strong></span> <span class='ocrx_word' id='word_1_249' title='bbox 478 2533 782 2585; x_wconf 84' lang='lat' dir='ltr'><strong>intemperanter</strong></span> <span class='ocrx_word' id='word_1_250' title='bbox 812 2533 1090 2584; x_wconf 83' lang='lat' dir='ltr'><strong>concupiscere</strong></span> <span class='ocrx_word' id='word_1_251' title='bbox 1108 2545 1203 2571; x_wconf 88' lang='lat' dir='ltr'><strong>con-</strong></span> 
     </span>
     <span class='ocr_line' id='line_1_43' title="bbox 368 2586 1203 2639; baseline -0.004 -12"><span class='ocrx_word' id='word_1_252' title='bbox 368 2588 530 2628; x_wconf 86' lang='lat' dir='ltr'><strong>tinentis</strong></span> <span class='ocrx_word' id='word_1_253' title='bbox 567 2588 687 2626; x_wconf 87' lang='lat' dir='ltr'><strong>debet</strong></span> <span class='ocrx_word' id='word_1_254' title='bbox 717 2586 810 2626; x_wconf 90' lang='lat' dir='ltr'><strong>duci</strong></span> <span class='ocrx_word' id='word_1_255' title='bbox 844 2586 955 2639; x_wconf 88' lang='lat' dir='ltr'><strong>(sub.</strong></span> <span class='ocrx_word' id='word_1_256' title='bbox 986 2599 1066 2626; x_wconf 90' lang='lat' dir='ltr'><strong>rem</strong></span> <span class='ocrx_word' id='word_1_257' title='bbox 1096 2587 1203 2639; x_wconf 89' lang='lat' dir='ltr'><strong>esse)</strong></span> 
     </span>
     <span class='ocr_line' id='line_1_44' title="bbox 368 2639 1204 2692; baseline -0.004 -11"><span class='ocrx_word' id='word_1_258' title='bbox 368 2656 458 2690; x_wconf 87' lang='lat' dir='ltr'>xxv,</span> <span class='ocrx_word' id='word_1_259' title='bbox 480 2646 530 2682; x_wconf 77' lang='lat'><strong>18</strong></span> <span class='ocrx_word' id='word_1_260' title='bbox 572 2639 946 2692; x_wconf 87' lang='lat' dir='ltr'><strong>Atticuspolliceri,</strong></span> <span class='ocrx_word' id='word_1_261' title='bbox 976 2641 1083 2692; x_wconf 91' lang='lat' dir='ltr'><strong>quod</strong></span> <span class='ocrx_word' id='word_1_262' title='bbox 1104 2653 1204 2692; x_wconf 87' lang='lat' dir='ltr'><strong>prae-</strong></span> 
     </span>
     <span class='ocr_line' id='line_1_45' title="bbox 368 2694 1204 2747; baseline -0.002 -12"><span class='ocrx_word' id='word_1_263' title='bbox 368 2702 471 2736; x_wconf 82' lang='lat' dir='ltr'><strong>stare</strong></span> <span class='ocrx_word' id='word_1_264' title='bbox 505 2708 587 2734; x_wconf 89' lang='lat' dir='ltr'><strong>non</strong></span> <span class='ocrx_word' id='word_1_265' title='bbox 623 2701 772 2747; x_wconf 87' lang='lat' dir='ltr'><strong>posset,</strong></span> <span class='ocrx_word' id='word_1_266' title='bbox 803 2707 886 2732; x_wconf 90' lang='lat' dir='ltr'><strong>non</strong></span> <span class='ocrx_word' id='word_1_267' title='bbox 922 2694 1107 2742; x_wconf 88' lang='lat' dir='ltr'><strong>liberalis,</strong></span> <span class='ocrx_word' id='word_1_268' title='bbox 1135 2696 1204 2733; x_wconf 89' lang='lat' dir='ltr'><strong>sed</strong></span> 
     </span>
     <span class='ocr_line' id='line_1_46' title="bbox 370 2747 1204 2802; baseline -0.002 -14"><span class='ocrx_word' id='word_1_269' title='bbox 370 2750 467 2789; x_wconf 80' lang='lat' dir='ltr'><strong>levis</strong></span> <span class='ocrx_word' id='word_1_270' title='bbox 486 2750 741 2788; x_wconf 84' lang='lat' dir='ltr'><strong>arbitrabatur</strong></span> <span class='ocrx_word' id='word_1_271' title='bbox 761 2748 867 2801; x_wconf 90' lang='lat' dir='ltr'><strong>(sub.</strong></span> <span class='ocrx_word' id='word_1_272' title='bbox 883 2760 964 2787; x_wconf 89' lang='lat' dir='ltr'><strong>rem</strong></span> <span class='ocrx_word' id='word_1_273' title='bbox 983 2747 1088 2802; x_wconf 86' lang='lat' dir='ltr'><strong>esse)</strong></span> <span class='ocrx_word' id='word_1_274' title='bbox 1116 2762 1204 2794; x_wconf 81' lang='lat' dir='ltr'>xxv,</span> 
     </span>
     <span class='ocr_line' id='line_1_47' title="bbox 372 2802 1205 2858; baseline -0.004 -15"><span class='ocrx_word' id='word_1_275' title='bbox 372 2808 420 2843; x_wconf 79' lang='lat'><strong>15</strong></span> <span class='ocrx_word' id='word_1_276' title='bbox 451 2803 522 2858; x_wconf 91' lang='lat' dir='ltr'><strong>(In</strong></span> <span class='ocrx_word' id='word_1_277' title='bbox 559 2803 619 2842; x_wconf 89' lang='lat' dir='ltr'><strong>his</strong></span> <span class='ocrx_word' id='word_1_278' title='bbox 655 2815 761 2849; x_wconf 87' lang='lat' dir='ltr'><strong>vero,</strong></span> <span class='ocrx_word' id='word_1_279' title='bbox 795 2802 836 2840; x_wconf 91' lang='lat' dir='ltr'><strong>in</strong></span> <span class='ocrx_word' id='word_1_280' title='bbox 868 2803 1011 2853; x_wconf 89' lang='lat' dir='ltr'><strong>quibus</strong></span> <span class='ocrx_word' id='word_1_281' title='bbox 1045 2802 1205 2841; x_wconf 85' lang='lat' dir='ltr'><strong>verbum</strong></span> 
     </span>
     <span class='ocr_line' id='line_1_48' title="bbox 318 2856 1204 2909; baseline 0.001 -16"><span class='ocrx_word' id='word_1_282' title='bbox 318 2890 321 2893; x_wconf 93' lang='lat'>.</span> <span class='ocrx_word' id='word_1_283' title='bbox 368 2857 654 2896; x_wconf 87' lang='lat' dir='ltr'><strong>substantivum</strong></span> <span class='ocrx_word' id='word_1_284' title='bbox 691 2856 907 2895; x_wconf 80' lang='lat' dir='ltr'><strong>aestimandi</strong></span> <span class='ocrx_word' id='word_1_285' title='bbox 953 2856 1204 2909; x_wconf 85' lang='lat' dir='ltr'><strong>significatio-</strong></span> 
     </span>
     <span class='ocr_line' id='line_1_49' title="bbox 370 2909 1207 2963; baseline -0.002 -13"><span class='ocrx_word' id='word_1_286' title='bbox 370 2924 461 2952; x_wconf 81' lang='lat' dir='ltr'><strong>nem</strong></span> <span class='ocrx_word' id='word_1_287' title='bbox 478 2912 614 2956; x_wconf 87' lang='lat' dir='ltr'><strong>habet,</strong></span> <span class='ocrx_word' id='word_1_288' title='bbox 641 2911 794 2949; x_wconf 83' lang='lat' dir='ltr'><strong>duobus</strong></span> <span class='ocrx_word' id='word_1_289' title='bbox 813 2909 1034 2949; x_wconf 86' lang='lat' dir='ltr'><strong>nominibus</strong></span> <span class='ocrx_word' id='word_1_290' title='bbox 1068 2911 1207 2963; x_wconf 84' lang='lat' dir='ltr'><strong>geniti-</strong></span> 
     </span>
    </p>
   </div>
   <div class='ocr_carea' id='block_1_3' title="bbox 370 2963 1264 3016">
    <p class='ocr_par' dir='ltr' id='par_1_3' title="bbox 370 2963 1264 3016">
     <span class='ocr_line' id='line_1_50' title="bbox 370 2963 1264 3016; baseline -0.001 -13"><span class='ocrx_word' id='word_1_291' title='bbox 370 2977 443 3003; x_wconf 83' lang='lat' dir='ltr'><strong>vus</strong></span> <span class='ocrx_word' id='word_1_292' title='bbox 471 2964 716 3016; x_wconf 88' lang='lat' dir='ltr'><strong>supplendus</strong></span> <span class='ocrx_word' id='word_1_293' title='bbox 744 2969 817 3011; x_wconf 82' lang='lat' dir='ltr'><strong>est,</strong></span> <span class='ocrx_word' id='word_1_294' title='bbox 836 2964 912 3003; x_wconf 84' lang='lat' dir='ltr'><strong>hoc</strong></span> <span class='ocrx_word' id='word_1_295' title='bbox 937 2963 1082 3002; x_wconf 87' lang='lat' dir='ltr'><strong>modo:</strong></span> <span class='ocrx_word' id='word_1_296' title='bbox 1121 2963 1208 3016; x_wconf 89' lang='lat' dir='ltr'><strong>ejus</strong></span> <span class='ocrx_word' id='word_1_297' title='bbox 1262 2969 1264 2973; x_wconf 88' lang='lat'>&#39;</span> 
     </span>
    </p>
   </div>
   <div class='ocr_carea' id='block_1_4' title="bbox 321 3017 1209 3605">
    <p class='ocr_par' dir='ltr' id='par_1_4' title="bbox 371 3017 1209 3391">
     <span class='ocr_line' id='line_1_51' title="bbox 371 3017 1207 3071; baseline -0.002 -14"><span class='ocrx_word' id='word_1_298' title='bbox 371 3030 492 3071; x_wconf 89' lang='lat' dir='ltr'><strong>opera</strong></span> <span class='ocrx_word' id='word_1_299' title='bbox 523 3017 599 3057; x_wconf 86' lang='lat' dir='ltr'><strong>fuit</strong></span> <span class='ocrx_word' id='word_1_300' title='bbox 629 3017 758 3070; x_wconf 86' lang='lat' dir='ltr'><strong>magni</strong></span> <span class='ocrx_word' id='word_1_301' title='bbox 774 3031 785 3065; x_wconf 82' lang='lat'><em>3</em></span> <span class='ocrx_word' id='word_1_302' title='bbox 821 3017 904 3057; x_wconf 87' lang='lat' dir='ltr'><strong>scil.</strong></span> <span class='ocrx_word' id='word_1_303' title='bbox 942 3018 1057 3068; x_wconf 82' lang='lat' dir='ltr'><strong>pretii</strong></span> <span class='ocrx_word' id='word_1_304' title='bbox 1075 3030 1207 3069; x_wconf 87' lang='lat' dir='ltr'><strong>opera.</strong></span> 
     </span>
     <span class='ocr_line' id='line_1_52' title="bbox 372 3069 1208 3124; baseline -0.002 -14"><span class='ocrx_word' id='word_1_305' title='bbox 372 3085 443 3124; x_wconf 90' lang='lat' dir='ltr'><strong>pro</strong></span> <span class='ocrx_word' id='word_1_306' title='bbox 462 3084 557 3124; x_wconf 90' lang='lat' dir='ltr'><strong>quo,</strong></span> <span class='ocrx_word' id='word_1_307' title='bbox 578 3070 724 3110; x_wconf 86' lang='lat' dir='ltr'><strong>Noster</strong></span> <span class='ocrx_word' id='word_1_308' title='bbox 742 3071 820 3110; x_wconf 86' lang='lat' dir='ltr'><strong>ita:</strong></span> <span class='ocrx_word' id='word_1_309' title='bbox 862 3069 948 3122; x_wconf 83' lang='lat' dir='ltr'><strong>ejus</strong></span> <span class='ocrx_word' id='word_1_310' title='bbox 968 3083 1085 3122; x_wconf 86' lang='lat' dir='ltr'><strong>opera</strong></span> <span class='ocrx_word' id='word_1_311' title='bbox 1105 3072 1208 3109; x_wconf 75' lang='lat' dir='ltr'><strong>aesti-</strong></span> 
     </span>
     <span class='ocr_line' id='line_1_53' title="bbox 371 3123 1208 3178; baseline -0.002 -13"><span class='ocrx_word' id='word_1_312' title='bbox 371 3131 477 3165; x_wconf 88' lang='lat' dir='ltr'><strong>mata</strong></span> <span class='ocrx_word' id='word_1_313' title='bbox 495 3132 553 3165; x_wconf 89' lang='lat' dir='ltr'><strong>est</strong></span> <span class='ocrx_word' id='word_1_314' title='bbox 570 3123 717 3178; x_wconf 89' lang='lat' dir='ltr'><strong>magni,</strong></span> <span class='ocrx_word' id='word_1_315' title='bbox 738 3125 842 3172; x_wconf 85' lang='lat' dir='ltr'><strong>xxiv,</strong></span> <span class='ocrx_word' id='word_1_316' title='bbox 862 3124 924 3178; x_wconf 90' lang='lat' dir='ltr'><strong>l).</strong></span> <span class='ocrx_word' id='word_1_317' title='bbox 970 3137 1071 3163; x_wconf 88' lang='lat' dir='ltr'><strong>unus</strong></span> <span class='ocrx_word' id='word_1_318' title='bbox 1090 3125 1208 3163; x_wconf 89' lang='lat' dir='ltr'><strong>homo</strong></span> 
     </span>
     <span class='ocr_line' id='line_1_54' title="bbox 373 3177 1208 3232; baseline 0.001 -15"><span class='ocrx_word' id='word_1_319' title='bbox 373 3192 490 3231; x_wconf 88' lang='lat' dir='ltr'><strong>quam</strong></span> <span class='ocrx_word' id='word_1_320' title='bbox 505 3180 642 3219; x_wconf 81' lang='lat' dir='ltr'><strong>civitas</strong></span> <span class='ocrx_word' id='word_1_321' title='bbox 661 3179 738 3218; x_wconf 86' lang='lat' dir='ltr'><strong>fuit</strong></span> <span class='ocrx_word' id='word_1_322' title='bbox 757 3179 876 3230; x_wconf 89' lang='lat' dir='ltr'><strong>pluris</strong></span> <span class='ocrx_word' id='word_1_323' title='bbox 895 3179 973 3232; x_wconf 87' lang='lat' dir='ltr'><strong>(sc.</strong></span> <span class='ocrx_word' id='word_1_324' title='bbox 992 3177 1107 3231; x_wconf 88' lang='lat' dir='ltr'><strong>pretii</strong></span> <span class='ocrx_word' id='word_1_325' title='bbox 1126 3178 1208 3231; x_wconf 88' lang='lat' dir='ltr'><strong>res)</strong></span> 
     </span>
     <span class='ocr_line' id='line_1_55' title="bbox 372 3232 1208 3284; baseline 0.001 -15"><span class='ocrx_word' id='word_1_326' title='bbox 372 3246 436 3279; x_wconf 83' lang='lat' dir='ltr'><strong>xv,</strong></span> <span class='ocrx_word' id='word_1_327' title='bbox 458 3237 510 3273; x_wconf 89' lang='grc'><strong>10</strong></span> <span class='ocrx_word' id='word_1_328' title='bbox 540 3234 729 3272; x_wconf 89' lang='lat' dir='ltr'><strong>videbant</strong></span> <span class='ocrx_word' id='word_1_329' title='bbox 742 3232 922 3272; x_wconf 88' lang='lat' dir='ltr'><strong>Eumene</strong></span> <span class='ocrx_word' id='word_1_330' title='bbox 941 3238 1102 3284; x_wconf 89' lang='lat' dir='ltr'><strong>recepto</strong></span> <span class='ocrx_word' id='word_1_331' title='bbox 1123 3246 1208 3271; x_wconf 86' lang='lat' dir='ltr'><strong>orn-</strong></span> 
     </span>
     <span class='ocr_line' id='line_1_56' title="bbox 373 3286 1209 3340; baseline 0.002 -17"><span class='ocrx_word' id='word_1_332' title='bbox 373 3298 442 3324; x_wconf 82' lang='lat' dir='ltr'><strong>nes</strong></span> <span class='ocrx_word' id='word_1_333' title='bbox 476 3299 554 3337; x_wconf 84' lang='lat' dir='ltr'><strong>prae</strong></span> <span class='ocrx_word' id='word_1_334' title='bbox 579 3288 647 3325; x_wconf 92' lang='lat' dir='ltr'><strong>illo</strong></span> <span class='ocrx_word' id='word_1_335' title='bbox 671 3288 822 3326; x_wconf 80' lang='lat' dir='ltr'><strong>futuros</strong></span> <span class='ocrx_word' id='word_1_336' title='bbox 852 3286 959 3340; x_wconf 81' lang='lat' dir='ltr'><strong>parvi</strong></span> <span class='ocrx_word' id='word_1_337' title='bbox 991 3286 1068 3339; x_wconf 84' lang='lat' dir='ltr'><strong>(sc.</strong></span> <span class='ocrx_word' id='word_1_338' title='bbox 1094 3286 1209 3338; x_wconf 84' lang='lat' dir='ltr'><strong>pretii</strong></span> 
     </span>
     <span class='ocr_line' id='line_1_57' title="bbox 374 3339 1138 3391; baseline 0.007 -16"><span class='ocrx_word' id='word_1_339' title='bbox 374 3339 573 3391; x_wconf 86' lang='lat' dir='ltr'><strong>homines)</strong></span> <span class='ocrx_word' id='word_1_340' title='bbox 603 3340 711 3387; x_wconf 80' lang='lat' dir='ltr'><strong>xviii,</strong></span> <span class='ocrx_word' id='word_1_341' title='bbox 731 3344 784 3380; x_wconf 91' lang='grc'><strong>10</strong></span> <span class='ocrx_word' id='word_1_342' title='bbox 1134 3364 1138 3373; x_wconf 67' lang='grc'><strong>«</strong></span> 
     </span>
    </p>

    <p class='ocr_par' dir='ltr' id='par_1_5' title="bbox 321 3390 1209 3605">
     <span class='ocr_line' id='line_1_58' title="bbox 321 3390 1209 3440; baseline 0 -10"><span class='ocrx_word' id='word_1_343' title='bbox 321 3390 570 3431; x_wconf 81' lang='lat' dir='ltr'><strong>Esseauxilio</strong></span> <span class='ocrx_word' id='word_1_344' title='bbox 585 3394 700 3432; x_wconf 84' lang='lat' dir='ltr'><strong>alicui</strong></span> <span class='ocrx_word' id='word_1_345' title='bbox 721 3397 871 3440; x_wconf 85' lang='lat' dir='ltr'><strong>xxv‚ll</strong></span> <span class='ocrx_word' id='word_1_346' title='bbox 902 3405 987 3432; x_wconf 86' lang='lat' dir='ltr'><strong>esse</strong></span> <span class='ocrx_word' id='word_1_347' title='bbox 998 3393 1209 3433; x_wconf 83' lang='lat' dir='ltr'><strong>calamitati</strong></span> 
     </span>
     <span class='ocr_line' id='line_1_59' title="bbox 376 3445 1208 3499; baseline -0.001 -14"><span class='ocrx_word' id='word_1_348' title='bbox 376 3446 454 3499; x_wconf 80' lang='lat' dir='ltr'><strong>(sc.</strong></span> <span class='ocrx_word' id='word_1_349' title='bbox 473 3445 748 3497; x_wconf 86' lang='lat' dir='ltr'><strong>recipientibus</strong></span> <span class='ocrx_word' id='word_1_350' title='bbox 767 3453 808 3484; x_wconf 89' lang='lat' dir='ltr'><strong>et</strong></span> <span class='ocrx_word' id='word_1_351' title='bbox 826 3447 987 3485; x_wconf 90' lang='lat' dir='ltr'><strong>nimium</strong></span> <span class='ocrx_word' id='word_1_352' title='bbox 1007 3447 1208 3487; x_wconf 85' lang='lat' dir='ltr'><strong>confiden-</strong></span> 
     </span>
     <span class='ocr_line' id='line_1_60' title="bbox 376 3498 1209 3552; baseline -0.001 -14"><span class='ocrx_word' id='word_1_353' title='bbox 376 3498 503 3551; x_wconf 75' lang='lat' dir='ltr'><strong>tibus)</strong></span> <span class='ocrx_word' id='word_1_354' title='bbox 522 3499 601 3546; x_wconf 82' lang='lat' dir='ltr'><strong>xiv,</strong></span> <span class='ocrx_word' id='word_1_355' title='bbox 614 3503 654 3539; x_wconf 84' lang='grc'><strong>6.</strong></span> <span class='ocrx_word' id='word_1_356' title='bbox 674 3499 751 3545; x_wconf 86' lang='lat' dir='ltr'><strong>xvi,</strong></span> <span class='ocrx_word' id='word_1_357' title='bbox 765 3503 790 3538; x_wconf 78' lang='lat'><strong>3</strong></span> <span class='ocrx_word' id='word_1_358' title='bbox 819 3499 930 3552; x_wconf 90' lang='lat' dir='ltr'><strong>(nam</strong></span> <span class='ocrx_word' id='word_1_359' title='bbox 943 3501 1028 3538; x_wconf 86' lang='lat' dir='ltr'><strong>sub.</strong></span> <span class='ocrx_word' id='word_1_360' title='bbox 1045 3507 1103 3540; x_wconf 86' lang='lat' dir='ltr'><strong>est</strong></span> <span class='ocrx_word' id='word_1_361' title='bbox 1115 3500 1209 3539; x_wconf 88' lang='lat' dir='ltr'><strong>Dat.</strong></span> 
     </span>
     <span class='ocr_line' id='line_1_61' title="bbox 376 3553 1209 3605; baseline -0.001 -14"><span class='ocrx_word' id='word_1_362' title='bbox 376 3566 568 3605; x_wconf 83' lang='lat' dir='ltr'><strong>personae,</strong></span> <span class='ocrx_word' id='word_1_363' title='bbox 585 3553 652 3592; x_wconf 92' lang='lat' dir='ltr'><strong>ubi</strong></span> <span class='ocrx_word' id='word_1_364' title='bbox 671 3566 871 3604; x_wconf 84' lang='lat' dir='ltr'><strong>expressus</strong></span> <span class='ocrx_word' id='word_1_365' title='bbox 891 3564 970 3592; x_wconf 91' lang='lat' dir='ltr'><strong>non</strong></span> <span class='ocrx_word' id='word_1_366' title='bbox 990 3555 1085 3605; x_wconf 88' lang='lat' dir='ltr'><strong>est).</strong></span> <span class='ocrx_word' id='word_1_367' title='bbox 1108 3566 1209 3592; x_wconf 79' lang='lat' dir='ltr'><strong>curae</strong></span> 
     </span>
    </p>
   </div>
   <div class='ocr_carea' id='block_1_5' title="bbox 1135 251 1341 294">
    <p class='ocr_par' dir='ltr' id='par_1_6' title="bbox 1135 251 1341 294">
     <span class='ocr_line' id='line_1_62' title="bbox 1135 251 1341 294; baseline -0.005 -1"><span class='ocrx_word' id='word_1_368' title='bbox 1135 251 1341 294; x_wconf 78' lang='lat' dir='ltr'><strong>rNDEx</strong></span> 
     </span>
    </p>
   </div>
   <div class='ocr_carea' id='block_1_6' title="bbox 1307 378 2146 487">
    <p class='ocr_par' dir='ltr' id='par_1_7' title="bbox 1307 378 2146 487">
     <span class='ocr_line' id='line_1_63' title="bbox 1307 378 2143 435; baseline 0.004 -16"><span class='ocrx_word' id='word_1_369' title='bbox 1307 379 1548 427; x_wconf 50' lang='lat' dir='ltr'><strong>allenium,</strong></span> <span class='ocrx_word' id='word_1_370' title='bbox 1578 382 1631 420; x_wconf 78' lang='lat'><strong>12</strong></span> <span class='ocrx_word' id='word_1_371' title='bbox 1669 378 1802 432; x_wconf 69' lang='lat' dir='ltr'><strong>glorian</strong></span> <span class='ocrx_word' id='word_1_372' title='bbox 1828 390 1982 432; x_wconf 71' lang='lat' dir='ltr'><strong>magma</strong></span> <span class='ocrx_word' id='word_1_373' title='bbox 2006 379 2078 435; x_wconf 54' lang='lat' dir='ltr'><strong>(ut</strong></span> <span class='ocrx_word' id='word_1_374' title='bbox 2102 383 2143 422; x_wconf 90' lang='lat' dir='ltr'><strong>in</strong></span> 
     </span>
     <span class='ocr_line' id='line_1_64' title="bbox 1311 433 2146 487; baseline 0.004 -14"><span class='ocrx_word' id='word_1_375' title='bbox 1311 434 1499 486; x_wconf 50' lang='lat' dir='ltr'><strong>quibusd„</strong></span> <span class='ocrx_word' id='word_1_376' title='bbox 1506 439 1566 474; x_wconf 87' lang='lat' dir='ltr'><strong>est</strong></span> <span class='ocrx_word' id='word_1_377' title='bbox 1578 433 1720 487; x_wconf 84' lang='lat' dir='ltr'><strong>codd.)</strong></span> <span class='ocrx_word' id='word_1_378' title='bbox 1733 434 1848 481; x_wconf 82' lang='lat' dir='ltr'><strong>viii,4</strong></span> <span class='ocrx_word' id='word_1_379' title='bbox 1866 434 2014 475; x_wconf 85' lang='lat' dir='ltr'><strong>indicio</strong></span> <span class='ocrx_word' id='word_1_380' title='bbox 2022 435 2146 476; x_wconf 80' lang='lat' dir='ltr'><strong>alicui</strong></span> 
     </span>
    </p>
   </div>
   <div class='ocr_carea' id='block_1_7' title="bbox 1274 481 2146 538">
    <p class='ocr_par' dir='ltr' id='par_1_8' title="bbox 1274 481 2146 538">
     <span class='ocr_line' id='line_1_65' title="bbox 1274 481 2146 538; baseline 0.002 -10"><span class='ocrx_word' id='word_1_381' title='bbox 1274 512 1277 514; x_wconf 98' lang='lat'>-</span> <span class='ocrx_word' id='word_1_382' title='bbox 1311 488 1365 535; x_wconf 73' lang='lat' dir='ltr'><strong>vi,</strong></span> <span class='ocrx_word' id='word_1_383' title='bbox 1381 492 1422 529; x_wconf 77' lang='lat'><strong>3.</strong></span> <span class='ocrx_word' id='word_1_384' title='bbox 1450 503 1516 536; x_wconf 83' lang='lat' dir='ltr'><strong>xx,</strong></span> <span class='ocrx_word' id='word_1_385' title='bbox 1531 491 1573 529; x_wconf 86' lang='lat'><strong>2.</strong></span> <span class='ocrx_word' id='word_1_386' title='bbox 1590 501 1686 538; x_wconf 81' lang='lat' dir='ltr'>xxv,</span> <span class='ocrx_word' id='word_1_387' title='bbox 1704 493 1756 528; x_wconf 85' lang='lat'><strong>16</strong></span> <span class='ocrx_word' id='word_1_388' title='bbox 1783 488 1941 527; x_wconf 82' lang='lat' dir='ltr'><strong>invidiae</strong></span> <span class='ocrx_word' id='word_1_389' title='bbox 1959 481 2078 530; x_wconf 75' lang='lat' dir='ltr'><strong>alicui</strong></span> <span class='ocrx_word' id='word_1_390' title='bbox 2103 504 2146 538; x_wconf 76' lang='lat' dir='ltr'><strong>x,</strong></span> 
     </span>
    </p>
   </div>
   <div class='ocr_carea' id='block_1_8' title="bbox 1309 541 2149 1028">
    <p class='ocr_par' dir='ltr' id='par_1_9' title="bbox 1309 541 2149 1028">
     <span class='ocr_line' id='line_1_66' title="bbox 1309 541 2144 591; baseline 0.001 -9"><span class='ocrx_word' id='word_1_391' title='bbox 1309 546 1338 583; x_wconf 81' lang='lat'><strong>4</strong></span> <span class='ocrx_word' id='word_1_392' title='bbox 1367 542 1513 582; x_wconf 80' lang='lat' dir='ltr'><strong>laetitiae</strong></span> <span class='ocrx_word' id='word_1_393' title='bbox 1531 542 1648 582; x_wconf 85' lang='lat' dir='ltr'><strong>alicui</strong></span> <span class='ocrx_word' id='word_1_394' title='bbox 1664 541 1748 590; x_wconf 72' lang='lat' dir='ltr'><strong>xiii,</strong></span> <span class='ocrx_word' id='word_1_395' title='bbox 1764 546 1790 583; x_wconf 86' lang='grc'><strong>2</strong></span> <span class='ocrx_word' id='word_1_396' title='bbox 1818 543 1923 582; x_wconf 77' lang='lat' dir='ltr'><strong>malo</strong></span> <span class='ocrx_word' id='word_1_397' title='bbox 1941 543 2060 584; x_wconf 84' lang='lat' dir='ltr'><strong>alicui</strong></span> <span class='ocrx_word' id='word_1_398' title='bbox 2077 544 2144 591; x_wconf 84' lang='lat' dir='ltr'><strong>vii,</strong></span> 
     </span>
     <span class='ocr_line' id='line_1_67' title="bbox 1311 596 2145 650; baseline 0.001 -13"><span class='ocrx_word' id='word_1_399' title='bbox 1311 600 1345 637; x_wconf 75' lang='lat'><strong>7:</strong></span> <span class='ocrx_word' id='word_1_400' title='bbox 1367 597 1576 649; x_wconf 85' lang='lat' dir='ltr'><strong>opprobrio</strong></span> <span class='ocrx_word' id='word_1_401' title='bbox 1594 596 1710 636; x_wconf 89' lang='lat' dir='ltr'><strong>alicui</strong></span> <span class='ocrx_word' id='word_1_402' title='bbox 1740 597 1792 643; x_wconf 85' lang='lat' dir='ltr'><strong>ix,</strong></span> <span class='ocrx_word' id='word_1_403' title='bbox 1810 600 1836 637; x_wconf 75' lang='grc'><strong>3</strong></span> <span class='ocrx_word' id='word_1_404' title='bbox 1865 596 2066 650; x_wconf 84' lang='lat' dir='ltr'><strong>perniciei,</strong></span> <span class='ocrx_word' id='word_1_405' title='bbox 2084 611 2145 638; x_wconf 86' lang='lat' dir='ltr'><strong>sa-</strong></span> 
     </span>
     <span class='ocr_line' id='line_1_68' title="bbox 1312 650 2149 698; baseline 0.005 -10"><span class='ocrx_word' id='word_1_406' title='bbox 1312 650 1386 689; x_wconf 88' lang='lat' dir='ltr'><strong>luti</strong></span> <span class='ocrx_word' id='word_1_407' title='bbox 1396 651 1515 690; x_wconf 90' lang='lat' dir='ltr'><strong>alicui</strong></span> <span class='ocrx_word' id='word_1_408' title='bbox 1541 650 1623 698; x_wconf 86' lang='lat' dir='ltr'><strong>viii,</strong></span> <span class='ocrx_word' id='word_1_409' title='bbox 1643 655 1683 692; x_wconf 85' lang='grc'><strong>2.</strong></span> <span class='ocrx_word' id='word_1_410' title='bbox 1727 650 1796 698; x_wconf 87' lang='lat' dir='ltr'><strong>xii,</strong></span> <span class='ocrx_word' id='word_1_411' title='bbox 1809 654 1852 691; x_wconf 86' lang='grc'><strong>4.</strong></span> <span class='ocrx_word' id='word_1_412' title='bbox 1898 651 1942 698; x_wconf 86' lang='lat' dir='ltr'><strong>ii,</strong></span> <span class='ocrx_word' id='word_1_413' title='bbox 1961 655 1988 692; x_wconf 82' lang='grc'><strong>2</strong></span> <span class='ocrx_word' id='word_1_414' title='bbox 2008 664 2149 692; x_wconf 85' lang='lat' dir='ltr'><strong>··orna-</strong></span> 
     </span>
     <span class='ocr_line' id='line_1_69' title="bbox 1312 703 2145 756; baseline 0.002 -14"><span class='ocrx_word' id='word_1_415' title='bbox 1312 710 1446 744; x_wconf 89' lang='lat' dir='ltr'><strong>mento</strong></span> <span class='ocrx_word' id='word_1_416' title='bbox 1458 705 1577 746; x_wconf 83' lang='lat' dir='ltr'><strong>alicui</strong></span> <span class='ocrx_word' id='word_1_417' title='bbox 1603 719 1643 751; x_wconf 85' lang='lat' dir='ltr'><strong>x,</strong></span> <span class='ocrx_word' id='word_1_418' title='bbox 1661 708 1688 745; x_wconf 84' lang='lat'>2</span> <span class='ocrx_word' id='word_1_419' title='bbox 1711 705 1876 756; x_wconf 81' lang='lat' dir='ltr'><strong>praemio</strong></span> <span class='ocrx_word' id='word_1_420' title='bbox 1891 703 2011 744; x_wconf 86' lang='lat' dir='ltr'><strong>alicui</strong></span> <span class='ocrx_word' id='word_1_421' title='bbox 2037 706 2092 752; x_wconf 76' lang='lat' dir='ltr'><strong>iv,</strong></span> <span class='ocrx_word' id='word_1_422' title='bbox 2104 709 2145 746; x_wconf 86' lang='grc'><strong>4.</strong></span> 
     </span>
     <span class='ocr_line' id='line_1_70' title="bbox 1313 757 2144 822; baseline 0.002 -26"><span class='ocrx_word' id='word_1_423' title='bbox 1313 759 1420 805; x_wconf 78' lang='lat' dir='ltr'><strong>xxiii,</strong></span> <span class='ocrx_word' id='word_1_424' title='bbox 1440 763 1492 800; x_wconf 88' lang='grc'><strong>10</strong></span> <span class='ocrx_word' id='word_1_425' title='bbox 1520 757 1702 811; x_wconf 86' lang='lat' dir='ltr'><strong>praesidio</strong></span> <span class='ocrx_word' id='word_1_426' title='bbox 1720 759 1838 798; x_wconf 87' lang='lat' dir='ltr'><strong>alicui</strong></span> <span class='ocrx_word' id='word_1_427' title='bbox 1864 759 1918 806; x_wconf 84' lang='lat' dir='ltr'><strong>ix,</strong></span> <span class='ocrx_word' id='word_1_428' title='bbox 1936 763 1976 799; x_wconf 90' lang='grc'><strong>2.</strong></span> <span class='ocrx_word' id='word_1_429' title='bbox 2002 758 2099 822; x_wconf 56' lang='lat' dir='ltr'><strong>‚nii’</strong></span> <span class='ocrx_word' id='word_1_430' title='bbox 2118 763 2144 801; x_wconf 81' lang='grc'><strong>7</strong></span> 
     </span>
     <span class='ocr_line' id='line_1_71' title="bbox 1312 811 2148 920; baseline 0.004 -17"><span class='ocrx_word' id='word_1_431' title='bbox 1312 811 1865 910; x_wconf 52' lang='grc' dir='ltr'><strong>ἰὶἒίἳιῗῖἶέἓΡίξῶιὲῑῃῖἷιῗῗέ</strong></span> <span class='ocrx_word' id='word_1_432' title='bbox 1879 818 2000 914; x_wconf 52' lang='lat'><strong>1¹2⁰?</strong></span> <span class='ocrx_word' id='word_1_433' title='bbox 2002 814 2086 920; x_wconf 64' lang='grc' dir='ltr'><strong>’(ῗέ</strong></span> <span class='ocrx_word' id='word_1_434' title='bbox 2087 826 2148 906; x_wconf 68' lang='grc' dir='ltr'><strong>ἓξὲξ</strong></span> 
     </span>
     <span class='ocr_line' id='line_1_72' title="bbox 1314 918 2146 974; baseline 0.005 -17"><span class='ocrx_word' id='word_1_435' title='bbox 1314 919 1508 966; x_wconf 90' lang='lat' dir='ltr'><strong>omnibus,</strong></span> <span class='ocrx_word' id='word_1_436' title='bbox 1523 919 1554 958; x_wconf 92' lang='lat' dir='ltr'><strong>si</strong></span> <span class='ocrx_word' id='word_1_437' title='bbox 1566 919 1760 958; x_wconf 90' lang='lat' dir='ltr'><strong>credimus</strong></span> <span class='ocrx_word' id='word_1_438' title='bbox 1771 918 1932 959; x_wconf 77' lang='lat' dir='ltr'><strong>Sanctio</strong></span> <span class='ocrx_word' id='word_1_439' title='bbox 1945 920 2146 974; x_wconf 80' lang='lat' dir='ltr'><strong>etSchop·</strong></span> 
     </span>
     <span class='ocr_line' id='line_1_73' title="bbox 1314 972 2148 1028; baseline 0.004 -17"><span class='ocrx_word' id='word_1_440' title='bbox 1314 973 1397 1024; x_wconf 88' lang='lat' dir='ltr'><strong>pio,</strong></span> <span class='ocrx_word' id='word_1_441' title='bbox 1411 979 1548 1012; x_wconf 85' lang='lat' dir='ltr'><strong>neuter</strong></span> <span class='ocrx_word' id='word_1_442' title='bbox 1559 973 1728 1012; x_wconf 86' lang='lat' dir='ltr'><strong>Dativus</strong></span> <span class='ocrx_word' id='word_1_443' title='bbox 1745 973 1797 1012; x_wconf 89' lang='lat' dir='ltr'><strong>ab</strong></span> <span class='ocrx_word' id='word_1_444' title='bbox 1813 972 2000 1013; x_wconf 82' lang='lat' dir='ltr'><strong>orationis</strong></span> <span class='ocrx_word' id='word_1_445' title='bbox 2016 973 2148 1028; x_wconf 84' lang='lat' dir='ltr'><strong>aliqua</strong></span> 
     </span>
    </p>
   </div>
   <div class='ocr_carea' id='block_1_9' title="bbox 1272 1021 2148 1142">
    <p class='ocr_par' dir='ltr' id='par_1_10' title="bbox 1272 1021 2148 1142">
     <span class='ocr_line' id='line_1_74' title="bbox 1272 1021 2146 1089; baseline 0.003 -24"><span class='ocrx_word' id='word_1_446' title='bbox 1272 1049 1276 1051; x_wconf 80' lang='grc'><strong>-</strong></span> <span class='ocrx_word' id='word_1_447' title='bbox 1313 1033 1424 1078; x_wconf 87' lang='lat' dir='ltr'><strong>parte</strong></span> <span class='ocrx_word' id='word_1_448' title='bbox 1442 1027 1604 1079; x_wconf 87' lang='lat' dir='ltr'><strong>pendet.</strong></span> <span class='ocrx_word' id='word_1_449' title='bbox 1623 1021 1771 1089; x_wconf 48' lang='lat' dir='ltr'><strong>Verum</strong></span> <span class='ocrx_word' id='word_1_450' title='bbox 1786 1027 1940 1067; x_wconf 80' lang='lat' dir='ltr'><strong>tametsi</strong></span> <span class='ocrx_word' id='word_1_451' title='bbox 1959 1029 2013 1067; x_wconf 90' lang='lat' dir='ltr'><strong>de</strong></span> <span class='ocrx_word' id='word_1_452' title='bbox 2029 1028 2146 1068; x_wconf 89' lang='lat' dir='ltr'><strong>Dati-</strong></span> 
     </span>
     <span class='ocr_line' id='line_1_75' title="bbox 1272 1082 2148 1142; baseline 0.005 -25"><span class='ocrx_word' id='word_1_453' title='bbox 1272 1103 1274 1105; x_wconf 59' lang='lat'>&gt;</span> <span class='ocrx_word' id='word_1_454' title='bbox 1313 1093 1574 1142; x_wconf 66' lang='lat' dir='ltr'><strong>vopersonae,</strong></span> <span class='ocrx_word' id='word_1_455' title='bbox 1593 1093 1661 1133; x_wconf 77' lang='lat' dir='ltr'><strong>qur</strong></span> <span class='ocrx_word' id='word_1_456' title='bbox 1681 1093 1766 1132; x_wconf 72' lang='lat' dir='ltr'><strong>jam</strong></span> <span class='ocrx_word' id='word_1_457' title='bbox 1784 1082 2013 1133; x_wconf 74' lang='lat' dir='ltr'><strong>compositas</strong></span> <span class='ocrx_word' id='word_1_458' title='bbox 2030 1083 2148 1122; x_wconf 88' lang='lat' dir='ltr'><strong>orati·</strong></span> 
     </span>
    </p>
   </div>
   <div class='ocr_carea' id='block_1_10' title="bbox 1312 1134 2149 1296">
    <p class='ocr_par' dir='ltr' id='par_1_11' title="bbox 1312 1134 2149 1296">
     <span class='ocr_line' id='line_1_76' title="bbox 1315 1134 2149 1185; baseline 0.004 -13"><span class='ocrx_word' id='word_1_459' title='bbox 1315 1147 1382 1173; x_wconf 86' lang='lat' dir='ltr'><strong>om</strong></span> <span class='ocrx_word' id='word_1_460' title='bbox 1402 1134 1569 1182; x_wconf 85' lang='lat' dir='ltr'><strong>accedit,</strong></span> <span class='ocrx_word' id='word_1_461' title='bbox 1588 1147 1715 1185; x_wconf 90' lang='lat' dir='ltr'><strong>eoque</strong></span> <span class='ocrx_word' id='word_1_462' title='bbox 1728 1135 1835 1174; x_wconf 87' lang='lat' dir='ltr'><strong>haud</strong></span> <span class='ocrx_word' id='word_1_463' title='bbox 1860 1136 1962 1175; x_wconf 85' lang='lat' dir='ltr'><strong>male</strong></span> <span class='ocrx_word' id='word_1_464' title='bbox 1979 1135 2149 1175; x_wconf 77' lang='lat' dir='ltr'><strong>Dativus</strong></span> 
     </span>
     <span class='ocr_line' id='line_1_77' title="bbox 1312 1188 2148 1240; baseline 0.002 -13"><span class='ocrx_word' id='word_1_465' title='bbox 1312 1188 1580 1240; x_wconf 81' lang='lat' dir='ltr'><strong>acquisitionis</strong></span> <span class='ocrx_word' id='word_1_466' title='bbox 1597 1188 1754 1235; x_wconf 88' lang='lat' dir='ltr'><strong>dicitur,</strong></span> <span class='ocrx_word' id='word_1_467' title='bbox 1774 1189 1831 1228; x_wconf 89' lang='lat' dir='ltr'><strong>eis</strong></span> <span class='ocrx_word' id='word_1_468' title='bbox 1849 1189 1967 1229; x_wconf 83' lang='lat' dir='ltr'><strong>valde</strong></span> <span class='ocrx_word' id='word_1_469' title='bbox 1980 1191 2148 1229; x_wconf 76' lang='lat' dir='ltr'><strong>assenti-</strong></span> 
     </span>
     <span class='ocr_line' id='line_1_78' title="bbox 1314 1242 2147 1296; baseline 0.002 -15"><span class='ocrx_word' id='word_1_470' title='bbox 1314 1256 1424 1291; x_wconf 87' lang='lat' dir='ltr'><strong>mur;</strong></span> <span class='ocrx_word' id='word_1_471' title='bbox 1471 1243 1634 1282; x_wconf 88' lang='lat' dir='ltr'><strong>alterum</strong></span> <span class='ocrx_word' id='word_1_472' title='bbox 1667 1248 1798 1281; x_wconf 88' lang='lat' dir='ltr'><strong>tamen</strong></span> <span class='ocrx_word' id='word_1_473' title='bbox 1834 1242 2041 1290; x_wconf 75' lang='lat' dir='ltr'><strong>Dativum,</strong></span> <span class='ocrx_word' id='word_1_474' title='bbox 2077 1244 2147 1296; x_wconf 88' lang='lat' dir='ltr'><strong>qui</strong></span> 
     </span>
    </p>
   </div>
   <div class='ocr_carea' id='block_1_11' title="bbox 1271 1296 2151 1350">
    <p class='ocr_par' dir='ltr' id='par_1_12' title="bbox 1271 1296 2151 1350">
     <span class='ocr_line' id='line_1_79' title="bbox 1271 1296 2151 1350; baseline 0.001 -15"><span class='ocrx_word' id='word_1_475' title='bbox 1271 1323 1274 1327; x_wconf 35' lang='lat'><strong>⁴</strong></span> <span class='ocrx_word' id='word_1_476' title='bbox 1315 1297 1564 1336; x_wconf 87' lang='lat' dir='ltr'><strong>commodum</strong></span> <span class='ocrx_word' id='word_1_477' title='bbox 1591 1302 1660 1336; x_wconf 86' lang='lat' dir='ltr'><strong>aut</strong></span> <span class='ocrx_word' id='word_1_478' title='bbox 1687 1296 1981 1336; x_wconf 81' lang='lat' dir='ltr'><strong>incommodum</strong></span> <span class='ocrx_word' id='word_1_479' title='bbox 1999 1297 2151 1350; x_wconf 79' lang='lat' dir='ltr'><strong>signifi-</strong></span> 
     </span>
    </p>
   </div>
   <div class='ocr_carea' id='block_1_12' title="bbox 1312 1350 2150 1510">
    <p class='ocr_par' dir='ltr' id='par_1_13' title="bbox 1312 1350 2150 1510">
     <span class='ocr_line' id='line_1_80' title="bbox 1314 1350 2150 1403; baseline 0 -13"><span class='ocrx_word' id='word_1_480' title='bbox 1314 1356 1393 1398; x_wconf 81' lang='lat' dir='ltr'><strong>cat,</strong></span> <span class='ocrx_word' id='word_1_481' title='bbox 1429 1357 1550 1403; x_wconf 88' lang='lat' dir='ltr'><strong>atque</strong></span> <span class='ocrx_word' id='word_1_482' title='bbox 1585 1352 1686 1390; x_wconf 87' lang='lat' dir='ltr'><strong>adeo</strong></span> <span class='ocrx_word' id='word_1_483' title='bbox 1705 1351 1756 1389; x_wconf 87' lang='lat' dir='ltr'><strong>ad</strong></span> <span class='ocrx_word' id='word_1_484' title='bbox 1782 1350 1908 1402; x_wconf 81' lang='lat' dir='ltr'><strong>ipsam</strong></span> <span class='ocrx_word' id='word_1_485' title='bbox 1934 1357 2150 1390; x_wconf 72' lang='lat' dir='ltr'><strong>orationem</strong></span> 
     </span>
     <span class='ocr_line' id='line_1_81' title="bbox 1313 1403 2150 1456; baseline 0 -12"><span class='ocrx_word' id='word_1_486' title='bbox 1313 1405 1627 1456; x_wconf 86' lang='lat' dir='ltr'><strong>componendam</strong></span> <span class='ocrx_word' id='word_1_487' title='bbox 1645 1403 1831 1456; x_wconf 88' lang='lat' dir='ltr'><strong>pertinet,</strong></span> <span class='ocrx_word' id='word_1_488' title='bbox 1851 1405 2013 1444; x_wconf 83' lang='lat' dir='ltr'><strong>omnino</strong></span> <span class='ocrx_word' id='word_1_489' title='bbox 2030 1411 2150 1456; x_wconf 89' lang='lat' dir='ltr'><strong>puta-</strong></span> 
     </span>
     <span class='ocr_line' id='line_1_82' title="bbox 1312 1457 2147 1510; baseline 0.002 -14"><span class='ocrx_word' id='word_1_490' title='bbox 1312 1471 1398 1496; x_wconf 86' lang='lat' dir='ltr'><strong>mus</strong></span> <span class='ocrx_word' id='word_1_491' title='bbox 1417 1458 1601 1498; x_wconf 87' lang='lat' dir='ltr'><strong>alicunde</strong></span> <span class='ocrx_word' id='word_1_492' title='bbox 1618 1458 1713 1510; x_wconf 85' lang='lat' dir='ltr'><strong>regi.</strong></span> <span class='ocrx_word' id='word_1_493' title='bbox 1744 1457 1906 1497; x_wconf 87' lang='lat' dir='ltr'><strong>Interim</strong></span> <span class='ocrx_word' id='word_1_494' title='bbox 1924 1458 2053 1497; x_wconf 85' lang='lat' dir='ltr'><strong>notari</strong></span> <span class='ocrx_word' id='word_1_495' title='bbox 2070 1459 2147 1498; x_wconf 85' lang='lat' dir='ltr'><strong>hoc</strong></span> 
     </span>
    </p>
   </div>
   <div class='ocr_carea' id='block_1_13' title="bbox 1271 1509 2149 1563">
    <p class='ocr_par' dir='ltr' id='par_1_14' title="bbox 1271 1509 2149 1563">
     <span class='ocr_line' id='line_1_83' title="bbox 1271 1509 2149 1563; baseline 0.001 -13"><span class='ocrx_word' id='word_1_496' title='bbox 1271 1540 1273 1543; x_wconf 69' lang='lat'><em>.</em></span> <span class='ocrx_word' id='word_1_497' title='bbox 1314 1512 1450 1559; x_wconf 88' lang='lat' dir='ltr'><strong>debet,</strong></span> <span class='ocrx_word' id='word_1_498' title='bbox 1482 1525 1596 1563; x_wconf 84' lang='lat' dir='ltr'><strong>posse</strong></span> <span class='ocrx_word' id='word_1_499' title='bbox 1620 1509 1750 1550; x_wconf 88' lang='lat' dir='ltr'><strong>sensui</strong></span> <span class='ocrx_word' id='word_1_500' title='bbox 1768 1511 2046 1552; x_wconf 79' lang='lat' dir='ltr'><strong>convenienter</strong></span> <span class='ocrx_word' id='word_1_501' title='bbox 2061 1524 2149 1552; x_wconf 83' lang='lat' dir='ltr'><strong>ver·</strong></span> 
     </span>
    </p>
   </div>
   <div class='ocr_carea' id='block_1_14' title="bbox 1315 1564 2154 1994">
    <p class='ocr_par' dir='ltr' id='par_1_15' title="bbox 1315 1564 2154 1994">
     <span class='ocr_line' id='line_1_84' title="bbox 1316 1564 2149 1618; baseline 0.002 -15"><span class='ocrx_word' id='word_1_502' title='bbox 1316 1565 1407 1603; x_wconf 92' lang='lat' dir='ltr'><strong>bum</strong></span> <span class='ocrx_word' id='word_1_503' title='bbox 1426 1564 1710 1604; x_wconf 80' lang='lat' dir='ltr'><strong>substantivum</strong></span> <span class='ocrx_word' id='word_1_504' title='bbox 1736 1564 1924 1618; x_wconf 85' lang='lat' dir='ltr'><strong>explicari</strong></span> <span class='ocrx_word' id='word_1_505' title='bbox 1942 1578 2013 1618; x_wconf 88' lang='lat' dir='ltr'><strong>per</strong></span> <span class='ocrx_word' id='word_1_506' title='bbox 2025 1565 2076 1606; x_wconf 72' lang='grc' dir='ltr'><strong>τὸ</strong></span> <span class='ocrx_word' id='word_1_507' title='bbox 2090 1566 2149 1605; x_wconf 85' lang='lat' dir='ltr'><strong>af-</strong></span> 
     </span>
     <span class='ocr_line' id='line_1_85' title="bbox 1315 1618 2149 1665; baseline 0.004 -9"><span class='ocrx_word' id='word_1_508' title='bbox 1315 1618 1428 1665; x_wconf 80' lang='lat' dir='ltr'><strong>ferre,</strong></span> <span class='ocrx_word' id='word_1_509' title='bbox 1449 1619 1598 1658; x_wconf 80' lang='lat' dir='ltr'><strong>Dativo</strong></span> <span class='ocrx_word' id='word_1_510' title='bbox 1625 1618 1684 1658; x_wconf 85' lang='lat' dir='ltr'><strong>rei</strong></span> <span class='ocrx_word' id='word_1_511' title='bbox 1713 1619 1755 1657; x_wconf 86' lang='lat' dir='ltr'><strong>in</strong></span> <span class='ocrx_word' id='word_1_512' title='bbox 1783 1620 2048 1659; x_wconf 79' lang='lat' dir='ltr'><strong>accusativum</strong></span> <span class='ocrx_word' id='word_1_513' title='bbox 2063 1633 2149 1659; x_wconf 90' lang='lat' dir='ltr'><strong>mu-</strong></span> 
     </span>
     <span class='ocr_line' id='line_1_86' title="bbox 1316 1671 2153 1720; baseline 0.001 -9"><span class='ocrx_word' id='word_1_514' title='bbox 1316 1677 1414 1719; x_wconf 84' lang='lat' dir='ltr'><strong>tato,</strong></span> <span class='ocrx_word' id='word_1_515' title='bbox 1428 1679 1473 1711; x_wconf 85' lang='lat' dir='ltr'><strong>ut</strong></span> <span class='ocrx_word' id='word_1_516' title='bbox 1485 1671 1562 1711; x_wconf 81' lang='lat' dir='ltr'><strong>ita:</strong></span> <span class='ocrx_word' id='word_1_517' title='bbox 1583 1685 1668 1712; x_wconf 87' lang='lat' dir='ltr'><strong>esse</strong></span> <span class='ocrx_word' id='word_1_518' title='bbox 1680 1671 1824 1711; x_wconf 75' lang='lat' dir='ltr'><strong>auxilio</strong></span> <span class='ocrx_word' id='word_1_519' title='bbox 1833 1673 2027 1720; x_wconf 76' lang='lat' dir='ltr'><strong>alicui,sit</strong></span> <span class='ocrx_word' id='word_1_520' title='bbox 2036 1674 2153 1714; x_wconf 81' lang='lat' dir='ltr'><strong>affer-</strong></span> 
     </span>
     <span class='ocr_line' id='line_1_87' title="bbox 1316 1726 2150 1776; baseline 0.002 -11"><span class='ocrx_word' id='word_1_521' title='bbox 1316 1738 1357 1765; x_wconf 87' lang='lat' dir='ltr'><strong>re</strong></span> <span class='ocrx_word' id='word_1_522' title='bbox 1392 1726 1578 1766; x_wconf 85' lang='lat' dir='ltr'><strong>auxilium</strong></span> <span class='ocrx_word' id='word_1_523' title='bbox 1609 1726 1753 1776; x_wconf 85' lang='lat' dir='ltr'><strong>alicui;</strong></span> <span class='ocrx_word' id='word_1_524' title='bbox 1802 1739 1890 1767; x_wconf 82' lang='lat' dir='ltr'><strong>esse</strong></span> <span class='ocrx_word' id='word_1_525' title='bbox 1923 1727 2150 1775; x_wconf 79' lang='lat' dir='ltr'><strong>calamitati,</strong></span> 
     </span>
     <span class='ocr_line' id='line_1_88' title="bbox 1319 1779 2149 1829; baseline 0.004 -11"><span class='ocrx_word' id='word_1_526' title='bbox 1319 1779 1455 1819; x_wconf 84' lang='lat' dir='ltr'><strong>afferre</strong></span> <span class='ocrx_word' id='word_1_527' title='bbox 1473 1780 1734 1820; x_wconf 80' lang='lat' dir='ltr'><strong>calamitatem</strong></span> <span class='ocrx_word' id='word_1_528' title='bbox 1750 1795 1762 1829; x_wconf 82' lang='lat'>3</span> <span class='ocrx_word' id='word_1_529' title='bbox 1780 1793 1866 1820; x_wconf 86' lang='lat' dir='ltr'><strong>esse</strong></span> <span class='ocrx_word' id='word_1_530' title='bbox 1879 1793 1996 1828; x_wconf 78' lang='lat' dir='ltr'><strong>curae,</strong></span> <span class='ocrx_word' id='word_1_531' title='bbox 2012 1782 2149 1821; x_wconf 81' lang='lat' dir='ltr'><strong>afferre</strong></span> 
     </span>
     <span class='ocr_line' id='line_1_89' title="bbox 1319 1826 2153 1886; baseline 0.001 -12"><span class='ocrx_word' id='word_1_532' title='bbox 1319 1846 1450 1874; x_wconf 87' lang='lat' dir='ltr'><strong>curam</strong></span> <span class='ocrx_word' id='word_1_533' title='bbox 1466 1849 1474 1872; x_wconf 93' lang='lat'>:</span> <span class='ocrx_word' id='word_1_534' title='bbox 1496 1845 1538 1873; x_wconf 86' lang='lat' dir='ltr'><strong>et</strong></span> <span class='ocrx_word' id='word_1_535' title='bbox 1554 1834 1609 1873; x_wconf 91' lang='lat' dir='ltr'><strong>sic</strong></span> <span class='ocrx_word' id='word_1_536' title='bbox 1623 1834 1827 1886; x_wconf 85' lang='lat' dir='ltr'><strong>deinceps.</strong></span> <span class='ocrx_word' id='word_1_537' title='bbox 1842 1826 2036 1877; x_wconf 79' lang='lat' dir='ltr'><strong>Videriet</strong></span> <span class='ocrx_word' id='word_1_538' title='bbox 2050 1836 2153 1876; x_wconf 91' lang='lat' dir='ltr'><strong>Vos-</strong></span> 
     </span>
     <span class='ocr_line' id='line_1_90' title="bbox 1320 1888 2154 1940; baseline 0.004 -14"><span class='ocrx_word' id='word_1_539' title='bbox 1320 1888 1400 1926; x_wconf 87' lang='lat' dir='ltr'><strong>sius</strong></span> <span class='ocrx_word' id='word_1_540' title='bbox 1439 1894 1583 1940; x_wconf 85' lang='lat' dir='ltr'><strong>potest‚</strong></span> <span class='ocrx_word' id='word_1_541' title='bbox 1611 1889 1663 1927; x_wconf 90' lang='lat' dir='ltr'><strong>de</strong></span> <span class='ocrx_word' id='word_1_542' title='bbox 1699 1888 1979 1928; x_wconf 81' lang='lat' dir='ltr'><strong>construction.</strong></span> <span class='ocrx_word' id='word_1_543' title='bbox 2014 1902 2051 1929; x_wconf 84' lang='lat' dir='ltr'><strong>c.</strong></span> <span class='ocrx_word' id='word_1_544' title='bbox 2082 1893 2154 1930; x_wconf 70' lang='lat'><strong>84.</strong></span> 
     </span>
     <span class='ocr_line' id='line_1_91' title="bbox 1320 1941 2154 1994; baseline 0.002 -13"><span class='ocrx_word' id='word_1_545' title='bbox 1320 1941 1442 1981; x_wconf 90' lang='lat' dir='ltr'><strong>Porro</strong></span> <span class='ocrx_word' id='word_1_546' title='bbox 1456 1944 1563 1994; x_wconf 91' lang='lat' dir='ltr'><strong>quod</strong></span> <span class='ocrx_word' id='word_1_547' title='bbox 1577 1942 1723 1981; x_wconf 87' lang='lat' dir='ltr'><strong>Noster</strong></span> <span class='ocrx_word' id='word_1_548' title='bbox 1748 1955 1840 1990; x_wconf 80' lang='lat' dir='ltr'>xxv,</span> <span class='ocrx_word' id='word_1_549' title='bbox 1858 1946 1924 1983; x_wconf 85' lang='lat'><strong>16.</strong></span> <span class='ocrx_word' id='word_1_550' title='bbox 1950 1943 2094 1983; x_wconf 81' lang='lat' dir='ltr'><strong>habet:</strong></span> <span class='ocrx_word' id='word_1_551' title='bbox 2114 1944 2154 1983; x_wconf 89' lang='lat' dir='ltr'><strong>ei</strong></span> 
     </span>
    </p>
   </div>
   <div class='ocr_carea' id='block_1_15' title="bbox 1268 1996 2153 2036">
    <p class='ocr_par' dir='ltr' id='par_1_16' title="bbox 1268 1996 2153 2036">
     <span class='ocr_line' id='line_1_92' title="bbox 1268 1996 2153 2036; baseline 0.002 -2"><span class='ocrx_word' id='word_1_552' title='bbox 1268 2022 1269 2025; x_wconf 57' lang='lat'><em>=</em></span> <span class='ocrx_word' id='word_1_553' title='bbox 1320 1996 1375 2035; x_wconf 91' lang='lat' dir='ltr'><strong>rei</strong></span> <span class='ocrx_word' id='word_1_554' title='bbox 1412 2003 1504 2035; x_wconf 87' lang='lat' dir='ltr'><strong>sunt</strong></span> <span class='ocrx_word' id='word_1_555' title='bbox 1537 1997 1684 2036; x_wconf 89' lang='lat' dir='ltr'><strong>indicio</strong></span> <span class='ocrx_word' id='word_1_556' title='bbox 1721 1996 1917 2036; x_wconf 84' lang='lat' dir='ltr'><strong>sexdecim</strong></span> <span class='ocrx_word' id='word_1_557' title='bbox 1951 1997 2153 2036; x_wconf 79' lang='lat' dir='ltr'><strong>volumina</strong></span> 
     </span>
    </p>
   </div>
   <div class='ocr_carea' id='block_1_16' title="bbox 1319 2050 2154 2211">
    <p class='ocr_par' dir='ltr' id='par_1_17' title="bbox 1319 2050 2154 2211">
     <span class='ocr_line' id='line_1_93' title="bbox 1319 2050 2154 2102; baseline 0.004 -14"><span class='ocrx_word' id='word_1_558' title='bbox 1319 2051 1598 2102; x_wconf 81' lang='lat' dir='ltr'><strong>epistolarum3</strong></span> <span class='ocrx_word' id='word_1_559' title='bbox 1654 2051 1695 2089; x_wconf 91' lang='lat' dir='ltr'><strong>in</strong></span> <span class='ocrx_word' id='word_1_560' title='bbox 1722 2063 1771 2090; x_wconf 87' lang='lat' dir='ltr'><strong>eo</strong></span> <span class='ocrx_word' id='word_1_561' title='bbox 1788 2050 2023 2090; x_wconf 88' lang='lat' dir='ltr'><strong>vocabulum</strong></span> <span class='ocrx_word' id='word_1_562' title='bbox 2041 2054 2054 2075; x_wconf 81' lang='lat'><strong><em>‘</em></strong></span> <span class='ocrx_word' id='word_1_563' title='bbox 2073 2051 2154 2091; x_wconf 90' lang='lat' dir='ltr'><strong>rei’</strong></span> 
     </span>
     <span class='ocr_line' id='line_1_94' title="bbox 1321 2104 2152 2157; baseline 0.001 -14"><span class='ocrx_word' id='word_1_564' title='bbox 1321 2112 1505 2156; x_wconf 87' lang='lat' dir='ltr'><strong>putamus</strong></span> <span class='ocrx_word' id='word_1_565' title='bbox 1522 2104 1678 2157; x_wconf 84' lang='lat' dir='ltr'><strong>explere</strong></span> <span class='ocrx_word' id='word_1_566' title='bbox 1707 2105 1834 2143; x_wconf 87' lang='lat' dir='ltr'><strong>vicem</strong></span> <span class='ocrx_word' id='word_1_567' title='bbox 1863 2104 2001 2144; x_wconf 80' lang='lat' dir='ltr'><strong>Dativi</strong></span> <span class='ocrx_word' id='word_1_568' title='bbox 2018 2117 2152 2157; x_wconf 80' lang='lat' dir='ltr'><strong>perso-</strong></span> 
     </span>
     <span class='ocr_line' id='line_1_95' title="bbox 1320 2157 2152 2211; baseline -0.001 -14"><span class='ocrx_word' id='word_1_569' title='bbox 1320 2171 1398 2206; x_wconf 85' lang='lat' dir='ltr'><strong>nae,</strong></span> <span class='ocrx_word' id='word_1_570' title='bbox 1418 2164 1462 2198; x_wconf 92' lang='lat' dir='ltr'><strong>ut</strong></span> <span class='ocrx_word' id='word_1_571' title='bbox 1481 2158 1645 2210; x_wconf 87' lang='lat' dir='ltr'><strong>proinde</strong></span> <span class='ocrx_word' id='word_1_572' title='bbox 1664 2159 1799 2197; x_wconf 87' lang='lat' dir='ltr'><strong>tertius</strong></span> <span class='ocrx_word' id='word_1_573' title='bbox 1825 2158 1966 2211; x_wconf 71' lang='lat' dir='ltr'><strong>anquis</strong></span> <span class='ocrx_word' id='word_1_574' title='bbox 1980 2157 2152 2198; x_wconf 85' lang='lat' dir='ltr'><strong>Dativus</strong></span> 
     </span>
    </p>
   </div>
   <div class='ocr_carea' id='block_1_17' title="bbox 1271 2212 2153 2265">
    <p class='ocr_par' dir='ltr' id='par_1_18' title="bbox 1271 2212 2153 2265">
     <span class='ocr_line' id='line_1_96' title="bbox 1271 2212 2153 2265; baseline 0 -14"><span class='ocrx_word' id='word_1_575' title='bbox 1271 2240 1275 2243; x_wconf 86' lang='lat'><em>.</em></span> <span class='ocrx_word' id='word_1_576' title='bbox 1317 2212 1431 2265; x_wconf 86' lang='lat' dir='ltr'><strong>isque</strong></span> <span class='ocrx_word' id='word_1_577' title='bbox 1461 2225 1638 2264; x_wconf 82' lang='lat' dir='ltr'><strong>personae</strong></span> <span class='ocrx_word' id='word_1_578' title='bbox 1667 2213 1960 2252; x_wconf 87' lang='lat' dir='ltr'><strong>subaudiendus</strong></span> <span class='ocrx_word' id='word_1_579' title='bbox 1988 2225 2070 2252; x_wconf 88' lang='lat' dir='ltr'><strong>non</strong></span> <span class='ocrx_word' id='word_1_580' title='bbox 2088 2213 2153 2259; x_wconf 87' lang='lat' dir='ltr'><strong>sit,</strong></span> 
     </span>
    </p>
   </div>
   <div class='ocr_carea' id='block_1_18' title="bbox 1318 2266 2154 2424">
    <p class='ocr_par' dir='ltr' id='par_1_19' title="bbox 1318 2266 2154 2424">
     <span class='ocr_line' id='line_1_97' title="bbox 1320 2266 2152 2319; baseline 0.001 -15"><span class='ocrx_word' id='word_1_581' title='bbox 1320 2280 1450 2318; x_wconf 87' lang='lat' dir='ltr'><strong>neque</strong></span> <span class='ocrx_word' id='word_1_582' title='bbox 1495 2272 1683 2319; x_wconf 87' lang='lat' dir='ltr'><strong>praeterea</strong></span> <span class='ocrx_word' id='word_1_583' title='bbox 1715 2267 1927 2306; x_wconf 80' lang='lat' dir='ltr'><strong>dicendum</strong></span> <span class='ocrx_word' id='word_1_584' title='bbox 1971 2271 1988 2291; x_wconf 85' lang='lat'>‘</span> <span class='ocrx_word' id='word_1_585' title='bbox 2001 2266 2041 2306; x_wconf 84' lang='lat' dir='ltr'><strong>ei</strong></span> <span class='ocrx_word' id='word_1_586' title='bbox 2081 2266 2152 2305; x_wconf 90' lang='lat' dir='ltr'><strong>rei&#39;</strong></span> 
     </span>
     <span class='ocr_line' id='line_1_98' title="bbox 1318 2318 2154 2424; baseline 0.004 -68"><span class='ocrx_word' id='word_1_587' title='bbox 1318 2321 1414 2410; x_wconf 51' lang='lat'>33¹1?</span> <span class='ocrx_word' id='word_1_588' title='bbox 1423 2326 1530 2424; x_wconf 42' lang='lat' dir='ltr'><strong>iprpi</strong></span> <span class='ocrx_word' id='word_1_589' title='bbox 1544 2319 1629 2370; x_wconf 83' lang='lat' dir='ltr'><strong>ejus</strong></span> <span class='ocrx_word' id='word_1_590' title='bbox 1641 2320 1724 2366; x_wconf 85' lang='lat' dir='ltr'><strong>rei,&#39;</strong></span> <span class='ocrx_word' id='word_1_591' title='bbox 1737 2321 1793 2358; x_wconf 87' lang='lat' dir='ltr'><strong>uti</strong></span> <span class='ocrx_word' id='word_1_592' title='bbox 1807 2320 1892 2359; x_wconf 88' lang='lat' dir='ltr'><strong>vult</strong></span> <span class='ocrx_word' id='word_1_593' title='bbox 1905 2320 1963 2359; x_wconf 83' lang='lat' dir='ltr'><strong>vir</strong></span> <span class='ocrx_word' id='word_1_594' title='bbox 1972 2318 2154 2359; x_wconf 81' lang='lat' dir='ltr'><strong>doctissi-</strong></span> 
     </span>
    </p>
   </div>
   <div class='ocr_carea' id='block_1_19' title="bbox 1266 2424 2153 2478">
    <p class='ocr_par' dir='ltr' id='par_1_20' title="bbox 1266 2424 2153 2478">
     <span class='ocr_line' id='line_1_99' title="bbox 1266 2424 2153 2478; baseline 0.005 -15"><span class='ocrx_word' id='word_1_595' title='bbox 1266 2424 1363 2465; x_wconf 80' lang='lat' dir='ltr'><strong>Esse</strong></span> <span class='ocrx_word' id='word_1_596' title='bbox 1399 2426 1634 2465; x_wconf 81' lang='lat' dir='ltr'><strong>abstinentia</strong></span> <span class='ocrx_word' id='word_1_597' title='bbox 1673 2438 1815 2478; x_wconf 82' lang='lat' dir='ltr'><strong>magna</strong></span> <span class='ocrx_word' id='word_1_598' title='bbox 1853 2425 1912 2472; x_wconf 87' lang='lat' dir='ltr'><strong>iii,</strong></span> <span class='ocrx_word' id='word_1_599' title='bbox 1942 2430 1968 2467; x_wconf 73' lang='lat'><em>8</em></span> <span class='ocrx_word' id='word_1_600' title='bbox 2038 2431 2153 2467; x_wconf 80' lang='lat' dir='ltr'><strong>aetate</strong></span> 
     </span>
    </p>
   </div>
   <div class='ocr_carea' id='block_1_20' title="bbox 1321 2478 2157 3606">
    <p class='ocr_par' dir='ltr' id='par_1_21' title="bbox 1321 2478 2157 3606">
     <span class='ocr_line' id='line_1_100' title="bbox 1321 2478 2155 2528; baseline 0 -9"><span class='ocrx_word' id='word_1_601' title='bbox 1321 2492 1384 2526; x_wconf 84' lang='lat' dir='ltr'><strong>ea,</strong></span> <span class='ocrx_word' id='word_1_602' title='bbox 1401 2485 1445 2517; x_wconf 88' lang='lat' dir='ltr'><strong>ut</strong></span> <span class='ocrx_word' id='word_1_603' title='bbox 1472 2478 1500 2526; x_wconf 87' lang='lat' dir='ltr'><strong>i,</strong></span> <span class='ocrx_word' id='word_1_604' title='bbox 1523 2483 1543 2519; x_wconf 85' lang='lat'>1</span> <span class='ocrx_word' id='word_1_605' title='bbox 1592 2478 1723 2518; x_wconf 89' lang='lat' dir='ltr'><strong>animo</strong></span> <span class='ocrx_word' id='word_1_606' title='bbox 1742 2481 1816 2518; x_wconf 88' lang='lat' dir='ltr'><strong>isto</strong></span> <span class='ocrx_word' id='word_1_607' title='bbox 1844 2480 1955 2528; x_wconf 77' lang='lat' dir='ltr'><strong>xviii,</strong></span> <span class='ocrx_word' id='word_1_608' title='bbox 1974 2483 2025 2520; x_wconf 88' lang='lat'><strong>11</strong></span> <span class='ocrx_word' id='word_1_609' title='bbox 2073 2482 2155 2520; x_wconf 89' lang='lat' dir='ltr'><strong>ani·</strong></span> 
     </span>
     <span class='ocr_line' id='line_1_101' title="bbox 1322 2533 2153 2585; baseline 0.004 -13"><span class='ocrx_word' id='word_1_610' title='bbox 1322 2546 1386 2572; x_wconf 91' lang='lat' dir='ltr'><strong>mo</strong></span> <span class='ocrx_word' id='word_1_611' title='bbox 1418 2534 1558 2572; x_wconf 89' lang='lat' dir='ltr'><strong>eodem</strong></span> <span class='ocrx_word' id='word_1_612' title='bbox 1603 2545 1696 2584; x_wconf 86' lang='lat' dir='ltr'><strong>erga</strong></span> <span class='ocrx_word' id='word_1_613' title='bbox 1731 2533 1901 2585; x_wconf 80' lang='lat' dir='ltr'><strong>aliquem</strong></span> <span class='ocrx_word' id='word_1_614' title='bbox 1946 2533 2055 2580; x_wconf 81' lang='lat' dir='ltr'><strong>xxiii,</strong></span> <span class='ocrx_word' id='word_1_615' title='bbox 2102 2538 2153 2575; x_wconf 88' lang='grc'><strong>10</strong></span> 
     </span>
     <span class='ocr_line' id='line_1_102' title="bbox 1323 2586 2154 2635; baseline 0 -8"><span class='ocrx_word' id='word_1_616' title='bbox 1323 2593 1455 2627; x_wconf 86' lang='lat' dir='ltr'><strong>mente</strong></span> <span class='ocrx_word' id='word_1_617' title='bbox 1486 2586 1622 2626; x_wconf 86' lang='lat' dir='ltr'><strong>eadem</strong></span> <span class='ocrx_word' id='word_1_618' title='bbox 1655 2586 1764 2633; x_wconf 80' lang='lat' dir='ltr'><strong>xxiii,</strong></span> <span class='ocrx_word' id='word_1_619' title='bbox 1783 2591 1809 2628; x_wconf 83' lang='lat'>2</span> <span class='ocrx_word' id='word_1_620' title='bbox 1855 2592 1967 2627; x_wconf 84' lang='lat' dir='ltr'><strong>tanta</strong></span> <span class='ocrx_word' id='word_1_621' title='bbox 1996 2588 2154 2635; x_wconf 84' lang='lat' dir='ltr'><strong>ferocia,</strong></span> 
     </span>
     <span class='ocr_line' id='line_1_103' title="bbox 1326 2641 2154 2694; baseline 0.001 -15"><span class='ocrx_word' id='word_1_622' title='bbox 1326 2647 1369 2680; x_wconf 90' lang='lat' dir='ltr'><strong>ut</strong></span> <span class='ocrx_word' id='word_1_623' title='bbox 1397 2641 1490 2687; x_wconf 86' lang='lat' dir='ltr'><strong>xxii,</strong></span> <span class='ocrx_word' id='word_1_624' title='bbox 1513 2644 1533 2680; x_wconf 93' lang='lat'>1</span> <span class='ocrx_word' id='word_1_625' title='bbox 1565 2641 1766 2692; x_wconf 77' lang='lat' dir='ltr'><strong>praecipua</strong></span> <span class='ocrx_word' id='word_1_626' title='bbox 1783 2641 1863 2680; x_wconf 83' lang='lat' dir='ltr'><strong>fide</strong></span> <span class='ocrx_word' id='word_1_627' title='bbox 1877 2654 1969 2694; x_wconf 85' lang='lat' dir='ltr'><strong>erga</strong></span> <span class='ocrx_word' id='word_1_628' title='bbox 1984 2641 2154 2694; x_wconf 85' lang='lat' dir='ltr'><strong>aliquem</strong></span> 
     </span>
     <span class='ocr_line' id='line_1_104' title="bbox 1323 2693 2155 2743; baseline 0.001 -11"><span class='ocrx_word' id='word_1_629' title='bbox 1323 2695 1378 2741; x_wconf 84' lang='lat' dir='ltr'><strong>vi,</strong></span> <span class='ocrx_word' id='word_1_630' title='bbox 1398 2699 1424 2735; x_wconf 84' lang='grc'><strong>2</strong></span> <span class='ocrx_word' id='word_1_631' title='bbox 1471 2694 1619 2733; x_wconf 87' lang='lat' dir='ltr'><strong>invidia</strong></span> <span class='ocrx_word' id='word_1_632' title='bbox 1650 2693 1798 2734; x_wconf 87' lang='lat' dir='ltr'><strong>minore</strong></span> <span class='ocrx_word' id='word_1_633' title='bbox 1826 2694 1934 2743; x_wconf 81' lang='lat' dir='ltr'><strong>xviii,</strong></span> <span class='ocrx_word' id='word_1_634' title='bbox 1963 2698 1989 2736; x_wconf 78' lang='lat'><strong>‘1</strong></span> <span class='ocrx_word' id='word_1_635' title='bbox 2034 2695 2155 2734; x_wconf 84' lang='lat' dir='ltr'><strong>tantis</strong></span> 
     </span>
     <span class='ocr_line' id='line_1_105' title="bbox 1325 2748 2152 2801; baseline -0.001 -13"><span class='ocrx_word' id='word_1_636' title='bbox 1325 2748 1481 2801; x_wconf 86' lang='lat' dir='ltr'><strong>opibus,</strong></span> <span class='ocrx_word' id='word_1_637' title='bbox 1503 2755 1546 2786; x_wconf 87' lang='lat' dir='ltr'><strong>ut</strong></span> <span class='ocrx_word' id='word_1_638' title='bbox 1574 2752 1678 2795; x_wconf 80' lang='lat' dir='ltr'>xx,3</span> <span class='ocrx_word' id='word_1_639' title='bbox 1723 2761 1816 2788; x_wconf 88' lang='lat' dir='ltr'><strong>cura</strong></span> <span class='ocrx_word' id='word_1_640' title='bbox 1847 2754 1971 2796; x_wconf 86' lang='lat' dir='ltr'><strong>tanta,</strong></span> <span class='ocrx_word' id='word_1_641' title='bbox 1991 2753 2036 2787; x_wconf 89' lang='lat' dir='ltr'><strong>ut</strong></span> <span class='ocrx_word' id='word_1_642' title='bbox 2061 2763 2152 2795; x_wconf 83' lang='lat' dir='ltr'>xxv,</span> 
     </span>
     <span class='ocr_line' id='line_1_106' title="bbox 1327 2802 2155 2856; baseline -0.002 -13"><span class='ocrx_word' id='word_1_643' title='bbox 1327 2807 1376 2844; x_wconf 83' lang='lat'><strong>15</strong></span> <span class='ocrx_word' id='word_1_644' title='bbox 1418 2802 1610 2855; x_wconf 87' lang='lat' dir='ltr'><strong>dignitate</strong></span> <span class='ocrx_word' id='word_1_645' title='bbox 1625 2802 1730 2854; x_wconf 85' lang='lat' dir='ltr'><strong>regia</strong></span> <span class='ocrx_word' id='word_1_646' title='bbox 1758 2802 1787 2848; x_wconf 84' lang='lat' dir='ltr'><strong>i,</strong></span> <span class='ocrx_word' id='word_1_647' title='bbox 1804 2805 1831 2842; x_wconf 86' lang='grc'><strong>2</strong></span> <span class='ocrx_word' id='word_1_648' title='bbox 1872 2802 2064 2856; x_wconf 74' lang='lat' dir='ltr'><strong>dignitate</strong></span> <span class='ocrx_word' id='word_1_649' title='bbox 2081 2804 2155 2841; x_wconf 88' lang='lat' dir='ltr'><strong>ho-</strong></span> 
     </span>
     <span class='ocr_line' id='line_1_107' title="bbox 1324 2854 2155 2904; baseline -0.001 -9"><span class='ocrx_word' id='word_1_650' title='bbox 1324 2863 1450 2904; x_wconf 89' lang='lat' dir='ltr'><strong>nesta,</strong></span> <span class='ocrx_word' id='word_1_651' title='bbox 1478 2854 1519 2895; x_wconf 79' lang='lat' dir='ltr'><strong>et</strong></span> <span class='ocrx_word' id='word_1_652' title='bbox 1535 2856 1678 2895; x_wconf 87' lang='lat' dir='ltr'><strong>viribus</strong></span> <span class='ocrx_word' id='word_1_653' title='bbox 1696 2857 1747 2894; x_wconf 87' lang='lat' dir='ltr'><strong>ad</strong></span> <span class='ocrx_word' id='word_1_654' title='bbox 1765 2855 1935 2896; x_wconf 85' lang='lat' dir='ltr'><strong>laborem</strong></span> <span class='ocrx_word' id='word_1_655' title='bbox 1952 2856 2155 2895; x_wconf 78' lang='lat' dir='ltr'><strong>ferendum</strong></span> 
     </span>
     <span class='ocr_line' id='line_1_108' title="bbox 1325 2910 2156 2962; baseline 0 -14"><span class='ocrx_word' id='word_1_656' title='bbox 1325 2910 1458 2957; x_wconf 86' lang='lat' dir='ltr'><strong>firmis,</strong></span> <span class='ocrx_word' id='word_1_657' title='bbox 1501 2922 1633 2962; x_wconf 88' lang='lat' dir='ltr'><strong>neque</strong></span> <span class='ocrx_word' id='word_1_658' title='bbox 1676 2918 1755 2948; x_wconf 88' lang='lat' dir='ltr'><strong>tam</strong></span> <span class='ocrx_word' id='word_1_659' title='bbox 1793 2922 1936 2961; x_wconf 87' lang='lat' dir='ltr'><strong>magno</strong></span> <span class='ocrx_word' id='word_1_660' title='bbox 1978 2922 2156 2962; x_wconf 88' lang='lat' dir='ltr'><strong>corpore,</strong></span> 
     </span>
     <span class='ocr_line' id='line_1_109' title="bbox 1324 2963 2153 3016; baseline 0 -14"><span class='ocrx_word' id='word_1_661' title='bbox 1324 2977 1442 3015; x_wconf 88' lang='lat' dir='ltr'><strong>quam</strong></span> <span class='ocrx_word' id='word_1_662' title='bbox 1461 2963 1585 3016; x_wconf 83' lang='lat' dir='ltr'><strong>figura</strong></span> <span class='ocrx_word' id='word_1_663' title='bbox 1605 2970 1768 3002; x_wconf 86' lang='lat' dir='ltr'><strong>venusta</strong></span> <span class='ocrx_word' id='word_1_664' title='bbox 1795 2963 1901 3010; x_wconf 83' lang='lat' dir='ltr'><strong>xviii,</strong></span> <span class='ocrx_word' id='word_1_665' title='bbox 1923 2966 1975 3004; x_wconf 86' lang='lat' dir='ltr'><strong>ll</strong></span> <span class='ocrx_word' id='word_1_666' title='bbox 2022 2964 2153 3002; x_wconf 78' lang='lat' dir='ltr'><strong>animo</strong></span> 
     </span>
     <span class='ocr_line' id='line_1_110' title="bbox 1324 3017 2155 3070; baseline 0.001 -15"><span class='ocrx_word' id='word_1_667' title='bbox 1324 3030 1466 3070; x_wconf 87' lang='lat' dir='ltr'><strong>magno</strong></span> <span class='ocrx_word' id='word_1_668' title='bbox 1515 3024 1556 3056; x_wconf 92' lang='lat' dir='ltr'><strong>et</strong></span> <span class='ocrx_word' id='word_1_669' title='bbox 1612 3030 1786 3068; x_wconf 90' lang='lat' dir='ltr'><strong>corpore,</strong></span> <span class='ocrx_word' id='word_1_670' title='bbox 1832 3017 2155 3069; x_wconf 79' lang='lat' dir='ltr'><strong>imperatoriaque</strong></span> 
     </span>
     <span class='ocr_line' id='line_1_111' title="bbox 1323 3070 2155 3123; baseline 0.001 -14"><span class='ocrx_word' id='word_1_671' title='bbox 1323 3070 1448 3109; x_wconf 82' lang='lat' dir='ltr'><strong>forma</strong></span> <span class='ocrx_word' id='word_1_672' title='bbox 1493 3070 1546 3117; x_wconf 86' lang='lat' dir='ltr'><strong>xi,</strong></span> <span class='ocrx_word' id='word_1_673' title='bbox 1583 3073 1607 3110; x_wconf 74' lang='grc'><strong>3</strong></span> <span class='ocrx_word' id='word_1_674' title='bbox 1654 3083 1702 3110; x_wconf 87' lang='lat' dir='ltr'><strong>ca</strong></span> <span class='ocrx_word' id='word_1_675' title='bbox 1729 3071 1846 3118; x_wconf 83' lang='lat' dir='ltr'><strong>fama,</strong></span> <span class='ocrx_word' id='word_1_676' title='bbox 1882 3083 1962 3123; x_wconf 86' lang='lat' dir='ltr'><strong>qua</strong></span> <span class='ocrx_word' id='word_1_677' title='bbox 1987 3071 2100 3118; x_wconf 74' lang='lat' dir='ltr'><strong>xviii,</strong></span> <span class='ocrx_word' id='word_1_678' title='bbox 2130 3073 2155 3110; x_wconf 76' lang='lat'><strong>3</strong></span> 
     </span>
     <span class='ocr_line' id='line_1_112' title="bbox 1327 3122 2155 3180; baseline -0.002 -16"><span class='ocrx_word' id='word_1_679' title='bbox 1327 3125 1449 3176; x_wconf 84' lang='lat' dir='ltr'><strong>gloria</strong></span> <span class='ocrx_word' id='word_1_680' title='bbox 1467 3137 1608 3176; x_wconf 88' lang='lat' dir='ltr'><strong>magna</strong></span> <span class='ocrx_word' id='word_1_681' title='bbox 1635 3125 1677 3162; x_wconf 91' lang='lat' dir='ltr'><strong>in</strong></span> <span class='ocrx_word' id='word_1_682' title='bbox 1706 3124 1863 3163; x_wconf 88' lang='lat' dir='ltr'><strong>musicis</strong></span> <span class='ocrx_word' id='word_1_683' title='bbox 1891 3138 1955 3172; x_wconf 81' lang='lat' dir='ltr'><strong>xv,</strong></span> <span class='ocrx_word' id='word_1_684' title='bbox 1973 3128 2005 3165; x_wconf 83' lang='grc'><strong>2·</strong></span> <span class='ocrx_word' id='word_1_685' title='bbox 2046 3122 2155 3180; x_wconf 87' lang='lat' dir='ltr'><strong>(heic</strong></span> 
     </span>
     <span class='ocr_line' id='line_1_113' title="bbox 1327 3176 2157 3230; baseline -0.002 -13"><span class='ocrx_word' id='word_1_686' title='bbox 1327 3178 1448 3230; x_wconf 83' lang='lat' dir='ltr'><strong>gloria</strong></span> <span class='ocrx_word' id='word_1_687' title='bbox 1484 3191 1659 3230; x_wconf 88' lang='lat' dir='ltr'><strong>personae</strong></span> <span class='ocrx_word' id='word_1_688' title='bbox 1697 3178 1902 3228; x_wconf 81' lang='lat' dir='ltr'><strong>tribuitur3</strong></span> <span class='ocrx_word' id='word_1_689' title='bbox 1957 3177 2053 3218; x_wconf 82' lang='lat' dir='ltr'><strong>alibi</strong></span> <span class='ocrx_word' id='word_1_690' title='bbox 2086 3176 2157 3216; x_wconf 89' lang='lat' dir='ltr'><strong>rei.</strong></span> 
     </span>
     <span class='ocr_line' id='line_1_114' title="bbox 1326 3230 2157 3286; baseline -0.001 -15"><span class='ocrx_word' id='word_1_691' title='bbox 1326 3238 1370 3271; x_wconf 89' lang='lat' dir='ltr'><strong>ut</strong></span> <span class='ocrx_word' id='word_1_692' title='bbox 1387 3230 1421 3285; x_wconf 79' lang='lat' dir='ltr'><strong>z)</strong></span> <span class='ocrx_word' id='word_1_693' title='bbox 1447 3245 1591 3272; x_wconf 90' lang='lat' dir='ltr'><strong>corona</strong></span> <span class='ocrx_word' id='word_1_694' title='bbox 1609 3231 1780 3279; x_wconf 89' lang='lat' dir='ltr'><strong>honoris,</strong></span> <span class='ocrx_word' id='word_1_695' title='bbox 1812 3231 2058 3286; x_wconf 81' lang='lat' dir='ltr'><strong>Thrasybulo</strong></span> <span class='ocrx_word' id='word_1_696' title='bbox 2086 3232 2157 3269; x_wconf 88' lang='lat' dir='ltr'><strong>da-</strong></span> 
     </span>
     <span class='ocr_line' id='line_1_115' title="bbox 1326 3286 2153 3339; baseline -0.002 -15"><span class='ocrx_word' id='word_1_697' title='bbox 1326 3292 1382 3334; x_wconf 85' lang='lat' dir='ltr'><strong>ta,</strong></span> <span class='ocrx_word' id='word_1_698' title='bbox 1410 3299 1551 3338; x_wconf 84' lang='lat' dir='ltr'><strong>magna</strong></span> <span class='ocrx_word' id='word_1_699' title='bbox 1578 3287 1655 3325; x_wconf 90' lang='lat' dir='ltr'><strong>fuit</strong></span> <span class='ocrx_word' id='word_1_700' title='bbox 1674 3286 1794 3339; x_wconf 85' lang='lat' dir='ltr'><strong>gloria</strong></span> <span class='ocrx_word' id='word_1_701' title='bbox 1812 3286 1998 3339; x_wconf 79' lang='lat' dir='ltr'><strong>(sensusz</strong></span> <span class='ocrx_word' id='word_1_702' title='bbox 2027 3297 2153 3336; x_wconf 85' lang='lat' dir='ltr'><strong>-rnag-</strong></span> 
     </span>
     <span class='ocr_line' id='line_1_116' title="bbox 1326 3336 2156 3394; baseline -0.004 -15"><span class='ocrx_word' id='word_1_703' title='bbox 1326 3353 1415 3379; x_wconf 87' lang='lat' dir='ltr'><strong>nam</strong></span> <span class='ocrx_word' id='word_1_704' title='bbox 1433 3339 1679 3394; x_wconf 78' lang='lat' dir='ltr'><strong>Thrasybulo</strong></span> <span class='ocrx_word' id='word_1_705' title='bbox 1709 3339 1840 3378; x_wconf 84' lang='lat' dir='ltr'><strong>attulit</strong></span> <span class='ocrx_word' id='word_1_706' title='bbox 1864 3336 2046 3390; x_wconf 78' lang='lat' dir='ltr'><strong>gloriam)</strong></span> <span class='ocrx_word' id='word_1_707' title='bbox 2075 3339 2156 3383; x_wconf 84' lang='lat' dir='ltr'><strong>viii,</strong></span> 
     </span>
     <span class='ocr_line' id='line_1_117' title="bbox 1327 3391 2154 3446; baseline -0.002 -12"><span class='ocrx_word' id='word_1_708' title='bbox 1327 3397 1353 3434; x_wconf 88' lang='grc'>4</span> <span class='ocrx_word' id='word_1_709' title='bbox 1398 3407 1538 3446; x_wconf 88' lang='lat' dir='ltr'><strong>genere</strong></span> <span class='ocrx_word' id='word_1_710' title='bbox 1567 3406 1716 3433; x_wconf 87' lang='lat' dir='ltr'><strong>summo</strong></span> <span class='ocrx_word' id='word_1_711' title='bbox 1734 3392 1949 3431; x_wconf 83' lang='lat' dir='ltr'><strong>domestico</strong></span> <span class='ocrx_word' id='word_1_712' title='bbox 1987 3391 2094 3438; x_wconf 85' lang='lat' dir='ltr'><strong>xviii,</strong></span> <span class='ocrx_word' id='word_1_713' title='bbox 2132 3396 2154 3432; x_wconf 91' lang='lat'>1</span> 
     </span>
     <span class='ocr_line' id='line_1_118' title="bbox 1327 3448 2153 3498; baseline -0.001 -13"><span class='ocrx_word' id='word_1_714' title='bbox 1327 3448 1556 3486; x_wconf 80' lang='lat' dir='ltr'><strong>liberalitate</strong></span> <span class='ocrx_word' id='word_1_715' title='bbox 1589 3460 1729 3498; x_wconf 87' lang='lat' dir='ltr'><strong>magna</strong></span> <span class='ocrx_word' id='word_1_716' title='bbox 1754 3459 1794 3492; x_wconf 84' lang='lat' dir='ltr'><strong>v,</strong></span> <span class='ocrx_word' id='word_1_717' title='bbox 1813 3449 1838 3485; x_wconf 85' lang='grc'>4</span> <span class='ocrx_word' id='word_1_718' title='bbox 1885 3450 1980 3484; x_wconf 88' lang='lat' dir='ltr'><strong>natu</strong></span> <span class='ocrx_word' id='word_1_719' title='bbox 2011 3459 2153 3498; x_wconf 87' lang='lat' dir='ltr'><strong>magno</strong></span> 
     </span>
     <span class='ocr_line' id='line_1_119' title="bbox 1327 3498 2155 3551; baseline -0.002 -13"><span class='ocrx_word' id='word_1_720' title='bbox 1327 3500 1449 3547; x_wconf 78' lang='lat' dir='ltr'><strong>xiii,s</strong></span> <span class='ocrx_word' id='word_1_721' title='bbox 1497 3501 1580 3551; x_wconf 84' lang='lat' dir='ltr'><strong>pari</strong></span> <span class='ocrx_word' id='word_1_722' title='bbox 1611 3498 1773 3550; x_wconf 82' lang='lat' dir='ltr'><strong>imperio</strong></span> <span class='ocrx_word' id='word_1_723' title='bbox 1810 3504 1928 3550; x_wconf 79' lang='lat' dir='ltr'><strong>atque</strong></span> <span class='ocrx_word' id='word_1_724' title='bbox 1965 3500 2063 3539; x_wconf 87' lang='lat' dir='ltr'><strong>alius</strong></span> <span class='ocrx_word' id='word_1_725' title='bbox 2095 3505 2155 3538; x_wconf 87' lang='lat' dir='ltr'><strong>est</strong></span> 
     </span>
     <span class='ocr_line' id='line_1_120' title="bbox 1329 3551 2154 3606; baseline 0.001 -15"><span class='ocrx_word' id='word_1_726' title='bbox 1329 3554 1401 3605; x_wconf 88' lang='lat' dir='ltr'><strong>(de</strong></span> <span class='ocrx_word' id='word_1_727' title='bbox 1434 3554 1526 3593; x_wconf 86' lang='lat' dir='ltr'><strong>belli</strong></span> <span class='ocrx_word' id='word_1_728' title='bbox 1562 3551 1749 3606; x_wconf 86' lang='lat' dir='ltr'><strong>ducibus)</strong></span> <span class='ocrx_word' id='word_1_729' title='bbox 1778 3553 1855 3599; x_wconf 88' lang='lat' dir='ltr'><strong>xiv,</strong></span> <span class='ocrx_word' id='word_1_730' title='bbox 1890 3557 1914 3593; x_wconf 77' lang='grc'>3</span> <span class='ocrx_word' id='word_1_731' title='bbox 1962 3558 2154 3606; x_wconf 85' lang='lat' dir='ltr'><strong>potestate</strong></span> 
     </span>
    </p>
   </div>
  </div>
 </body>
</html>
