2326 3944
289 264 398 319 450

289 396 492 438 Boecleri
510 394 666 436 librum
685 396 1066 438 Commentarium.

344 459 513 512 Magnis
541 458 779 510 muneribus]
823 459 947 502 Inter
965 473 1062 514 quae
1093 460 1178 502 fuit

289 520 481 575 ’γάμβριος
512 521 657 574 στολὴ,
703 523 832 564 sicuti
869 523 1006 565 tradit
1041 522 1177 565 Athe-

289 597 421 626 naeus.
454 585 538 626 Illa
557 585 708 627 donari
727 598 914 628 summus
930 586 975 626 in
995 587 1177 628 Oriente

288 660 398 691 mos.
438 647 578 701 quue
596 648 641 688 in
660 649 911 690 hodiernum
928 650 1044 691 diem
1062 650 1176 703 apud

288 712 468 763 Turesis,
496 712 716 766 Tartarus,
745 713 989 768 Persasque
1023 715 1066 754 in
1096 727 1178 755 usu

288 780 372 820 est.
448 774 588 816 Nemo
622 774 680 821 ad
724 787 871 828 regem
916 775 1178 827 admittitur,

289 839 371 880 nisi
383 839 587 893 ejusmodi
598 839 831 882 honoraria·
840 847 962 883 veste
977 841 1176 882 donatus.

289 933 389 974 Hoc
438 937 596 974 vocant
644 927 812 986 3323)
852 928 990 985 §auk
1027 924 1175 1013 ἑλέ..

291 1019 494 1071 Κεηοῂεη.

343 1091 586 1144 Magne-sice]
631 1090 741 1134 Quae
776 1089 891 1131 Urbs
921 1088 975 1130 ad
995 1089 1179 1137 *Maean-

289 1157 411 1198 drum
449 1156 640 1198 fluvium.
687 1156 839 1209 Steph.
874 1156 1038 1197 Livius.
1106 1157 1179 1198 Ad

287 1220 535 1263 Thoracem.
564 1220 748 1261 Diodor.
803 1220 999 1261 Fuerunt
1032 1225 1179 1261 autem

290 1285 387 1325 duae
407 1284 646 1337 Magnesiae
667 1284 711 1324 iu
731 1282 862 1333 Asia3
894 1296 980 1324 una
998 1284 1050 1324 ad
1071 1285 1178 1324 Mae-

289 1348 470 1390 andrum
500 1360 686 1399 amnem,
718 1360 815 1401 quae
847 1347 1062 1399 Μαγνησία
1083 1347 1180 1401 πρὸς

289 1411 496 1464 Μαιάνδρῳ
522 1411 712 1452 dicitur:
744 1411 881 1452 altera
900 1412 977 1452 sub
1009 1411 1178 1464 Sipylo,

290 1491 386 1531 quae
416 1474 629 1527 Μαγνησία
658 1474 752 1528 πρὸς
776 1474 937 1527 ,Σιπύλῳ
964 1477 1179 1528 cognomi-

288 1546 430 1582 natur.
458 1541 698 1593 Utramque
715 1539 758 1580 in
778 1540 916 1592 Lydia
932 1541 1053 1592 ponit
1074 1540 1178 1581 Pto-

287 1606 480 1647 lemaeus.
521 1604 690 1646 Salmas.
745 1603 872 1644 Prior
899 1604 1177 1645 Themistocli

287 1669 331 1709 in
365 1680 496 1721 panes
520 1667 637 1708 data.
693 1666 908 1707 Diodorus
925 1677 990 1708 xx.
1019 1672 1180 1718 Μαγνη-

288 1731 379 1773 σίαν
404 1731 478 1783 μὲν
504 1731 578 1780 τὴν
595 1729 658 1771 ἐπὶ
674 1733 730 1782 τῷ
757 1729 961 1784 Μαιάνδρῳ
986 1733 1177 1773 πλεῖστον

287 1799 368 1838 τῶν
403 1795 506 1837 κατὰ
535 1795 610 1844 τὴν
645 1794 782 1836 Ἀσίαν
820 1795 975 1837 πόλεων
1004 1794 1179 1847 ἔχουσαν

286 1862 414 1910 σῖτον,
437 1857 492 1901 εἷς
515 1858 666 1911 ἅρτους”
721 1859 904 1899 Μυοῦντα
921 1858 963 1899 δὲ
991 1858 1045 1900 εἷς
1068 1858 1176 1912 ὄψον·

289 1921 502 1975 Λάμψακον
520 1921 562 1962 δὲ
580 1920 875 1975 ἀμπελόφυτον,
898 1921 1070 1974 ἔχουσαν
1099 1922 1177 1975 χῶ-

287 2002 359 2039 ραν
375 1986 549 2038 πολλὴν,
569 1985 622 2028 εἰς
635 1985 753 2027 οἶνον.

301 2080 304 2081 ⁷
346 2052 401 2092 Εἰ
418 2064 493 2092 rex
507 2050 740 2102 donaverat]
781 2050 966 2091 Xerxes.
1018 2050 1175 2092 Strabo

289 2126 394 2157 1¹11.
421 2114 706 2156 Artaxerxes.
735 2114 932 2166 Thucyd.
951 2114 1174 2157 Plutarch.

289 2178 374 2218 Sed
395 2177 658 2217 Plutarchus
684 2176 898 2229 adiungit,
926 2189 979 2217 ex
1001 2179 1175 2218 Neante

289 2247 336 2282 et
365 2241 545 2292 Phania,
575 2241 808 2292 Percopen
837 2240 927 2281 sive
957 2241 1175 2282 Percoteu

289 2309 335 2345 et
354 2302 642 2355 Palaescepsin
662 2315 741 2355 pro
758 2303 919 2344 vestitu
935 2303 1174 2345 Themisto·

289 2367 346 2407 cli
366 2367 421 2408 ab
439 2366 685 2408 Artaxerxe
706 2367 844 2407 datas.
877 2367 947 2407 Sic
967 2366 1176 2420 Anthylla

289 2431 403 2483 regis
427 2430 635 2471 uxoribus
666 2431 710 2470 in
742 2430 1082 2471 calceamentum
1101 2429 1175 2471 da-

289 2500 359 2543 ta;
393 2493 557 2535 Herod.
578 2505 629 2534 11.
665 2493 863 2534 Keuclaen.
918 2494 1174 2546 Magnorum

287 2559 541 2611 Principum
569 2557 748 2611 antiqua
777 2558 1072 2608 consuetud03
1100 2559 1173 2611 qui

288 2622 483 2674 San-apis
521 2627 568 2663 et
606 2621 956 2674 Dynastissuis,
996 2621 1174 2674 aliisque

287 2687 440 2741 quibus
470 2687 718 2740 cupiebant,
750 2691 895 2728 certas
918 2687 986 2727 vel
1007 2687 1175 2738 provin-

287 2751 377 2790 cias
397 2750 464 2790 vel
486 2749 615 2789 urbes
635 2748 931 2802 assignabant,
946 2748 1060 2790 unde
1079 2761 1174 2790 vec-

287 2813 438 2865 tigalia
466 2814 509 2854 in
544 2826 643 2854 usus
673 2826 773 2854 suos
804 2812 1046 2865 exigerent.
1101 2813 1175 2854 Sic

286 2876 468 2929 legimus
502 2877 692 2930 antiquae
722 2875 880 2927 reginae
909 2874 1078 2916 cuidam
1107 2875 1174 2915 ΖΕ·

289 2946 469 2992 gyptum
489 2939 635 2981 datam
656 2939 786 2980 fuisse
808 2937 862 2980 εἷς
879 2938 1025 2989 κόσμον
1044 2951 1069 2979 a
1083 2952 1172 2980 ma-

286 3004 371 3048 rito
387 3016 398 3043 2
426 3003 706 3043 Themistocli
722 3004 1008 3056 Lampsacum
1023 3003 1172 3045 datum

287 3071 383 3106 erat
403 3063 457 3107 εἰς
481 3062 599 3117 οἶνον,
618 3065 846 3118 Magnesia
864 3064 917 3107 εἷς
930 3065 1063 3118 ἄρτον,
1075 3068 1172 3119 My-

287 3142 337 3169 us
352 3127 405 3170 εἷς
421 3128 533 3182 ὄψον,
546 3130 738 3170 Percota
753 3134 798 3170 et
813 3130 1098 3183 Palaescepsis
1118 3129 1173 3172 εἷς

287 3193 490 3244 στρωμνὴν
519 3192 584 3234 καὶ
611 3192 831 3244 ἱματισμόν.
885 3194 1048 3235 Similia
1079 3207 1200 3253 nar·x

287 3262 439 3295 rantur
458 3257 512 3296 de
537 3258 744 3309 Pytarco,
771 3256 827 3298 de
853 3255 1098 3310 Alcibiade,
1115 3257 1171 3299 de

284 3319 392 3370 aliis.
447 3320 519 3360 Sic
551 3322 681 3361 etiam
710 3321 889 3374 legimus
909 3321 1086 3374 AEgypti
1106 3335 1170 3364 re·

287 3394 362 3434 ges
381 3381 434 3422 ab
451 3383 543 3423 aliis
563 3383 729 3425 urbium
746 3398 916 3427 suarum
935 3386 1172 3438 esculenta,

287 3445 342 3486 ab
377 3445 471 3485 aliis
507 3448 749 3499 poculenta,
781 3448 836 3489 ab
867 3450 961 3490 aliis
980 3451 1171 3502 stragula

287 3509 435 3549 solitos
455 3510 644 3563 exigere.
701 3512 812 3552 Vide
834 3511 1058 3554 Aristeam.
1093 3515 1169 3554 Ca-

284 3571 440 3613 saubon.
486 3600 489 3605 ›

676 276 855 317 NOTAE
900 277 1230 318 VARIORUM
1271 278 1337 318 IN
1380 280 1434 318 G.
1474 280 1739 319 NEPOTIS

1247 432 1250 437 .
1296 399 1396 444 Quae
1437 400 1476 440 ei
1508 411 1647 453 panem
1677 398 1888 451 proeberet]
1932 398 2124 441 venuste

1235 462 1440 513 praeberee.
1512 463 1637 505 Quod
1673 463 1926 503 vocabulum
1946 469 2031 504 vest
2061 465 2126 506 rei

1238 523 1472 577 familiaris,
1489 525 1554 566 καὶ
1570 527 1649 565 τῶν
1665 524 1759 578 πρὸς
1775 524 1846 566 τὸν
1863 525 1964 572 βίον.
2037 526 2041 531 ’

1295 589 1514 642 Redibant]
1543 591 1702 642 Propr.
1722 591 1857 631 Verb.
1913 589 1985 631 Sic
2005 601 2124 644 supr.
2155 628 2158 630 .

1239 652 1386 703 paullo
1412 654 1425 676 ⁴
1440 653 1626 706 pecunia
1653 667 1752 707 quae
1770 666 1828 695 ex
1852 654 2040 695 metallis
2057 665 2126 695 re-

1237 714 1389 756 dibat!
1453 716 1570 760 Hinc
1616 717 1785 759 reditus
1839 730 1917 772 pro
1973 729 2123 759 censu.

1238 777 1438 820 Sohotlus.
1495 798 1498 801 >
1887 812 1891 814 ἡ

1292 842 1567 895 Lampsacum]
1599 843 1790 897 Opidum
1821 843 2030 896 imprimis
2061 843 2124 886 A-

1238 903 1313 944 siae
1335 905 1495 944 clarum
1528 910 1574 946 et
1601 905 1747 947 nobile
1775 912 1907 948 vocat
1937 905 2126 948 Lucilius

1239 967 1356 1019 apud
1402 968 1606 1010 Nouium.
1677 968 1954 1022 Lampsacum]
1979 970 2125 1012 -Male

1238 1032 1465 1073 Lam-sucum
1483 1033 1528 1073 in
1556 1033 1765 1086 Excerpt.
1819 1033 2001 1075 Diodor.
2019 1032 2127 1084 Δέμσ

1238 1098 1376 1147 ψακον.
1434 1097 1493 1137 Et
1511 1096 1659 1138 statim
1677 1096 1903 1151 Smyrnam,
1934 1109 2014 1150 pro
2031 1098 2126 1151 My·

1237 1164 1370 1200 uatem
1384 1174 1401 1209 ‚-
1436 1160 1480 1200 in
1509 1161 1710 1201 Boecleri
1738 1161 1847 1202 Mss.
1867 1159 2129 1214 corruptius,

1239 1228 1286 1264 et
1304 1226 1392 1263 κατ’
1408 1222 1642 1276 &vica-optata.
1672 1224 1872 1264 Kenchen.

1298 1287 1410 1327 Unde
1438 1287 1572 1328 vinum
1606 1286 1794 1339 sumeret]
1835 1285 2047 1339 Λάμψακον
2082 1284 2126 1327 δὲ

1239 1349 1531 1403 ἀμπελόφυτον,
1551 1349 1723 1402 ἔχουσαν
1739 1349 1872 1403 χάραν
1888 1349 2060 1402 πολλὴν,
2073 1347 2128 1392 εἷς

1238 1411 1355 1454 οἶνον.
1383 1413 1512 1454 Diod.
1558 1414 1687 1454 Unde
1705 1414 1819 1454 haud
1839 1413 1968 1455 dubie
1988 1427 2014 1455 a
2033 1413 2127 1456 Pri·

1240 1488 1323 1528 apo
1365 1476 1540 1516 condita
1584 1476 1788 1517 scribitur
1833 1477 1908 1518 illa
1950 1475 2128 1529 civitas,

1239 1539 1402 1579 Bacchi
1435 1543 1480 1579 et
1508 1539 1687 1579 Veneris
1714 1538 1815 1580 filio.
1868 1541 1939 1581 De
1970 1552 2057 1593 qua
2076 1551 2124 1580 re

1240 1601 1516 1642 subtilissime
1544 1601 1801 1643 Plutarchus
1831 1603 1875 1643 in
1902 1603 2051 1644 libello
2070 1603 2126 1645 de

1239 1666 1368 1707 claris
1387 1665 1648 1707 mulieribus.
1703 1665 1789 1706 Sed
1806 1671 1852 1707 et
1866 1667 2127 1708 Demosthe·

1239 1744 1316 1772 nes
1350 1730 1524 1785 Πριάπου
1558 1730 1705 1783 κτίσμα
1737 1735 1946 1787 appellat.
2012 1734 2127 1776 Vide

1239 1795 1434 1836 Servium
1454 1794 1509 1836 ad
1529 1807 1594 1837 iv.
1611 1795 1772 1848 Georg.

1294 1858 1524 1912 Myuntem]
1548 1858 1634 1899 Ubi
1647 1859 1794 1911 ingens
1805 1859 1982 1912 piscium
2001 1861 2127 1915 uber-

1240 1927 1304 1963 tas
1323 1928 1370 1963 et
1387 1923 1529 1975 copia,
1557 1920 1708 1972 ἕχουσα
1725 1921 1927 1964 θάλατταν
1955 1923 2127 1976 ἔνιχθυν.

1239 1986 1367 2027 Diod.
1408 1987 1523 2027 Hinc
1539 1986 1822 2028 Themistocli
1841 1988 1884 2028 in
1903 1988 2125 2029 obsonium·

1238 2050 1355 2091 data.
1395 2050 1586 2102 Thucyd.
1649 2049 1744 2090 Sita
1781 2050 1883 2091 urbs
1921 2050 1975 2091 ad
2013 2052 2137 2094 ostia.

1239 2114 1451 2155 Maeandri
1470 2113 1671 2155 fluminis.
1700 2113 1869 2167 Strabo,
1879 2115 1995 2156 Plin.
2012 2116 2128 2157 Pau-

1239 2190 1332 2218 san.
1353 2177 1566 2219 Herodot.
2107 2209 2110 2212 -

1291 2239 1358 2280 Ad
1383 2243 1560 2279 nostram
1585 2238 1831 2290 memoriam]
1872 2237 2127 2282 Arbitrarer

1240 2305 1390 2358 utique
1410 2303 1604 2345 Probum
1629 2304 1673 2344 id
1694 2316 1864 2358 quoque
1884 2317 1939 2345 ex
1957 2305 2126 2360 Thucy:

1238 2367 1340 2407 dide
1362 2368 1557 2417 vertisse,
1575 2368 1658 2408 nisi
1675 2368 1829 2408 scirem
1849 2368 2125 2421 Pausaniam,

1239 2431 1311 2483 qui
1332 2431 1456 2482 longe
1477 2434 1607 2471 aetate
1629 2429 1712 2471 fuit
1730 2430 1877 2471 Probo
1894 2431 2126 2485 posterior,

1240 2493 1391 2534 testari
1419 2493 1599 2534 Athenis
1618 2507 1694 2534 suo
1714 2499 1909 2546 tempore
1927 2494 2127 2538 Themis-

1240 2559 1366 2600 toclis
1393 2565 1712 2608 monumentum
1740 2560 1879 2600 adhuc
1908 2560 2125 2604 exstitisse

1238 2635 1375 2676 prope
1408 2629 1580 2676 portum
1609 2623 1854 2664 maximum.
1896 2623 2124 2676 Longatius.

1239 2686 1316 2727 Καὶ
1342 2686 1435 2740 πρὸς
1459 2688 1517 2739 τῷ
1543 2686 1719 2739 μεγίστῳ
1747 2686 1874 2738 λιμένι
1901 2686 2026 2740 τάφος
2051 2693 2123 2730 Os·

1236 2749 1505 2802 μιστοκλέους.
1533 2752 1705 2793 Pansam.
1879 2766 1883 2773 ·

1291 2814 1446 2856 Statuae
1479 2815 1523 2856 iu
1546 2814 1642 2865 soro
1673 2815 1913 2868 Magnesioe]
1953 2816 2125 2858 Plutar-

1238 2878 1342 2918 chus
1369 2878 1414 2918 in
1430 2877 1525 2920 foro
1546 2878 1803 2932 Magnetum
1824 2891 1909 2920 non
1927 2880 2126 2920 Themis-

1237 2942 1364 2983 toclis
1380 2947 1560 2993 statuas,
1593 2942 1670 2983 sed
1695 2943 1969 2995 sepulchrum
1990 2945 2124 2985 exsti*

1239 3005 1338 3046 tisse
1371 3004 1449 3045 ait.
1500 3005 1668 3050 ‚Potuit
1704 3011 1750 3045 et
1785 3006 2039 3058 Magnesiae,
2074 3013 2124 3048 et

1230 3069 1361 3121 juxta
1405 3068 1618 3109 Piraeeum
1662 3067 1794 3108 fnisse
1826 3069 2124 3112 Themistoclis

1236 3131 1522 3184 sepulchrum.
1596 3131 1708 3171 Nam
1745 3131 1984 3172 Pausanias
2028 3133 2122 3187 ejus

1234 3206 1332 3234 ossa
1351 3193 1587 3245 Magnesia,
1601 3194 1675 3234 ubi
1696 3193 1878 3246 primum
1894 3196 2123 3247 sepulchro

1235 3255 1434 3298 conditus
1451 3261 1533 3307 est,
1550 3257 1593 3295 in
1617 3255 1804 3297 Atticam
1826 3254 2037 3299 transiata
2053 3257 2124 3299 fu-

1234 3319 1317 3360 isse
1352 3320 1502 3360 tradit.
1565 3318 1660 3360 Etsi
1698 3319 1810 3359 enim
1843 3319 2119 3363 exhumatum

1235 3385 1293 3426 sit
1309 3385 1513 3436 cadaver,
1545 3397 1628 3425 non
1648 3389 1792 3424 tamen
1814 3383 1985 3425 videtur
2003 3386 2120 3426 diru-

1236 3457 1324 3491 tum
1366 3449 1501 3491 fuisse
1541 3449 1830 3501 sepulchrum,
1873 3450 1990 3502 quod
2036 3450 2121 3492 fuit

1233 3514 1369 3567 (teste
1386 3511 1644 3565 Plutarcho)
1659 3513 2017 3554 illustrissimum:
2049 3515 2119 3555 cui

1235 3582 1279 3617 et
1296 3581 1464 3629 statua’,
1486 3589 1659 3630 quarum
1673 3575 1843 3618 Pmbus
1859 3578 2118 3619 mentionem
