2306 3900
831 275 1133 317 cominu
1178 272 1464 317 NEPo'rls.
1960 258 2070 312 739

231 427 300 438 -
321 402 556 460 Genevae‚
587 406 664 450 12.
690 415 750 448 ex
775 397 1103 462 recognitione
1129 397 1301 461 Steph.
1329 396 1573 462 Philippe.

237 488 364 538 1782
390 479 607 546 Biponti‚
635 487 681 530 8.
707 478 886 528 studiis
912 478 1174 528 Societatis
1199 478 1494 543 Bipontinae.

237 568 366 619 1787
391 560 626 629 Coloniae,
654 568 702 610 8.

238 648 365 698 1788
390 641 587 706 Lipsiae,
613 648 660 691 8.
687 657 733 690 e.
759 657 861 689 rec.
884 639 963 689 Jo.
989 639 1144 689 Andr.
1169 638 1320 688 Bosii.

792 843 1500 914 VERSIONES.

309 1078 407 1145 [Ex
431 1078 511 1128 Jo.
538 1077 652 1127 Alb.
679 1075 890 1127 Fabricii
913 1075 1221 1126 Bibliotheca
1244 1075 1417 1131 Latina
1441 1091 1471 1126 a
1494 1076 1524 1127 J
1528 1092 1577 1125 0.
1605 1076 1737 1140 Aug.
1762 1073 1985 1126 Ernestio

800 1156 995 1206 auctius
1021 1156 1168 1216 edita,
1193 1156 1258 1206 T.
1287 1170 1325 1206 1.
1352 1174 1396 1207 c.
1424 1154 1496 1219 6.]

296 1272 653 1321 VERSIONEM
694 1271 917 1320 Vitarum
964 1272 1176 1338 Nepotis
1225 1272 1453 1321 Graecam
1499 1272 1674 1322 habuit
1719 1273 1800 1322 J0.
1847 1271 2070 1322 Christo-

227 1352 412 1419 phorus
451 1351 675 1412 wolfius,
712 1352 898 1401 incerto
935 1362 1155 1402 auctore.
1228 1353 1428 1401 Initium
1469 1360 1579 1402 est:
1619 1356 1644 1401 ὃ
1687 1352 1950 1411 Μιλτιάδης
1989 1360 2070 1403 τοῦ

228 1433 461 1497 Κίμωνος,
499 1434 550 1480 ἐκ
571 1440 648 1489 τῆς
670 1440 762 1481 τῶν
782 1434 1005 1491 Ἀθηνῶν
1028 1435 1207 1482 πόλεως
1230 1436 1286 1502 τῇ
1310 1437 1500 1496 παλαιᾷ
1525 1439 1717 1495 γενέσει
1754 1436 1830 1482 καὶ
1865 1439 1921 1503 τῇ
1960 1433 2069 1497 δόξᾳ

227 1522 321 1562 τῶν
343 1518 792 1579 προγεγενημένων,
816 1517 914 1562 ὅτε.

293 1594 549 1644 Versiones
585 1595 885 1653 vernaculas,
923 1611 1184 1660 puerorum
1223 1611 1371 1645 causa
1395 1594 1603 1659 scriptas
1632 1597 1932 1654 Germanice,
1970 1611 2068 1644 non

223 1675 395 1725 attinet
431 1693 830 1734 commemorare,
858 1693 949 1726 nec
974 1677 1166 1726 libellos
1191 1676 1604 1741 phraseologicOS,
1631 1684 1715 1726 aut
1739 1677 2068 1726 imitationum

223 1756 485 1820 puerilium
528 1757 718 1806 libros.¹
792 1757 998 1823 Belgica
1039 1775 1205 1807 versus
1242 1766 1319 1807 est
1358 1774 1385 1806 a
1427 1759 1507 1808 J0.
1553 1758 1790 1818 Hilaride‚
1830 1757 2067 1807 Roterod.

230 1836 373 1889 1688.
419 1846 496 1889 12.
555 1838 743 1887 Gallice
782 1855 813 1887 a
855 1838 1102 1888 Bernardo
1141 1840 1373 1899 Girard0‚
1417 1839 1569 1888 Paris.
1609 1837 1755 1889 1568.
1782 1847 1831 1889 4.
1858 1841 1924 1889 ab
1949 1841 2066 1888 Ant.

223 1919 416 1977 Pineto,
461 1935 607 1983 quem
649 1934 779 1982 saepe
818 1935 848 1966 a
890 1936 1006 1968 vero
1046 1937 1191 1969 sensu
1234 1920 1484 1970 aberrasse
1509 1928 1645 1969 notat
1674 1920 1975 1970 Colomesius
1999 1921 2063 1969 ad

224 1999 430 2064 Gyrald.
450 2015 499 2064 p.
525 2004 642 2050 202.
663 1998 728 2047 ab
754 2001 870 2048 Ant.
892 2000 935 2048 ie
954 2001 1097 2057 Gras,
1118 2000 1273 2049 Paris,
1301 2009 1442 2059 1729.
1474 2009 1552 2051 12.
1580 2017 1691 2065 quae
1714 2017 1879 2065 parum
1906 2000 2067 2049 fidelis

221 2096 329 2128 esse
356 2079 614 2143 judicatur
638 2079 701 2127 ab
725 2079 843 2144 ipsis
869 2080 1042 2129 Gallis.
1081 2081 1242 2130 Vitam
1268 2082 1422 2130 Attici
1445 2083 1586 2130 vertit
1610 2083 1690 2132 J0.
1719 2083 1891 2132 Franc.
1920 2084 2060 2132 Sara-

222 2161 356 2210 sinus
381 2160 430 2209 in
455 2161 740 2226 Opuscnlis,
765 2162 920 2212 Paris.
952 2160 1096 2211 1656.
1143 2159 1286 2213 1658.
1332 2171 1380 2213 8.
1449 2164 1544 2213 Hic
1569 2173 1645 2213 est
1671 2164 1940 2224 Sarasinus‚
1982 2165 2066 2230 qui

223 2241 317 2290 sub
341 2242 492 2291 Attici
516 2242 927 2292 secundinomine
952 2243 1142 2308 scripsit
1167 2243 1343 2293 bellum
1368 2246 1706 2304 Parasiticum,
1737 2246 1835 2294 sive
1858 2245 2064 2295 Satiram

222 2325 270 2374 in
297 2325 428 2373 Petr.
456 2325 802 2376 Monmorium.
857 2325 1072 2392 Anglice
1112 2343 1140 2375 a
1179 2327 1401 2392 pluribus
1434 2344 1599 2376 versus
1624 2335 1699 2377 est
1725 2329 1887 2376 Oxou.
1920 2325 2063 2377 1684.

225 2412 273 2456 8.
342 2406 505 2455 Vitam
530 2407 794 2472 Iphicratis
814 2409 956 2457 vertit
983 2409 1136 2458 Andr.
1162 2409 1338 2466 Atiam,
1366 2417 1487 2457 teste
1506 2409 1663 2457 Wood
1690 2408 1871 2457 Athen.
1899 2408 2062 2456 Oxou.

219 2488 284 2536 T.
312 2501 376 2537 11.
404 2504 456 2552 p.
482 2493 597 2547 595.
668 2488 888 2537 Atticum
926 2489 1108 2538 Matth.
1144 2489 1288 2538 Hale.
1323 2489 1484 2536 Totus
1508 2488 1682 2552 Nepos
1707 2504 1736 2535 a
1761 2490 1842 2537 J⁰.
1870 2487 2062 2545 Clarke,

220 2566 400 2616 additis
420 2567 548 2615 notis
570 2574 620 2615 et
643 2567 819 2626 indice,
856 2568 1029 2617 Lond.·
1049 2567 1193 2625 1726.
1230 2574 1372 2624 1732.
1448 2567 1622 2616 Italice
1647 2567 1789 2616 vertit
1814 2567 2063 2631 Remigius

222 2647 466 2696 Narninus
490 2647 704 2697 Florent.
743 2650 916 2698 Venet.
942 2655 1085 2698 1550.
1107 2657 1152 2699 8.
1193 2649 1352 2698 Etiam
1375 2649 1555 2698 Veron.
1582 2655 1726 2705 1732.
1752 2655 1801 2697 4.
1828 2663 1923 2696 una
1947 2663 2062 2696 cum

222 2728 445 2778 versione
470 2729 674 2779 Catonis
713 2737 763 2778 et
803 2730 956 2779 Attici
997 2747 1027 2779 a
1066 2731 1270 2794 Dionys.
1310 2730 1607 2778 Ramazzino
1650 2728 1797 2778 facta.
1839 2729 1900 2776 V.
1946 2730 2059 2776 Act.

220 2809 371 2859 Erud.
398 2825 511 2859 nov.
551 2810 711 2875 suppl.
757 2827 808 2876 p.
848 2818 963 2861 248.
1017 2811 1342 2875 Hispanicum
1378 2819 1427 2859 et
1466 2809 1756 2872 Polonisam
1795 2808 2061 2857 versionem

219 2899 458 2941 memorat
497 2892 560 2941 D.
596 2894 662 2942 G.
706 2893 943 2941 Mollerus
982 2892 1028 2940 in
1073 2893 1202 2940 Diss.
1240 2891 1302 2940 de
1345 2892 1555 2956 Nepote,
1580 2896 1618 2952 ξ.
1655 2899 1728 2949 19.
1769 2891 2062 2956 Hungaricc

219 2973 366 3022 vertit
404 2975 585 3038 Georg.
624 2974 811 3039 Ballog.
855 2976 912 3023 V.
956 2975 1270 3039 Czwittinger
1307 2973 1354 3021 in
1394 2974 1556 3037 Hung.
1605 2972 1726 3021 liter.
1766 2989 1816 3037 p.
1855 2978 1936 3030 29.
1975 2971 2059 3034 qui

218 3053 494 3117 Sempronii
534 3053 714 3103 editam
756 3055 879 3103 hanc
917 3055 1184 3103 versionem
1219 3053 1383 3104 tradit.
1456 3055 1652 3103 Danice
1686 3053 1946 3116 interprete
1971 3053 2050 3099 J0.

219 3132 463 3196 Dabergio
488 3133 665 3197 prodiit
690 3134 839 3184 Hafn.
875 3132 1018 3192 1669.
1047 3142 1091 3184 8.

1054 3256 1092 3295 N
1101 3255 1230 3297 OTAE

272 3337 286 3359 ¹
320 3333 420 3377 Non
440 3338 508 3374 est
528 3333 832 3385 praetereunda
852 3339 996 3374 tamen
1017 3346 1107 3373 ver-
1172 3334 1364 3386 ejusdem
1397 3338 1611 3375 annotatt.
1631 3346 1728 3387 quae
1749 3331 1911 3387 prodiit
1930 3331 2059 3375 Fran-

219 3396 282 3438 oio
324 3397 568 3448 novissima,
613 3397 771 3438 ceteris
818 3397 1103 3448 praestantior,
1162 3397 1255 3442 ‚coti
1274 3398 1327 3439 ad
1348 3398 1410 3439 M.
1431 3401 1548 3438 1783.
1568 3401 1606 3438 8.

219 3465 387 3501 anctore
436 3461 537 3501 clav.
606 3458 962 3512 nen-guraessero,
1007 3474 1102 3501 cum
