2306 3900
344 240 458 294 622

346 375 499 426 vulgus
517 374 625 414 duro
654 372 836 425 imperio
866 372 1061 415 habitum
1078 373 1240 426 probra

348 451 400 478 ac
421 437 601 478 verbera
626 436 898 478 intentabat:
928 444 975 478 et
993 442 1118 478 erant
1137 449 1240 479 con-

349 508 431 554 tra,
449 501 523 554 qui
543 505 709 542 tantam
735 500 921 542 fortunae
939 501 1240 543 commutatio·

347 577 447 605 nem
477 564 814 606 miserarentur-⁹
867 565 938 607 Ad
967 566 1084 621 prius
1106 578 1241 607 mem-

347 627 471 668 brum
487 627 630 668 Taciti
659 628 959 670 illustrandum
985 634 1158 683 spectat
1175 631 1237 671 lo·

723 253 904 293 No'rAE
947 251 1284 294 VARIORUM
1326 253 1393 294 IN
1436 255 1488 293 0.
1526 254 1796 295 NEPOTIS

1296 373 1379 415 hoc
1395 377 1527 428 pacto
1547 372 1747 414 undecim
1765 378 1909 415 essent
1926 378 1972 415 et
1990 375 2189 418 diceren-

1298 441 1384 479 tur.
1439 438 1576 478 Plura
1608 437 1664 479 de
1694 449 1760 479 xr.
1781 438 1897 478 Viris
1917 437 2073 480 doctus
2092 440 2186 494 qui-

1297 500 1397 541 dam
1415 499 1584 542 Auctor
1609 501 1755 554 magni
1784 501 1900 554 apud
1931 501 2084 543 Gallos
2109 514 2190 544 no-

1295 565 1438 617 minis,
1467 565 1514 606 in
1540 566 1704 617 libello,
1725 577 1854 619 quem
1875 564 1931 606 de
1951 563 2189 606 Athenien·

1297 628 1406 669 sium
1425 628 1754 682 Magistratibus
1786 627 2062 682 conscripsit.
2093 629 2189 671 Ma·

347 704 424 733 cus
451 692 579 733 Diod.
595 693 669 734 lib.
689 704 824 735 xvnr.
848 693 901 734 Τὸ
914 693 993 747 γὰρ
1011 694 1054 735 ἐν
1068 695 1155 735 ταῖς
1173 693 1236 735 εὖ·
1293 693 1400 746 gius.

346 755 503 807 τυχίαις
524 755 769 807 σιωπώμενον
792 759 922 809 μῖσος,
942 757 1037 798 ὅταν
1055 758 1100 798 ἐκ
1115 773 1237 809 μετα-

347 822 472 869 βολῆς
489 821 635 873 ἑκραγῆ
662 822 749 862 ταῖς
777 819 925 874 ὀρνγοιῖς,
963 822 1239 874 ἀποθηριοῦται

347 883 440 936 πρὸς
456 883 549 925 τοὺς
574 881 841 935 μισουμένους.
895 886 969 926 De
997 884 1092 926 fato
1123 885 1238 926 Pho-

350 947 486 990 cionis
523 949 671 989 Valer.
710 948 784 989 lib.
817 959 862 989 v.
892 951 936 988 3.
973 949 1156 990 Extern.
1194 951 1237 989 3.

351 1012 553 1052 Gebhard.

403 1075 605 1127 Adversus
630 1075 767 1128 populi
800 1075 1019 1128 comenda]
1071 1075 1144 1117 Ita
1187 1075 1238 1117 τὸ

348 1141 458 1194 κοινῇ
474 1137 673 1194 συμφέρον
700 1141 746 1182 in
772 1131 1023 1183 Deiecerat.
1042 1146 1238 1183 vocatur.

348 1205 527 1247 Boecler.

407 1269 498 1314 Qua
515 1270 563 1309 de
587 1282 632 1309 re
663 1281 714 1310 ne
737 1269 968 1322 perorandi]
1009 1269 1239 1314 Quomodo

347 1333 558 1386 plerique,
576 1334 822 1386 praesertim
848 1334 966 1386 boni,
998 1340 1238 1387 praeposte-

349 1408 444 1436 rum
463 1396 570 1436 illud
589 1397 739 1449 populi
760 1396 970 1449 judicium
998 1397 1196 1448 tulerint,
1213 1409 1239 1438 e

349 1461 541 1502 Diodoro
574 1461 811 1513 petendum
839 1466 920 1502 est.
987 1462 1055 1501 Ex
1086 1461 1239 1502 eodem

349 1526 753 1578 constat,'proditos
786 1526 1072 1569 Athenienses
1102 1527 1241 1570 fuisse

347 1599 376 1628 a
395 1589 758 1641 Polyperchonte.
789 1590 930 1631 Ernst.

402 1652 615 1704 Legitimis
639 1643 868 1704 quibusdam
893 1653 1099 1705 confectis]
1126 1655 1238 1698 Quae

348 1718 450 1770 lege
487 1715 542 1757 ad
575 1715 862 1758 accusandum
898 1722 946 1758 et
982 1717 1240 1759 audiendum

351 1791 489 1831 reum,
507 1792 587 1821 nec
606 1792 692 1821 non
721 1780 930 1834 reliquum
954 1781 1109 1834 judicii
1128 1782 1242 1823 ordi-

347 1855 449 1883 nem
481 1848 580 1883 sunt
598 1843 849 1886 constituta.
902 1844 1056 1886 Cicero
1077 1845 1132 1886 ad
1151 1844 1242 1886 An·

351 1907 540 1948 ionium:
586 1907 737 1948 ‘Cedo
771 1908 850 1948 illa
891 1909 1102 1962 legitima,
1142 1921 1243 1962 quae

348 1972 557 2012 Consules
590 1972 794 2024 populum
819 1972 922 2025 jure
952 1972 1243 2027 rogaverunt?

351 2035 555 2075 Gebhard.

361 2121 366 2124 -
407 2099 596 2140 Traditus
611 2103 670 2140 est
685 2100 982 2153 undecimviris]
1010 2093 1243 2145 Undecim-

351 2164 446 2215 viri,
480 2165 533 2205 de
565 2165 721 2218 quibus
748 2166 821 2206 hic
835 2166 1022 2217 Probus,
1041 2178 1147 2219 quos
1164 2166 1243 2209 Ju-

351 2229 434 2268 lius
454 2229 614 2269 Pollux
632 2227 725 2270 τοὺς
742 2226 880 2270 ἕνδεκα
898 2230 984 2270 dici
1008 2230 1155 2271 solitos
1175 2241 1241 2270 ar-

351 2292 462 2343 guit,
489 2304 683 2344 quosque
711 2293 842 2332 etiam
871 2291 1147 2345 νομοφύλακας
1175 2298 1243 2334 at-

353 2368 438 2407 que
485 2354 678 2408 ἐπάρχους
733 2356 882 2397 Graeci
929 2357 1235 2409 appellabant3

353 2420 610 2460 Triumviris
647 2418 939 2461 Romanorum
983 2421 1243 2474 capitalibus

355 2489 479 2524 erant
511 2495 596 2524 non
633 2484 862 2536 absimiles,
893 2489 943 2525 ut
978 2484 1164 2526 Budaeus
1197 2485 1242 2526 in

352 2551 518 2600 poster.
538 2553 684 2588 annot.
703 2547 759 2588 ad
788 2546 833 2589 ff.
853 2547 1127 2589 observatum
1147 2549 1243 2590 reli-

355 2610 466 2662 quit.
535 2611 707 2657 Horum
736 2616 833 2653 erat
863 2611 1054 2653 officium
1090 2611 1160 2667 (ut
1186 2623 1244 2653 ex

352 2674 520 2726 multis,
539 2687 633 2728 quae
653 2674 757 2727 legi,
775 2687 916 2727 pauca
945 2673 1144 2727 afferam)
1168 2675 1243 2717 de-

351 2738 597 2791 linquentes
647 2737 996 2792 facinorososque
1048 2740 1243 2781 homines

353 2803 735 2855 comprehendere,
773 2804 817 2844 in
855 2815 1076 2844 carcerem
1110 2804 1244 2857 conji-

355 2877 475 2916 cere,
496 2871 542 2906 et
571 2866 728 2919 capitis
747 2865 970 2908 damnatos
1000 2867 1055 2907 ad
1083 2868 1244 2921 snppli-

354 2929 469 2969 cium
484 2929 658 2972 ducere.
686 2931 867 2982 Magius.
925 2932 1044 2984 Lege
1060 2933 1244 2973 Demos-

355 2992 532 3033 thenem
566 2992 667 3034 κατὰ
696 3000 852 3047 Τιμοκρ.
885 2999 930 3035 et
950 2994 1054 3035 κατὰ
1070 2996 1244 3048 Ἀριστο-

353 3055 544 3106 Ύείτονος.
600 3057 830 3098 Platonem
850 3057 896 3098 in
916 3059 1154 3111 Phaedone,
1184 3058 1244 3100 A-

353 3121 591 3161 ristotelem
607 3121 682 3162 lib.
702 3133 768 3162 vr.
789 3134 886 3175 cap.
906 3122 1075 3175 ultimo,
1096 3123 1151 3164 de
1167 3135 1245 3176 op-

357 3184 462 3224 tima
493 3183 846 3226 administrandae
879 3185 1063 3239 reipubl.
1092 3185 1246 3239 forma,

356 3252 404 3285 et
440 3248 557 3289 alios.
611 3249 724 3290 Sane
761 3255 967 3303 quantum
1003 3251 1057 3291 ad
1091 3251 1244 3292 horum

357 3310 616 3353 electionem
664 3314 839 3365 attinet,
884 3311 1150 3367 Decemviri,
1195 3319 1246 3355 ut

356 3371 516 3413 Pollux
534 3376 611 3427 ait,
627 3377 802 3430 singuli,
817 3390 843 3418 a
855 3377 1033 3430 singulis
1048 3377 1246 3419 tribubus

355 3437 553 3488 cooptari
571 3440 796 3489 solebant;
826 3450 1000 3494 quornm
1021 3453 1245 3483 numerum

356 3498 545 3552 augebat
562 3501 822 3553 γραμματεὺς,
851 3503 895 3543 id
915 3510 997 3557 est,
1023 3504 1166 3557 scriba,
1199 3509 1247 3544 nt

1351 757 1634 811 Enqilzyletus]
1665 758 1835 811 Lapsns
1855 757 2014 799 iterum
2031 757 2103 800 bie
2121 757 2190 799 Ε-

1298 819 1456 871 milius,
1488 821 1604 874 qnod
1640 821 1780 861 minus
1809 821 1978 862 curiose
2009 821 2190 863 Graecos

1298 881 1471 923 codices
1502 883 1746 936 inspexerit
1764 884 2059 938 verteritque3
2089 896 2188 926 nam

1298 951 1348 987 ut
1365 959 1419 987 ex
1447 946 1641 989 Aristide
1661 948 1809 989 videre
1840 950 1962 1002 licet,
1981 951 2191 1004 scriptum

1298 1009 1386 1052 fnit
1403 1011 1448 1052 in
1467 1012 1636 1054 Graecis
1650 1013 1899 1055 auctoribus
1918 1013 2106 1067 ἐμφύλιος
2116 1031 2193 1070 τις,

1298 1074 1346 1116 id
1365 1080 1448 1128 est,
1461 1088 1514 1116 ex
1525 1088 1596 1118 sua
1613 1077 1722 1118 tribu
1734 1077 1879 1130 aliquis
1889 1091 1907 1127 ‚·
1935 1079 2006 1120 vel
2022 1079 2195 1134 tribulis,

1300 1141 1351 1178 ut
1371 1149 1470 1178 cum
1488 1138 1702 1181 Cicerone
1721 1140 1997 1194 interpreter.
2023 1142 2191 1196 Lemel-

1299 1202 1546 1244 Tentabam
1580 1204 1800 1258 equidem,
1834 1205 2081 1248 audendum
2125 1213 2196 1250 est

1301 1266 1431 1320 enim,
1467 1268 1668 1321 Euippnm
1702 1280 1931 1323 reponere,
1968 1270 2195 1314 Plutarchi

1303 1331 1580 1382 auctoritate,
1599 1333 1672 1387 qui
1699 1346 1783 1375 non
1813 1334 2023 1376 dissimile
2055 1334 2196 1378 refert

1300 1393 1346 1434 in
1365 1395 1571 1447 apophth.
1593 1401 1640 1436 et
1658 1396 1746 1437 vita
1772 1397 2020 1449 Phocionis,
2050 1398 2130 1440 sed
2148 1399 2192 1441 in

1301 1469 1388 1510 qua
1423 1458 1577 1500 vitiose
1606 1458 1825 1502 Θούδιππος
1859 1461 2047 1503 cuditur.
2103 1462 2193 1504 Hic

1302 1520 1417 1560 enim
1433 1533 1518 1562 una
1533 1522 1690 1575 capitis
1706 1522 1953 1575 damnatus,
1973 1536 2071 1566 cum
2090 1536 2194 1579 que·

1303 1582 1529 1636 ritaretur,
1549 1585 1701 1626 attrita
1718 1586 1863 1627 cicuta
1880 1587 2042 1640 injuste
2071 1600 2119 1630 se
2138 1589 2195 1630 ad

1302 1651 1487 1688 mortem
1505 1647 1640 1701 adigi,
1658 1648 1728 1689 οὐκ
1743 1650 1919 1704 ἀγαπᾷς,
1934 1649 2057 1703 εἶπεν,
2069 1650 2100 1692 ὃ
2123 1653 2199 1693 Eff-

1302 1725 1411 1763 ιππι,
1419 1710 1730 1762 pereffluis-vos
1739 1712 2048 1766 ἀποθανούμενος
2062 1729 2077 1766 ;
2106 1729 2196 1757 eum

1304 1776 1503 1817 Phocione
1538 1777 1640 1818 mori
1673 1777 1902 1820 detrectas?
1964 1778 2125 1822 Refert
2150 1786 2198 1822 et

1305 1839 1495 1882 AElianus
1524 1841 1600 1884 lib.
1629 1853 1735 1883 xm.
1754 1845 1827 1884 41.
1867 1843 2026 1885 Sabou.
2080 1843 2196 1886 Item

1303 1901 1475 1944 Seneca
1527 1906 1818 1947 consolatione
1875 1907 1931 1948 ad
1992 1907 2197 1950 Helviam

1305 1978 1402 2018 cap.
1433 1969 1499 2007 13.
1533 1968 1611 2008 sed
1643 1968 1725 2010 sub
1756 1981 1939 2022 persona
1970 1969 2199 2024 Aristidis,

1306 2042 1433 2084 quem
1452 2032 1642 2073 correxit
1659 2033 1821 2075 ibidem
1839 2033 1992 2076 ,Iustus
2011 2034 2198 2088 Lipsius.

1360 2094 1448 2135 Iud.
1480 2107 1592 2148 perp.
1611 2096 1810 2149 Phocion]
1848 2098 1985 2150 Cujus
2010 2103 2058 2140 et
2089 2108 2200 2152 prae·

1306 2157 1471 2201 clarum
1497 2159 1581 2200 hoc
1607 2160 1791 2213 dictum,
1813 2161 1826 2184 ‘
1844 2167 2057 2214 praestare
2083 2162 2198 2216 inju-

1305 2223 1413 2264 riam
1431 2222 1548 2265 ferre
1580 2237 1704 2278 quam
1726 2223 1891 2266 inferre
1905 2224 1935 2266 ι’
1964 2227 1976 2248 ‘
1993 2226 2199 2280 accipere

1306 2286 1507 2327 damnum
1552 2289 1705 2329 melius
1743 2301 1841 2330 esse
1889 2302 2022 2343 quam
2058 2290 2197 2332 dar-e!

1305 2349 1529 2393 Plutarch.
1547 2350 1591 2391 in
1612 2351 1704 2404 ejus
1725 2351 1829 2393 vita.
1866 2353 1977 2396 Quae
1994 2353 2131 2405 γνώμη
2150 2360 2199 2396 et

1307 2412 1448 2454 Cicer.
1465 2414 1705 2455 Tusculana
1723 2427 1768 2456 v.
1795 2415 1808 2439 ⁴
1829 2413 2055 2472 Accipere!
2068 2431 2198 2472 quam

1304 2475 1448 2518 facere
1465 2483 1646 2532 praestat
1662 2478 1883 2531 injuriam'
1903 2480 2082 2533 legitur:
2128 2483 2198 2523 Fi-

1305 2541 1365 2582 lio
1386 2547 1530 2583 tamen
1550 2542 1783 2583 Phocionis
1814 2553 1899 2583 non
1930 2543 2105 2596 parenti
2125 2545 2198 2586 ad·

1306 2605 1457 2646 scribit
1468 2605 1623 2647 AElian.
1636 2606 1742 2647 Var.
1756 2605 1874 2648 Hist.
1887 2618 1939 2648 u.
1951 2611 2018 2649 12.
2039 2608 2199 2651 Sabate.

1360 2670 1484 2712 Himc
1500 2671 1603 2712 enim
1620 2671 1773 2712 exitum
1798 2671 1977 2725 plerique
2001 2673 2199 2715 clav-iniri

1305 2735 1522 2777 habuerunt
1540 2736 1820 2789 Athenienses]
1864 2737 2067 2780 Quorum
2079 2743 2199 2779 ceta-

1307 2799 1454 2851 logum
1471 2799 1666 2841 contexit
1691 2799 1912 2842 Lucienus·
1933 2801 1979 2841 in
2009 2801 2200 2855 dialogo,

1307 2863 1374 2902 De
1409 2874 1495 2903 non
1526 2867 1692 2903 temere
1719 2862 1940 2905 credendo
1957 2864 2200 2906 calnuinioe.

1306 2925 1433 2967 Idem
1462 2926 1658 2967 meminit
1691 2926 1843 2966 mortis
1881 2926 2117 2968 Phocionis
2154 2927 2198 2967 in

1307 2990 1420 3033 Jove
1449 2989 1701 3033 confutato.
1761 2989 1891 3031 Adde
1926 2990 2056 3033 Dion.
2087 2991 2199 3032 Prn-

1307 3067 1441 3096 saeum
1462 3054 1592 3095 Orat.
1612 3057 1682 3096 ⁷3.
2003 3081 2006 3084 ·

1367 3119 1423 3159 Ut
1438 3131 1548 3160 nemo
1566 3130 1684 3159 ausus
1700 3119 1756 3160 sie
1784 3131 1873 3160 eum
1901 3119 1999 3161 liber
2016 3117 2198 3171 sepelire]

1309 3181 1425 3226 Quia
1453 3182 1550 3235 lege
1580 3179 1736 3222 Attica
1763 3193 1849 3222 non
1877 3180 2198 3222 concedebatur

1307 3245 1568 3299 proditionis
1619 3244 1847 3287 damnatos
1904 3243 2106 3296 sepelire,
2152 3244 2197 3283 in

1306 3309 1596 3352 Themistocle
1626 3309 1671 3349 in
1702 3308 1817 3350 fine:
1847 3312 2008 3361 proeter
2030 3305 2196 3347 Diodo-

1307 3386 1402 3416 rum
1422 3380 1468 3416 et
1479 3375 1775 3426 Plutarchum,
1788 3371 1987 3414 Valerius
2005 3370 2078 3412 lib.
2095 3381 2138 3413 v.
2154 3374 2196 3412 3.

1306 3439 1319 3462 ‘
1340 3439 1532 3480 Phocion
1562 3442 1730 3480 tantum
1763 3448 1848 3477 non
1882 3435 1926 3475 in
1957 3435 2108 3476 eculeo
2138 3434 2196 3475 ab

1308 3500 1641 3544 Atheniensibus
1685 3499 1916 3554 impositus
1962 3505 2029 3541 est
2047 3515 2060 3551 ;
2116 3498 2193 3539 sed
