2306 3900
257 271 366 329 628

539 665 829 754 ,xxn

310 834 421 875 CAP.
450 837 487 875 1.
523 832 588 874 Hi
604 833 697 883 sere
713 833 902 887 fuerunt]
934 834 1050 874 Vitae
1067 833 1138 874 'ri-

254 897 478 938 moleontis
516 897 561 938 in
592 898 678 938 Ms.
713 898 860 939 statim
892 898 976 938 ista
1001 896 1140 937 conti-

253 966 455 1012 nuantur,
492 959 606 1001 sicut
632 965 679 1000 et
709 973 765 1001 ex
796 959 890 1000 aliis
915 958 1138 1000 codicibus

252 1036 339 1064 non
357 1036 443 1064 una
469 1023 606 1064 editio
623 1023 853 1075 expressit.
901 1023 1036 1062 Boecl.

309 1087 483 1126 Groeciae
497 1085 648 1138 gentis]
686 1086 860 1127 Dictum
871 1092 920 1126 ut
937 1086 949 1108 ‘
965 1085 1139 1127 Graecia

251 1148 428 1189 civitas’
456 1161 589 1201 supra
605 1150 648 1189 in
669 1148 902 1191 Alcibiad.
930 1148 943 1171 ‘
964 1148 1139 1189 Graecia

255 1211 397 1251 terra'
411 1229 421 1235 κ
435 1210 579 1252 Gellio
598 1223 680 1254 vu.
699 1217 739 1252 6.
785 1217 797 1234 ‘
819 1217 936 1252 terra
963 1210 1137 1251 Sicilia'

252 1278 393 1318 eidem
423 1290 493 1319 111.
512 1281 552 1319 7.
580 1283 627 1318 et
653 1278 771 1329 alibi,
797 1278 811 1300 ‘
832 1282 950 1317 terra
978 1276 1137 1327 Italia,’

251 1341 262 1363 ‘
283 1339 496 1392 Hispania
510 1339 538 1390 ς’
556 1339 611 1380 de
626 1339 780 1393 quibus
794 1339 972 1379 Vossius
992 1338 1069 1379 lib.
1083 1338 1138 1378 de

238 1404 499 1444 -Construct.
537 1415 632 1455 cap.
662 1405 704 1442 2.
775 1402 876 1442 Fuit
913 1406 1056 1441 tamen
1093 1401 1136 1440 in

249 1467 360 1507 Msc.
377 1466 590 1517 Boecleri,
612 1466 769 1505 Groecoe
783 1464 931 1515 gentis.
972 1464 1137 1504 Rosius.

249 1529 355 1568 Mox
375 1528 610 1568 videbantur
627 1532 673 1568 et
691 1528 893 1568 voluimus.

304 1591 464 1630 Praeter
477 1589 611 1641 reges]
630 1590 803 1642 Nempe
817 1589 1022 1642 maiorum
1038 1600 1138 1641 gen-

251 1653 373 1695 tium.
422 1653 624 1693 Ernstius.

301 1717 483 1768 Namque
517 1728 582 1756 eos
625 1714 844 1766 attingere]
904 1712 1135 1764 Adjungere

245 1780 410 1820 habent
446 1785 606 1820 nostrae
647 1778 948 1826 membranae„
978 1777 1134 1817 Schott.

246 1843 358 1883 Vitis
386 1843 597 1884 nimirum,
611 1842 798 1884 Graeciae
827 1840 1133 1882 excellentium

245 1907 581 1958 Imperatorum.
638 1907 816 1957 Nescio,
842 1918 896 1946 an
916 1904 1013 1945 ideo
1042 1904 1132 1945 vul-

245 1975 346 2022 gata
366 1971 496 2011 lectio
514 1970 677 2011 moveri
691 1970 862 2010 debeat.
902 1968 1104 2009 Gebhard.

297 2033 547 2086 Separatim]
591 2033 690 2074 Alio
718 2033 847 2086 libro,
866 2033 940 2086 qui
966 2033 1132 2083 Regum

244 2096 355 2137 vitas
390 2097 660 2138 continebat.
732 2097 814 2137 Ille
845 2102 989 2136 autem
1021 2094 1133 2135 liber

243 2172 328 2199 non
356 2165 522 2201 exstat.
563 2160 744 2201 Lambin.
820 2160 959 2202 Quem
986 2164 1131 2199 tamen

244 2235 461 2274 exarasse,
479 2230 730 2275 argumento
757 2223 850 2264 liaec
870 2228 1013 2274 erunt,
1032 2235 1130 2275 quae

243 2285 527 2325 Timoleontis
559 2286 661 2326 vitae
691 2286 865 2327 subdit:
906 2285 919 2308 ‘
943 2285 1003 2325 Hi
1035 2282 1129 2325 fere

244 2346 366 2386 fuere
393 2347 578 2387 Graeciae
605 2347 746 2399 gentis
771 2347 919 2399 duces,
949 2344 1022 2399 qui
1042 2358 1129 2386 me-

244 2409 378 2448 moria
395 2408 514 2460 digni
527 2409 801 2461 videbantur,
814 2415 977 2462 praeter
990 2420 1129 2461 reges.

245 2471 445 2524 Namque
465 2483 538 2512 eos
557 2473 772 2525 attingere
790 2474 1002 2524 nolumus,
1015 2471 1129 2526 qnod

243 2535 431 2574 omnium
470 2546 538 2574 res
582 2541 718 2588 gestae
759 2538 992 2589 separatim
1029 2541 1130 2577 sunt

243 2597 423 2646 relatae;
470 2608 610 2651 neque
650 2603 790 2639 tamen
825 2599 867 2639 hi
901 2598 1129 2640 admodum

242 2664 342 2700 sunt
358 2659 510 2701 multi!
554 2660 724 2701 Vossius.

296 2723 613 2763 Lacedaemonius
645 2729 791 2776 autem,
823 2726 912 2778 ὅπη]
971 2725 1129 2777 Ultraj.

245 2785 577 2826 Lacedaemoniis:
607 2787 663 2827 de
690 2788 771 2828 hoc
800 2799 929 2840 supra
960 2788 1127 2841 Nepos.

243 2849 423 2888 Numer.
446 2851 513 2889 17.
550 2854 595 2889 et
625 2850 882 2890 Plutarchus
911 2862 961 2891 ac
982 2849 1128 2891 Xeno·

243 2910 358 2961 phou
378 2911 565 2962 copiose.
594 2911 793 2952 Schottus.

298 2973 484 3024 Nomine,
520 2986 595 3014 non
629 2976 840 3028 potestate]
890 2975 1039 3029 Nepos
1082 2976 1128 3017 in

243 3035 447 3088 Agesilao
462 3035 515 3076 :.‘
533 3036 630 3076 Mos
646 3042 711 3076 est
725 3038 838 3078 enim
854 3051 879 3078 a
895 3039 1126 3090 majoribus

242 3099 445 3151 traditus,
482 3104 530 3139 ut
565 3098 674 3140 duos
710 3099 919 3140 haberent
957 3113 1127 3153 semper

242 3162 404 3214 Reges,
420 3162 591 3202 nomine
607 3162 759 3215 magis,
777 3175 904 3215 quam
921 3162 1127 3215 imperio:

245 3223 343 3264 Duo
386 3226 448 3265 illi
491 3227 633 3278 Reges
681 3226 806 3266 simul
852 3226 1126 3267 creabantur.

242 3285 409 3325 Auctor
432 3288 689 3340 Panegyrici
705 3288 760 3329 ad
786 3289 1123 3329 Maximianum:

240 3347 339 3386 ‘Sic
374 3346 439 3394 fit,
470 3354 519 3388 ut
553 3355 719 3390 tantum
753 3350 873 3391 vobis
899 3351 1125 3404 imperium

243 3421 465 3450 commune
493 3411 562 3456 sit,
583 3417 628 3452 et
653 3413 795 3464 plane,
813 3420 863 3454 ut
886 3415 1044 3466 gemini
1064 3415 1125 3455 illi

244 3473 384 3525 Reges
400 3473 707 3521 Lacedaemone
725 3477 987 3529 Heraclidae,
999 3479 1124 3519 Rem-

646 283 820 322 NOTAE
860 280 1195 320 VARmRUM
1239 281 1304 319 IN
1346 282 1396 319 C.
1436 281 1698 320 NEPOTIS

935 665 1076 759 DE
1160 663 1715 728 REGIBUs

1203 831 1418 883 publicam
1445 832 1539 885 pari
1559 839 1675 874 sorte
1692 834 1889 875 teneatis.
1943 834 2087 877 Quan-

1204 906 1330 947 quam
1362 893 1443 935 hoc
1469 907 1544 935 vos
1581 895 1780 936 meliores
1811 902 1859 937 et
1879 897 2086 948 justiores

1203 970 1330 1011 quam
1364 957 1460 998 illos
1486 964 1625 999 mater
1660 957 1770 999 Astu
1797 958 1957 1012 coegit,
1986 971 2086 1001 cum

1201 1019 1359 1061 nemini
1377 1019 1605 1073 fateretur,
1632 1033 1759 1075 quem
1787 1021 1907 1074 prius
1925 1020 2086 1062 edidis-

1202 1089 1270 1124 set
1296 1084 1339 1124 in
1357 1084 1515 1136 lucem,
1533 1085 1628 1137 pari
1655 1083 1798 1125 aetatis
1825 1082 2085 1125 anctoritate

1201 1157 1411 1198 regnare:
1467 1147 1550 1187 hoc
1596 1159 1675 1188 vos
1718 1152 1871 1200 sponte
1914 1145 2086 1188 facitis!

1199 1209 1369 1262 Lipsius.
1436 1209 1524 1251 Sed
1569 1210 1805 1252 notandum
1849 1210 2084 1263 improprie

1200 1271 1339 1312 dictos
1367 1271 1500 1313 fuisse
1528 1273 1686 1323 Reges.
1741 1272 1976 1325 Dionysius
1994 1270 2085 1312 Ha-

1199 1334 1546 1376 licarnassensis:
1565 1333 1680 1384 ,Οὐδὲ
1696 1334 1775 1388 γὰρ
1800 1334 1837 1375 οἱ
1852 1333 2085 1384 Λακεδαιμό-

1199 1413 1270 1438 νιοι
1291 1397 1568 1452 αὐτοκράτορες
1593 1398 1706 1447 ἦσαν.
1762 1401 1877 1441 Nam
1898 1400 2083 1453 αὐτοκρα-

1196 1461 1266 1510 τὴς
1297 1461 1497 1514 βασιλεία,
1525 1474 1612 1503 non
1647 1467 1743 1503 erat
1775 1463 2082 1516 Spartanorum

1197 1525 1380 1577 Regum,
1404 1525 1478 1566 sed
1498 1537 1640 1566 merus
1671 1530 1838 1566 tantum
1867 1526 2082 1579 principa-

1196 1593 1282 1628 tus.
1325 1589 1525 1631 Keuchen.
2007 1582 2011 1585 ³

1253 1650 1336 1696 Qui
1376 1652 1618 1692 dominatum
1659 1652 1824 1705 imperio
1853 1653 2082 1706 tenuerunt]

1195 1711 1343 1752 Proba
1359 1712 1506 1765 lectio,
1517 1725 1656 1766 neque
1676 1715 1979 1766 pervertenda.
2007 1716 2081 1756 In-

1195 1774 1354 1827 telligit
1381 1774 1493 1815 enim
1525 1788 1616 1827 eos,
1645 1777 1717 1829 qui
1741 1776 1953 1822 ,dominati
1981 1783 2081 1819 sunt

1195 1838 1242 1878 in·
1269 1838 1465 1891 volentes
1501 1839 1714 1891 nolentes,
1743 1852 1884 1894 neque
1913 1841 2080 1893 legibus

1195 1901 1349 1942 alienis
1369 1912 1415 1942 se
1441 1901 1673 1954 constringi
1706 1903 1821 1955 passi
1839 1909 1952 1945 sunt.
2008 1904 2080 1944 In-

1193 1965 1457 2017 terpolatum
1472 1964 1633 2006 dudum
1651 1964 1820 2007 fuerat:
1854 1967 1935 2014 Qui
1957 1968 2082 2008 domi-

1193 2031 1277 2068 tum
1289 2027 1434 2068 Orbem
1447 2028 1611 2080 imperio
1624 2033 1843 2071 tenuerunt.
1859 2031 2078 2073 Gebhard.

1193 2092 1252 2133 Et
1271 2091 1333 2132 sic
1361 2092 1374 2115 ‘
1394 2091 1546 2132 orbem
1561 2091 1575 2110 '
1591 2092 1869 2146 interpretari
1885 2094 2079 2149 debebit,

1194 2153 1343 2195 orbem
1364 2159 1590 2207 terrarum,
1607 2154 1841 2206 οἰκουμένην.
1867 2157 2051 2198 Lambin.

1249 2219 1396 2272 Cyrus]
1440 2220 1603 2272 Major,
1630 2219 1833 2274 Astyagis
1849 2222 2078 2264 Medorum

1192 2281 1325 2333 Regis
1344 2282 1473 2334 filius,
1485 2283 1559 2336 qui
1577 2296 1654 2324 sua
1669 2284 1830 2326 virtute
1847 2286 2078 2326 Medorum

1192 2356 1368 2398 regnum
1389 2351 1456 2386 est
1482 2345 1681 2398 adeptus,
1707 2359 1758 2387 ac
1778 2348 2001 2400 imperium
2022 2349 2077 2389 ad

1192 2407 1348 2448 Persas
1363 2409 1599 2449 transtulit.
1629 2410 1812 2451 Lumbin.
1859 2411 1910 2451 In
1924 2412 2077 2453 Tarich

1192 2502 1508 2543 Musulmanico
1542 2502 1703 2543 dicitur
1731 2528 1766 2573 9
1793 2501 2070 2577 ‘pm-3⁸35·

1191 2597 1321 2650 Apud
1352 2598 1531 2639 Ebraeos
1559 2599 1687 2651 ΨἹΊΡ
1706 2597 1980 2651 ᾳιιαείἠιετεε,
1999 2603 2076 2639 aut

1191 2660 1384 2703 dominus.
1438 2660 1587 2701 Persis
1615 2660 1816 2712 Coresch,
1842 2671 1896 2699 ex
1918 2660 2075 2701 Ebraeo

1192 2727 1294 2766 ΟἾΠ
1323 2727 1406 2768 Sol.
1460 2727 1573 2768 Vide
1594 2727 1870 2769 Plutarchum
1888 2727 1931 2767 in
1946 2725 2076 2768 Arta-

1188 2801 1340 2832 xerxe.
1413 2789 1467 2832 Τὸ
1498 2791 1611 2843 κῦρος
1643 2792 1812 2843 plenam
1845 2790 2076 2832 auctorita-

1190 2859 1278 2894 tem
1309 2860 1438 2907 atque
1485 2854 1713 2907 imperium
1750 2853 1928 2894 denotat
1958 2853 2074 2905 apud

1189 2916 1436 2968 Platonem,
1446 2917 1717 2969 Sophoclem,
1731 2915 1959 2967 Galerium,
1969 2915 2075 2956 Phi·

1188 2978 1344 3019 lonem.
1419 2979 1546 3020 Unde
1593 2979 1746 3030 Cyrus,
1801 2977 1916 3017 idem
1958 2977 2073 3030 quod

1190 3041 1325 3093 Κῦρος,
1337 3053 1411 3082 seu
1427 3042 1649 3083 Dominus.
1674 3041 1870 3082 Keuchen.
1902 3042 2073 3086 Nomen

1188 3117 1439 3157 expressum
1480 3117 1534 3146 ex
1563 3105 1740 3145 Persico
1774 3105 1932 3155 Kosra,
1957 3103 2075 3156 quod

1188 3168 1498 3220 Imperatorem
1519 3167 1748 3220 significat,
1765 3172 1812 3207 et
1837 3166 2074 3208 communis

1188 3229 1372 3269 omnium
1391 3230 1559 3282 Regum
1572 3229 1805 3270 Persarum
1822 3229 1974 3271 titulus
1991 3235 2073 3270 est.

1187 3292 1314 3332 Unde
1345 3297 1391 3332 et
1425 3292 1571 3333 Caesar
1602 3292 1851 3333 Latinorum
1883 3298 1928 3332 et
1959 3291 2069 3331 Ger-

1186 3367 1423 3408 manorum,
1454 3355 1508 3395 ab
1538 3356 1687 3396 eadem
1715 3354 1896 3406 origine.
1938 3353 2070 3395 Horu.

1187 3418 1288 3459 Fuit
1316 3425 1458 3459 autem
1480 3419 1618 3470 Cyrus
1645 3419 1735 3469 ipse
1766 3415 2069 3456 Medo-Persa.

1187 3481 1342 3523 Medus
1360 3494 1385 3523 a
1404 3488 1555 3532 matre,
1575 3481 1711 3520 Persa
1739 3491 1763 3518 a
1797 3485 1934 3531 patre,
1953 3479 2067 3520 unde
