2306 3900
922 241 1327 282 FRAGMENTA.

255 364 512 415 Per-pudeam
561 361 773 414 miscenda]

201 426 475 467 scribendum
495 426 570 478 ait,
584 425 848 478 perturbanda
864 438 965 477 resp.
995 425 1082 465 Sed

831 362 1084 414 Rutgersius

1924 227 2033 280 ’719

1205 362 1297 402 Non
1323 362 1460 414 pudet]
1494 359 1618 414 Pigh.
1643 359 1817 412 pudebit.
1848 359 1935 399 Ms.
1954 359 2031 399 Sa·

1151 424 1320 463 varonis
1337 436 1386 463 ne
1412 425 1549 475 pudet.
1605 423 1733 463 Unde
1752 423 1956 475 Rutgers.
1983 433 2032 462 ne

200 490 306 531 nihil
322 490 584 531 mutandum.
611 490 874 542 Perpudescet
887 490 1083 530 miscenda
1146 488 1304 538 pudeto.
1332 487 1498 527 Rosius.
1529 486 1708 526 Salmas.
1737 485 1862 526 modo
1880 497 1928 525 ne
1954 497 2031 537 pu-

199 566 282 605 rep.
302 554 479 604 dictum,
494 558 542 592 ut
557 554 676 605 pudet
693 553 797 593 dicto
813 552 927 605 apud
941 553 1079 594 Tacit.

198 616 351 669 Agric.
372 620 441 657 32.
461 619 528 656 33.
558 621 604 656 et
622 615 776 655 similia
793 615 888 655 alia.
917 617 1013 656 Bos.

256 679 400 720 Facito
413 680 515 730 quoa
533 678 696 730 iubebit]
725 678 796 718 Sic
817 679 930 718 Msc.
946 690 1080 719 meus.

198 740 347 783 Gifan.
367 740 479 781 Msc.
503 753 576 792 per
603 752 663 780 me
689 739 820 789 facito
849 742 949 792 quod
975 740 1080 780 lube-

195 804 269 845 bie.
297 805 472 845 Savaro.
525 803 611 844 Sed
643 804 746 844 iliud
779 808 870 856 post
900 816 961 844 me
979 803 1081 843 omi-

196 867 254 908 sit
288 867 558 920 Rutgersius,
586 868 796 911 incertum
833 880 887 908 an
918 868 1076 908 studio.

197 930 357 970 Rosius.
395 960 403 964 s

254 992 333 1032 Ubi
361 996 515 1032 mortua
543 991 627 1043 ero]
666 992 738 1032 Sic
767 993 973 1033 hactenus
1010 1005 1077 1033 re-

196 1059 379 1107 tentum,
410 1055 579 1096 tametsi
609 1056 651 1094 in
684 1056 862 1107 vulgato
895 1056 1077 1108 quodam

193 1118 466 1158 immiserint:
485 1117 552 1157 ubi
566 1117 667 1157 enim
680 1122 831 1157 mortua
845 1130 922 1157 ero.
954 1119 1074 1160 Grae·

192 1193 245 1221 co
263 1192 405 1222 more:
435 1180 532 1220 ὅπου
547 1178 634 1232 γάρ.
678 1180 850 1220 Caecina
869 1181 995 1232 epist.
1016 1181 1071 1222 ad

191 1245 475 1286 Ciceronem:
502 1246 515 1268 ‘
536 1245 621 1284 Ubi
652 1244 735 1284 hoc
769 1245 958 1284 omnium
996 1258 1070 1297 pa·

189 1310 338 1347 tronus
371 1306 507 1348 facis!
544 1307 743 1347 Keuchen.
810 1306 889 1346 Ubi
916 1312 1070 1348 mortua

186 1369 271 1421 ero]
299 1370 491 1420 Pighius,
509 1371 575 1410 ubi
592 1382 668 1410 non
684 1382 764 1410 ero.

243 1433 301 1472 Et
332 1432 530 1473 invocabis
555 1433 684 1472 Deum
705 1432 927 1484 parentem]
960 1433 1068 1473 Rut-

187 1495 352 1548 gersius
372 1495 537 1536 edidit:
574 1499 615 1535 et
641 1495 764 1536 innoc.
784 1495 916 1535 Deum
932 1508 1071 1547 paren-

186 1562 265 1597 tem
279 1557 324 1596 in
340 1570 383 1598 eo
401 1561 597 1609 tempore.-
626 1569 674 1597 ne
688 1559 846 1609 parieta,
870 1560 934 1610 ᾀτ.
980 1558 1069 1598 Sed

186 1621 247 1661 ait
265 1621 358 1662 haec
379 1633 527 1673 parum
551 1633 654 1661 sana
673 1620 754 1662 sibi
773 1621 927 1662 videri.
981 1621 1068 1674 Igi-

186 1687 257 1723 tur
271 1683 450 1735 conjicit
462 1684 686 1736 legendnm
699 1697 710 1724 z
729 1684 924 1724 invocabis
936 1686 1066 1725 Deum

180 1750 385 1797 parentem
399 1758 554 1787 numen.
603 1748 663 1786 Eo
676 1751 860 1798 tempore,
875 1749 942 1798 ᾇτ’.
963 1749 1064 1789 Bos.

184 1810 403 1860 Scriptum
428 1807 535 1848 fuit:
565 1813 604 1848 et
622 1809 817 1861 invocabis
834 1810 890 1852 D.
908 1811 970 1851 M.
994 1824 1065 1863 pa·

183 1873 324 1922 rentis,
352 1871 397 1911 id
425 1877 507 1920 est,
534 1873 652 1912 Deos
676 1874 830 1914 Manes
861 1875 1065 1927 parentis.

183 1934 335 1975 Scribe
355 1934 486 1986 igitur
513 1947 563 1975 ac
584 1934 824 1988 distingue:
854 1941 894 1978 et
910 1938 1064 1978 invoca·

183 1996 244 2036 bis
262 1997 368 2036 Deos
386 1998 528 2037 Manes
554 1999 746 2049 parentis.
804 1999 866 2039 Eo
896 2004 1065 2053 tempore

181 2072 230 2100 ne
253 2061 402 2111 pudeat
418 2073 548 2101 eorum
566 2060 696 2101 Deum
720 2074 855 2114 preces
870 2068 1064 2116 expetere.

183 2123 338 2163 Eorum
370 2125 531 2172 Deum,
562 2123 605 2162 id
639 2128 721 2174 est,
754 2125 942 2165 Deorum
969 2127 1065 2167 Ma·

181 2186 310 2226 nium.
340 2186 549 2227 Ovidius:
574 2187 587 2209 ‘
603 2186 772 2239 Perque
789 2193 883 2228 tuos
898 2189 1064 2242 Manes,

181 2247 253 2300 qui
273 2248 375 2289 mihi
394 2261 550 2290 numen
567 2249 723 2291 erunt.’
751 2250 919 2293 Salmas.

1148 550 1253 588 dent.

1203 611 1356 650 Eorum
1387 611 1518 650 Deum
1549 623 1684 662 pacem
1718 609 1917 662 expetere]
1957 610 2031 652 Ita

1147 673 1258 713 enim
1279 673 1546 713 scribendum
1568 678 1651 715 est.
1703 673 1847 726 Vulgo
1866 673 2032 725 inepte,

1142 748 1290 788 preces,
1331 735 1431 776 Non
1446 735 1554 775 bene
1568 735 1746 787 conjicit
1763 735 2031 787 Rutgersius,

1145 801 1302 853 pudeto.
1359 800 1652 851 Interrogatio
1680 805 1744 840 est
1761 800 1966 851 apertior:
1989 801 2029 841 si

1147 864 1353 916 scriptum
1374 862 1503 914 esset,
1531 863 1574 903 in
1591 876 1682 904 eone
1700 867 1885 916 tempore.
1940 863 2028 904 Sed

1145 926 1254 967 illud
1286 928 1542 979 elegantius,
1575 932 1622 967 et
1651 927 1764 979 sapit
1797 926 2026 979 antiqnita-

1146 994 1247 1030 tem.
1303 990 1484 1030 Plautus
1518 990 1712 1031 Trinum.
1753 991 1766 1013 ‘
1800 991 1955 1030 Utrum
1988 990 2025 1030 is

1144 1054 1292 1107 itaque
1312 1067 1406 1095 esse
1424 1053 1629 1094 mavelit?
1669 1055 1823 1095 Cicero
1842 1053 1897 1094 de
1916 1055 2024 1106 Leg.

1145 1116 1220 1157 lib.
1234 1128 1286 1158 11.
1316 1117 1329 1140 ‘
1349 1118 1537 1157 Deorum
1552 1117 1745 1157 Manium
1755 1117 1857 1169 jura
1873 1123 2025 1158 sancta

1145 1187 1288 1232 sunto,
1306 1182 1380 1222 hos
1399 1182 1488 1222 leto
1507 1180 1632 1222 datos
1654 1182 1790 1222 Divos
1809 1181 2023 1223 habento!

1147 1245 1380 1285 Gronovius.

1197 1308 1263 1348 Ne
1286 1307 1353 1347 ille
1372 1307 1476 1348 sinat
1493 1307 1674 1359 Jupiter]
1702 1308 2022 1361 Amplificative

1140 1371 1275 1422 magis
1311 1383 1437 1423 quam
1471 1372 1665 1411 δεικτικῶς
1700 1371 1783 1420 ille,
1819 1370 2027 1410 videlicet

1136 1448 1217 1488 per
1231 1436 1434 1488 scriptam
1452 1436 1692 1487 epistolam.
1724 1435 1904 1475 Plautus
1920 1434 2026 1474 Cur-

1136 1500 1221 1540 cul.
1249 1499 1261 1522 ‘
1281 1499 1378 1540 Nec
1398 1511 1465 1539 me
1483 1499 1555 1539 ille
1573 1499 1675 1538 sinit
1693 1497 1899 1550 Jupiter.'
1941 1498 2028 1538 Ve-

1139 1568 1252 1602 teres
1271 1562 1385 1602 enim
1404 1574 1500 1603 cum
1519 1561 1642 1604 Jovis
1669 1561 1841 1601 nomine
1870 1573 2024 1613 prono-

1134 1637 1235 1665 men
1262 1624 1328 1664 ille
1345 1637 1462 1676 saepe
1483 1624 1739 1677 jungebant,
1767 1629 1843 1664 aut
1872 1623 1926 1663 ad
1946 1623 2022 1664 de-

1134 1688 1487 1728 monstrationem
1520 1693 1596 1728 aut
1625 1686 2018 1740 amplificationem.

1135 1749 1333 1789 Kenchen.

1188 1812 1325 1864 Sinat]
1368 1812 1564 1864 Pighius,
1603 1813 1756 1865 siverit,
1798 1813 1868 1854 vel
1908 1814 2016 1856 sirit.

1132 1875 1352 1917 Gebhard.
1382 1875 1548 1916 Bosius.

1191 1938 1247 1978 Te
1265 1951 1310 1978 ea
1325 1937 1591 1990 perseverare]
1620 1940 1819 1991 Rutgers.
1846 1951 1904 1980 eo.

1189 2001 1314 2053 Culpa
1334 2005 1402 2041 tua
1419 2000 1605 2052 recipias]
1634 2001 1822 2052 Vulgati,
1847 2005 1904 2042 tu.

1189 2065 1287 2105 Tute
1306 2065 1380 2105 tibi
1395 2065 1549 2116 placere
1570 2064 1717 2116 possis]
1746 2064 2016 2118 Rutgersius,

1127 2129 1298 2179 placare.
1353 2127 1558 2168 Horatius
1577 2128 1717 2180 Epist.
1738 2139 1769 2168 1.
1788 2132 1852 2169 18.
1879 2129 1892 2151 ⁴
1907 2128 2009 2183 quid

1131 2196 1176 2232 te
1197 2191 1277 2233 tibi
1297 2191 1450 2232 reddat
1467 2190 1679 2232 amicum!
1708 2191 1864 2233 Rosius.

663 2795 821 2836 12⁸1le
849 2794 1145 2836 NOTARUM
1178 2793 1519 2836 VARIORUM.
