2306 3900
699 252 832 292 xiv.
898 252 1230 305 DATAMEM,
1272 254 1409 295 cAP.
1449 241 1502 296 l.

186 370 401 413 AEscffinis
422 370 551 412 verba
569 374 669 413 sant
679 371 799 412 baec:
830 369 980 423 ἔφησθα
994 372 1071 424 γὰρ

185 431 278 475 τοὺς
292 436 364 482 τῆς
381 434 530 475 πόλεως
548 432 646 476 ἅλας
673 433 760 486 περὶ
788 434 964 475 πλείονος
988 450 1068 474 τοι·

184 496 350 546 ἧσασθαι
366 500 440 547 τῆς
455 499 600 550 ξενικῆς
612 495 824 550 τραπεζῆς.
853 498 979 538 Idem.

242 562 347 602 Hoec
373 566 548 603 extrema
561 561 649 610 ficit
666 566 764 602 oetas
783 562 1067 614 Imperatorum

182 622 503 676 Atheniensium]
521 625 594 665 Sic
606 623 700 665 fere
713 625 927 665 Diodorus
944 625 972 666 l.
990 635 1065 665 XV.

183 685 238 727 de
275 687 571 741 Epaminonda
603 688 805 742 loquens:
853 688 967 730 Κατὰ
997 687 1068 739 μὲν

1917 244 2024 297 561

1138 372 1215 424 ’γὰρ
1245 372 1320 421 τὴν
1350 371 1502 422 ἡλικίαν
1530 371 1605 420 τὴν
1635 371 1793 428 τούτου,
1819 374 2030 425 γεγόνασιν

1138 434 1270 487 ἄνδρες
1298 436 1510 487 ἐπιφανεῖς,
1531 436 1752 478 Πελοπίδας
1773 452 1820 478 τε
1837 440 2028 489 Θηβαῖος,

1137 496 1195 536 ἔτι
1226 497 1268 537 δὲ
1287 498 1352 538 καὶ
1369 498 1559 548 Τιμόθεος,
1590 500 1654 541 καὶ
1681 500 1825 554 Κόνων,
1854 501 1918 545 καὶ
1945 507 2026 542 Xa-
2070 524 2075 532 ·

1134 560 1259 612 βρίας,
1286 562 1349 601 καὶ
1378 562 1596 615 Ἰφικράτης
1624 566 1825 613 Ἀθηναῖοι·
1853 564 1948 618 πρὸς
1977 565 2023 606 δὲ

1132 625 1285 666 τούτοις
1314 626 1552 676 Ἀγησίλαος
1577 629 1600 667 ὖ
1628 628 1871 681 Σπαρτιάτης
1889 628 2021 683 βραχὺ

1133 689 1216 729 τοῖς
1228 688 1380 741 χρόνοις
1397 688 1595 743 πρότερον.
1623 692 1803 735 Lambia.

661 1170 850 1239 XIV.
945 1153 1547 1270 DATAM'ES.

232 1369 445 1423 Datames]
474 1371 541 1412 De
565 1371 652 1412 ‘hoe
678 1371 863 1415 Diodor.
890 1372 964 1413 lib.
986 1383 1063 1414 xv.

177 1434 370 1487 Polyaen.
388 1434 465 1477 lib.
485 1447 566 1477 vu.
595 1436 823 1478 Frontinus
843 1447 895 1477 u.
913 1440 956 1477 7.
991 1437 1063 1477 Sa-

174 1510 284 1540 varo.

235 1562 358 1604 Venio
388 1575 488 1604 »runc
523 1564 575 1603 ad
610 1561 876 1612 fortissimum
914 1563 1062 1616 virum]

174 1626 303 1668 Hanc
352 1633 488 1682 totam
543 1627 840 1669 transitionem
890 1632 1061 1669 veteres

174 1689 434 1731 membranae
458 1690 681 1732 Timotheo
701 1691 956 1742 adnectunt,
975 1703 1062 1732 om-

174 1765 337 1807 nesque
356 1754 465 1796 adeo
484 1754 699 1796 editiones
718 1761 878 1807 praeter
895 1755 1062 1797 Lambi-

172 1817 342 1859 nianam
359 1831 373 1868 ;
401 1817 531 1871 idque
547 1818 706 1860 rectius
721 1818 957 1872 Tranquilli
975 1831 1062 1861 mo-

174 1893 238 1932 re,
255 1880 546 1934 aliorumque;
574 1886 621 1922 et
639 1881 773 1934 ipsius
791 1881 900 1923 adeo
914 1882 1062 1935 Nepo-

173 1944 231 1984 tis
249 1956 324 1985 seu
343 1943 497 1995 Probi,
528 1944 600 1997 qui
633 1957 659 1985 a
691 1945 847 1997 patria,
874 1946 1061 1998 parenti-

172 2006 338 2061 busque
375 2007 507 2048 vitam
553 2009 758 2061 cujusque
800 2009 1062 2061 auspicatur.

170 2069 323 2112 Schote-
379 2071 635 2114 Gebliardus
670 2072 771 2113 inde
809 2073 1060 2126 auspicatur

173 2135 307 2178 vitam
327 2134 553 2178 Datamis:
584 2137 597 2160 ‘
616 2137 687 2178 De
699 2148 790 2190 -quo
816 2137 900 2178 hoc
931 2137 1058 2190 plura

170 2197 440 2253 referemus.'
496 2199 645 2241 Ceteri
665 2212 768 2240 vero
786 2199 907 2242 hine:
938 2202 950 2223 ⁸
967 2200 1056 2241 Da-

172 2267 311 2303 tames
330 2269 456 2315 patre
474 2261 747 2303 Camissare.’

221 2325 297 2369 De,
317 2338 392 2378 quo
417 2325 489 2366 hoc
509 2327 625 2378 plura
651 2324 881 2378 referemus]
907 2326 1055 2367 Ratio·

169 2401 269 2431 nem
284 2389 408 2431 addit
421 2389 768 2440 Lambin.banc;
797 2390 896 2444 quia
917 2403 1056 2444 panea

169 2457 337 2494 tantum
356 2453 411 2494 de
430 2452 579 2495 Herae
606 2453 693 2497 hoc.
717 2454 921 2506 leguntur
939 2454 1054 2508 apud

168 2515 407 2558 Diodorum
448 2516 653 2567 Siculum,
698 2518 970 2570 Polyaenum,
1009 2524 1057 2559 et

167 2580 436 2623 Frontinum.
465 2580 633 2624 Quibus
643 2581 856 2622 Barthius
870 2580 1055 2622 Advers.

168 2654 250 2684 mr.
272 2647 339 2685 14.
359 2651 614 2686 annumerat
636 2644 816 2685 AEneam
834 2646 1055 2686 Tacticum

168 2718 196 2746 a
215 2706 469 2747 casaubono
491 2705 672 2757 editum.
728 2707 958 2760 Longolius
979 2720 1054 2760 pu·

169 2769 281 2812 tavit
315 2774 479 2821 ptoeter
523 2769 792 2819 Frontinum,
838 2770 1054 2812 nerninem

171 2832 372 2873 Datamis
391 2830 825 2874 facerementionem.
882 2834 1054 2887 Magius

167 2901 214 2936 et
244 2895 435 2937 Savaron
455 2895 620 2939 addunt
643 2896 914 2949 Polyaenum.
969 2898 1053 2940 Be-

165 2958 379 3012 yerlingio
407 2970 509 3001 vero
530 2959 630 3013 quid
665 2961 832 3002 venerit
863 2962 908 3002 in
936 2973 1053 3004 men-

167 3030 273 3074 tem,
289 3023 460 3077 quando
490 3024 535 3064 in
558 3024 726 3078 perfidia
750 3025 860 3066 citat
880 3025 1052 3068 Piutar-

166 3086 292 3127 cbum
325 3086 398 3130 ‘in
417 3086 616 3138 Datami‚’
644 3098 728 3140 ego
760 3085 960 3141 profecto
978 3101 1051 3131 ne-

164 3149 267 3190 scio.
298 3149 438 3190 Eme.

222 3212 457 3253 obscuriora
480 3218 572 3254 sunt
601 3213 684 3265 eius
707 3219 824 3266 gesta
847 3215 1049 3269 pleraque]

165 3276 278 3317 Vide
298 3276 351 3316 ad
378 3275 490 3317 hunc
509 3275 647 3317 locum
667 3277 799 3331 Casp-
820 3278 1049 3321 Bai-thium

166 3337 349 3381 Advers.
369 3339 444 3380 lib.
465 3351 543 3381 ur.
566 3343 631 3382 14.

164 3428 175 3443 .
223 3403 309 3449 Quo
343 3407 499 3444 tantum
542 3416 617 3444 non
656 3416 788 3445 omnes
820 3404 1047 3457 superabat]

277 3471 475 3523 Delph..et
498 3471 588 3512 γαν.
618 3471 724 3511 ctas.

1045 3473 1144 3524 Nep.

1133 1373 1358 1415 Correctio
1379 1373 1446 1415 Cl.
1471 1372 1693 1424 Tevenini,
1722 1373 1791 1412 cui
1823 1373 2017 1426 plausum

1130 1442 1310 1491 utraque
1338 1450 1469 1478 manu
1500 1437 1578 1478 dat
1615 1436 1873 1478 Lambinus:
1910 1439 2017 1478 alias

1128 1500 1293 1542 editum
1307 1499 1469 1551 fuerat,
1488 1512 1568 1552 quo
1586 1503 1716 1540 tamen
1735 1512 1866 1540 omnes
1883 1512 2018 1552 super-

1127 1563 1233 1606 abac,
1291 1564 1378 1606 Sed
1396 1564 1465 1606 Ci.
1486 1563 1691 1606 Barthius
1711 1562 1825 1604 Adv.
1843 1563 1917 1605 lib.
1938 1575 2018 1606 Lu.

1130 1632 1195 1669 14.
1216 1629 1462 1682 suspicatur
1481 1628 1740 1682 legendum;
1767 1642 1841 1680 quo
1853 1631 2018 1669 -tamtem

1127 1706 1256 1734 omnes
1271 1694 1484 1746 superarit.
1515 1693 1730 1734 Gebhard.

1181 1757 1307 1798 Manu
1317 1757 1464 1810 fortis]
1493 1758 1544 1798 In
1562 1757 1804 1799 Pausania:
1835 1758 1848 1780 ⁴
1865 1762 1911 1798 et
1929 1770 2018 1798 ma-

1128 1833 1185 1861 nu
1204 1819 1331 1862 fortis
1352 1827 1397 1862 et
1417 1821 1584 1861 consilii
1614 1822 1791 1874 plenus:
1845 1821 2018 1874 Epami·

1127 1884 1293 1925 nanda:
1324 1885 1337 1907 ‘
1357 1884 1524 1937 peritus
1550 1884 1669 1938 belli,
1697 1884 1826 1926 fortis
1855 1885 2016 1926 manu.'

1125 1946 1400 1988 Timoleone:
1429 1949 1559 1988 ‘nam
1587 1954 1634 1988 et
1663 1961 1792 1989 manu
1822 1947 1946 1990 fortis
1967 1955 2015 1990 et

1126 2008 1230 2050 belli
1250 2010 1414 2061 peritus
1434 2009 1550 2051 fuit:
1577 2010 1742 2053 Sat-aro.

1180 2073 1337 2114 Habuit
1366 2074 1611 2126 provinciam
1647 2074 1821 2128 Cilicioe]
1859 2075 2013 2117 Potius

1124 2135 1304 2178 dixisset
1324 2137 1754 2190 provinciamNepos.
1812 2139 1870 2179 Et
1889 2138 1923 2178 si
1944 2139 2014 2180 Ci-

1123 2199 1266 2240 liciam
1286 2199 1434 2240 habuit
1461 2199 1744 2252 provinciam,
1774 2213 1853 2241 cur
1876 2201 2012 2244 *sitnm

1120 2261 1245 2303 addit
1265 2267 1311 2303 et
1326 2274 1480 2304 nomen
1506 2262 1671 2314 populi,
1698 2274 1825 2316 quem
1858 2274 2012 2315 regere

1114 2326 1261 2378 jussus
1277 2325 1537 2367 Camissares
1553 2326 1568 2365 ?
1596 2326 1742 2368 Quare
1757 2325 2009 2380 legendnm:

1124 2389 1282 2430 Habuit
1337 2390 1576 2442 provinciam
1631 2394 1723 2442 part
1842 2390 2011 2432 Cilicioe.

1124 2453 1265 2495 Gebli.
1283 2454 1451 2496 Scliott.
1716 2468 1727 2478 ·

1174 2517 1307 2556 Juxta
1349 2517 1653 2569 Cappadociam,
1688 2530 1803 2570 quam
1836 2517 2010 2558 incolunt

1122 2579 1352 2632 Leucosyri]
1398 2579 1528 2620 Unde
1571 2580 1685 2633 apud
1727 2580 2009 2633 Geograplios

1122 2642 1355 2695 Λευκοσυρία
1389 2648 1568 2684 vocatur
1606 2644 1681 2684 illa
1717 2643 2008 2696 Cappadocia.

1122 2705 1345 2747 Videndus
1363 2706 1516 2747 Strabo
1537 2719 1587 2747 ac
1607 2707 1786 2759 Dionys.
1808 2706 2006 2747 Halicar-

1120 2780 1308 2810 nasseus.
1363 2769 1476 2810 Sane
1508 2770 1552 2809 in
1586 2769 1802 2810 Herodoti
1823 2781 1855 2810 1.
1876 2770 2006 2810 Musa

1122 2833 1405 2885 Cappadoces
1419 2845 1443 2873 a
1456 2832 1624 2874 Graecis
1643 2831 1768 2885 Σύριοι
1787 2831 2005 2872 nominan-

1117 2900 1208 2946 -tur,
1225 2907 1403 2949 quornm
1423 2895 1643 2948 regionem
1666 2895 1886 2948 Assyriam
1905 2907 2004 2948 cog-

1119 2958 1368 3000 nominabat
1403 2958 1503 3001 olim
1540 2958 1778 3011 Dionysius
1815 2958 2006 2999 Alexan·

1119 3022 1280 3065 drinus.
1335 3023 1393 3064 Et
1410 3023 1613 3077 antiquus
1640 3023 1844 3075 Orpbeus
1863 3024 1904 3063 in
1921 3023 2003 3063 Ar·

1118 3095 1294 3139 gonaut.
1321 3086 1523 3141 Assyrios
1557 3092 1685 3128 vocat
1727 3087 2002 3139 Leucosyriae

1116 3151 1295 3202 incolas,
1311 3164 1408 3204 quae
1439 3164 1537 3204 pars
1566 3151 1852 3204 Cappadociae
1882 3152 2003 3192 circa

1117 3214 1229 3255 ostia
1255 3213 1630 3255 'thermodoontia
1685 3212 1774 3257 Adi
1808 3212 2001 3256 Plinium

1116 3277 1190 3319 lib.
1209 3288 1274 3318 vr.
1290 3281 1330 3318 3.
1357 3276 1558 3318 Keuchen.

1171 3340 1366 3381 Datames
1407 3339 1580 3380 militam
1624 3351 1764 3380 munus
1804 3338 2003 3394 fungens]

1115 3402 1345 3446 Quomodo
1377 3403 1543 3457 antiqui
1572 3403 1734 3445 Comici
1764 3404 1999 3458 loqueban-

1791 3476 1816 3513 2
1848 3473 1887 3512 N
