2306 3900
314 264 484 320 xxxii

363 399 567 452 (magnam
584 395 750 451 adeptus
768 403 828 439 est
853 396 1005 451 prosp.)
1031 411 1119 446 xxv,
1140 402 1192 439 19

363 453 454 506 (Sic
484 453 571 492 Ter.
596 453 754 492 Phorm.
777 465 817 499 v,
836 455 877 498 1,
905 455 959 492 24
1005 457 1018 474 ‘
1033 457 1192 491 matrem

368 517 469 543 mors
487 510 695 545 consecuta
720 505 805 544 est.'
832 504 922 543 vide
949 503 1015 543 Jo.
1044 504 1192 543 Rhodii

364 557 537 597 indicem
553 556 880 610 Scribonianum).
893 556 1078 609 consequi
1091 558 1192 610 fugi·

368 616 499 649 entem
514 609 722 664 (assequi),
736 610 839 656 xxiii,
858 614 884 651 7

314 662 527 702 Conserere
558 676 713 702 manum
741 663 820 710 xiv,
837 666 876 703 8.
922 663 1015 708 xvii,
1034 667 1058 703 3
1103 676 1190 702 cum

369 715 500 767 aliquo
529 717 634 762 xxiii,
647 720 673 756 4
700 716 807 770 (Est,
820 716 928 766 justo
949 717 1080 767 praelio
1097 729 1192 755 con-

369 770 542 808 tendere.
571 768 670 807 Aliis
682 775 903 808 ‘conserere
923 769 1123 820 praelium,'
1141 771 1193 808 de

367 834 447 873 quo
466 822 514 861 C.
530 822 707 861 Vorstius
725 823 775 860 ad
794 822 956 872 Sulpicii
982 822 1010 868 i,
1027 822 1100 882 36)

310 875 552 915 Conservare
568 875 734 926 aliquem
748 875 824 927 (sc.
838 873 991 925 vivum)
1018 875 1124 920 xviri,
1142 879 1192 915 10

335 950 338 951 ⁷
364 928 425 980 (in
443 927 634 979 plerisque
649 927 740 966 edd.
759 927 863 978 vulg.
878 927 955 965 Sed
966 928 1107 967 rectius
1119 934 1192 975 est,

367 980 553 1033 servare).
583 980 761 1019 inducias
787 980 879 1026 xvii,
898 983 924 1019 2
953 980 1071 1018 fidem
1099 980 1192 1027 xvii,

368 1036 396 1073 2
438 1033 677 1085 religionem,
696 1033 790 1071 ibid.
818 1033 881 1085 (in
898 1033 980 1070 Ms.
1002 1032 1107 1071 Dan.
1126 1035 1193 1073 ubi

366 1086 472 1137 vulg.
491 1093 564 1133 est,
584 1086 765 1138 servare).
785 1084 1059 1137 jusjurandum
1085 1087 1193 1133 xxiii,

332 1160 336 1164 -
363 1142 638 1178 2·conservare
656 1139 870 1185 simulacra,
886 1151 968 1177 aras
985 1138 1192 1192 (honorem

364 1203 511 1238 earum,
528 1199 568 1231 et
580 1192 647 1244 jus
663 1192 799 1230 tuendi
811 1192 1007 1242 supplices
1023 1204 1104 1230 non
1122 1193 1194 1231 im·

365 1244 557 1298 minuere)
577 1245 668 1290 xvii,
686 1248 713 1285 4
757 1245 965 1284 exercitum
984 1244 1060 1297 (sc.
1084 1245 1193 1285 inco·

365 1297 530 1349 lumem)
555 1298 632 1345 xirr,
651 1302 677 1338 2
723 1298 957 1337 conservatis
975 1297 1124 1350 legibus
1144 1298 1192 1352 (i.

366 1363 405 1388 e.
421 1351 653 1403 observatis)
681 1364 770 1397 xxv,
790 1355 817 1391 6

314 1402 529 1443 Considere
568 1405 611 1442 in
645 1417 710 1443 ara
744 1403 816 1455 (de
847 1403 1046 1455 supplice)
1079 1404 1134 1449 iv,
1167 1408 1194 1445 4

363 1456 452 1508 (Sic
483 1458 535 1495 de
560 1457 714 1496 Helena
731 1456 917 1509 Virgilius
938 1472 947 1495 z
989 1463 1001 1481 ⁴
1016 1457 1108 1496 Aris
1135 1457 1194 1495 in-

363 1509 451 1548 visa
467 1509 665 1562 sedebat')

313 1560 530 1601 Consilium
557 1561 853 1615 (στρατήγημα,
873 1576 947 1609 ars,
977 1563 1194 1615 prudentiae

367 1615 552 1654 callidum
570 1622 611 1655 et
637 1617 806 1654 subitum
837 1617 1051 1662 inventum,
1079 1616 1195 1667 quale

363 1673 424 1706 est
455 1667 555 1706 illud
580 1668 848 1707 Themistoclis
867 1669 909 1715 ii,
928 1673 969 1709 6.
1003 1676 1044 1707 et
1071 1668 1196 1707 Data-

363 1721 436 1760 mis
468 1721 547 1766 xiv,
575 1725 616 1762 6.
644 1720 804 1772 Boecl.)
849 1722 940 1761 Sic:
987 1722 1192 1761 consilium

365 1774 706 1825 prudentissimum
733 1774 840 1820 xviii,
858 1778 884 1815 7
919 1774 1071 1814 consilii
1090 1775 1192 1814 cele-

364 1826 456 1865 ritas
503 1827 596 1874 xvii,
627 1831 655 1867 6
709 1827 914 1866 consilium
944 1827 1022 1866 tale
1053 1840 1191 1878 capere

364 1879 473 1924 xxiii,
492 1883 520 1919 9
546 1881 622 1919 hoc
640 1880 804 1919 consilio
832 1880 860 1926 i,
877 1886 901 1921 5
933 1880 1095 1920 consilio
1122 1881 1193 1919 ali-

364 1932 479 1984 cujus
514 1933 618 1972 vinci
647 1933 768 1983 magis
794 1946 910 1986 quarn
945 1933 1058 1972 armis
1098 1934 1140 1980 ii,
1167 1937 1194 1973 4

365 1983 403 2036 (‘.
413 1985 590 2032 consilio,
607 1999 722 2038 quam
739 1987 792 2025 vi'
811 1986 986 2026 dicerent
998 1986 1131 2025 Livius
1149 1999 1195 2026 ac

362 2037 542 2091 Tacitus)
569 2039 659 2078 Sic:
703 2039 865 2078 consilio
894 2052 1073 2091 superare
1091 2052 1196 2079 arma

364 2090 533 2142 alicujus
559 2092 667 2138 xxiii,
686 2095 735 2133 11
775 2093 844 2131 tali
863 2092 1084 2144 percellere,
1105 2106 1192 2145 pro-

363 2143 498 2195 fligare
516 2144 611 2196 aliq.
638 2145 717 2191 xiv,
737 2149 764 2185 6
808 2145 1012 2185 consilium
1049 2159 1192 2184 novum

362 2196 472 2244 xviii,
490 2201 516 2237 8
548 2196 675 2251 (alibi,
704 2197 752 2249 [i,
771 2198 834 2250 5.]
872 2203 997 2237 ‘nova
1024 2199 1113 2245 ars‚'
1143 2200 1194 2237 de

365 2249 551 2300 singulari
567 2251 741 2296 invento,
761 2257 828 2289 aut
845 2264 894 2290 ex
908 2263 949 2290 re
962 2257 1003 2290 et
1021 2258 1194 2303 tempore

362 2307 482 2352 capto
495 2302 838 2354 consilio,Boecl.)
854 2303 1056 2342 consilium
1068 2303 1193 2354 Apol-

363 2353 455 2392 linis
479 2354 550 2407 (de
576 2355 782 2407 responso)
812 2356 855 2401 ii,
878 2360 904 2396 2
949 2357 1193 2407 repentinum

363 2405 514 2460 (subito
545 2413 717 2460 captum,
749 2408 990 2468 propositum
1017 2409 1194 2461 inopina-

366 2458 472 2512 tum)
490 2460 542 2507 iv,
557 2464 585 2500 4
612 2460 764 2500 consilii
781 2461 936 2499 maximi
947 2461 1004 2499 vir
1019 2461 1092 2515 (de
1108 2462 1192 2514 ipsa

362 2513 550 2552 facultate
561 2513 708 2565 ingenii
721 2512 942 2566 prudentis)
961 2514 1040 2561 xiv,
1059 2518 1077 2554 1
1101 2514 1165 2554 Sic
1181 2530 1190 2553 ε

362 2565 517 2605 consilii
547 2566 686 2617 plenus
714 2566 767 2612 iv,
800 2570 838 2606 1.
883 2567 950 2613 vii,
971 2571 994 2606 1
1041 2567 1195 2607 consilii

364 2619 634 2670 magnitudine
669 2632 848 2671 superare
879 2633 1014 2659 omnes
1058 2621 1136 2668 xiv,
1168 2626 1190 2661 1

334 2703 338 2707 .
364 2672 529 2712 consilio
547 2685 698 2725 semper
716 2673 870 2713 vincere
899 2673 952 2720 xi,
971 2677 994 2713 1
1041 2674 1194 2713 consilii

330 2756 335 2766 .
362 2725 441 2763 mei
459 2726 533 2764 hoc
549 2739 631 2764 non
649 2733 710 2765 est
741 2725 788 2779 (i.
808 2739 844 2765 e.
863 2725 1007 2777 judicii
1035 2733 1076 2766 et
1093 2728 1194 2767 arbi-

365 2777 427 2816 trii
459 2778 500 2816 in
530 2777 734 2830 eligendo)
762 2779 815 2826 ix,
833 2782 860 2818 4
905 2778 990 2832 (Sic
1022 2779 1106 2819 Cic.
1141 2782 1193 2819 ad

368 2829 492 2870 famil.
519 2831 576 2878 iii,
591 2836 617 2872 2
658 2837 671 2856 ‘
687 2831 794 2878 Quid
813 2832 962 2872 efficere
978 2833 1115 2885 possis,
1134 2834 1193 2872 tui

361 2883 515 2923 consilii
531 2885 615 2923 est.’
644 2883 803 2937 Lamb.)
838 2886 890 2924 ad
907 2887 1110 2924 consilium
1123 2887 1194 2925 ali·

363 2937 471 2987 quod
502 2939 687 2977 accedere
715 2937 898 2990 (probare
915 2938 1076 2990 consil.)
1118 2938 1146 2986 i,
1166 2944 1191 2980 3

331 3019 338 3031 χ
362 2988 408 3028 in
434 2990 638 3028 consilium
667 2990 750 3030 dari
777 2991 894 3031 alicui
929 2991 1001 3043 (de
1036 2991 1193 3042 adjuto-

328 3070 332 3073 -
362 3041 469 3081 ribus
504 3041 628 3095 datis)
654 3043 734 3089 xiii,
766 3047 791 3083 3
834 3044 1037 3083 consilium
1053 3044 1098 3083 id
1130 3045 1192 3083 in·

335 3126 337 3131 .
365 3095 423 3134 ire
441 3094 678 3148 (destinare)
706 3109 794 3141 xxv,
813 3100 866 3136 22
912 3102 1059 3135 mutare
1085 3098 1191 3145 xviii,

364 3152 393 3187 9
421 3148 585 3199 alicujus
605 3148 714 3200 sequi
738 3149 900 3201 (imitari
916 3150 1063 3189 factum
1082 3151 1191 3189 insti-

337 3226 340 3230 .
365 3201 513 3254 tutum)
540 3201 618 3247 xiv,
637 3206 664 3242 6
691 3202 853 3242 oonsilio
871 3202 1034 3254 alicujus
1049 3205 1192 3244 moveri

363 3252 520 3304 (parere
538 3254 676 3307 alicui)
712 3268 752 3301 x,
771 3259 792 3295 1
844 3255 1006 3295 consilio
1025 3257 1191 3308 privato,

366 3305 525 3354 publico
541 3307 666 3346 facere
680 3308 826 3360 aliquid
841 3307 933 3361 (per
944 3313 999 3356 se,
1013 3315 1081 3349 aut
1091 3311 1191 3362 pub-

365 3357 444 3396 lica
457 3358 706 3411 auctoritate)
726 3361 804 3407 xvi,
826 3365 846 3400 1
866 3361 1020 3414 (Caesar
1035 3363 1085 3402 B.
1104 3363 1192 3402 Civ.

366 3413 393 3450 8
410 3414 422 3432 ¹
433 3423 508 3448 una
517 3423 563 3448 ex
572 3411 632 3448 his
642 3413 776 3452 navib.
788 3414 935 3464 privato
948 3415 1110 3455 consilio
1121 3416 1190 3454 ad-

366 3461 676 3504 ministrabatur.’
694 3465 882 3518 Loccen.)
902 3480 924 3506 a
942 3468 1102 3508 consilio
1121 3469 1190 3508 ali-

1129 274 1332 317 INDEX

1307 397 1420 451 cujus
1434 399 1636 439 abhorrere
1653 397 1681 446 i,
1701 401 1726 438 3
1754 410 1779 436 a
1795 397 1958 438 consilio
1972 398 2054 440 abit
2069 412 2129 440 res

1305 453 1358 491 ad
1375 453 1473 492 vires
1489 451 1572 504 (vel
1585 450 1710 504 vices)
1728 452 1987 504 pugnantium
2003 451 2088 504 viii,
2106 457 2129 494 1

1305 505 1468 544 consilia
1497 505 1702 558 Lysander
1733 505 1820 551 init,
1859 517 1969 557 reges
1997 505 2134 545 tollere

1277 577 1279 580 ⁴
1306 557 1399 610 (pro
1418 558 1615 598 ‘tollendi'
1633 571 1703 610 per
1716 557 1982 604 Graecismum,
1995 559 2136 598 defae-

1307 611 1396 649 tios.
1415 611 1622 660 molition.)
1647 611 1701 657 vi,
1720 614 1743 651 3
1773 610 1942 650 consiliis
1957 611 2136 650 clandes-

1306 664 1395 702 tinis
1415 677 1571 715 operam
1589 665 1696 710 dare,
1715 670 1760 702 ut
1786 663 1893 710 xxiii,
1912 667 1939 704 2
1977 663 2137 712 consiliz

1305 727 1413 754 orum
1431 730 1536 755 omn.
1554 729 1638 756 esse
1654 716 1882 768 participem
1902 716 2029 778 (mox,
2049 730 2133 756 om-

1280 786 1283 788 ·
1305 769 1413 807 nium
1448 782 1570 808 rerum
1590 784 1599 807 :
1645 768 1746 808 inter
1780 770 1966 822 requisita
2001 771 2135 809 scribae

1305 827 1366 860 est
1378 834 1443 872 ap.
1461 821 1642 872 Graecos)
1666 822 1773 869 xviii,
1793 826 1816 861 1
1845 836 1870 861 a
1887 823 2058 862 consiliis
2075 823 2137 862 in-

1307 874 1473 912 teriorib.
1503 874 1687 913 removeri
1706 873 1904 927 (secretis)
1930 876 2038 923 xxiii,
2056 880 2138 916 2-

1307 926 1538 973 Consilium,
1553 939 1622 978 pro
1635 925 1729 979 ipsis
1746 928 1966 967 hominibus
1981 928 2025 967 in
2042 941 2137 968 con-

1307 979 1434 1018 silium
1453 980 1635 1018 adhibitis
1654 995 1663 1018 ε
1697 993 1744 1019 ex
1763 980 1915 1019 consilii
1945 983 2139 1021 sententia

1307 1033 1385 1079 xix,
1405 1037 1430 1073 3
1465 1033 1671 1086 (Ciceroni
1687 1033 1798 1072 Verr'.
1825 1033 1883 1080 iii,
1896 1037 1969 1074 44.
2011 1040 2054 1075 et
2083 1036 2136 1074 ad

1306 1084 1396 1124 Att.
1424 1099 1463 1133 x,
1481 1090 1520 1126 7.
1549 1092 1609 1125 est
1626 1091 1639 1109 ‘
1657 1087 1708 1125 de
1723 1086 1878 1125 consilii
1896 1087 2138 1141 sententia’).

1280 1166 1282 1169 -
1309 1139 1464 1177 consilii
1499 1139 1700 1179 voluntate
1734 1139 1893 1192 cognita
1936 1141 2045 1187 xviii,
2083 1145 2135 1182 12

1306 1191 1392 1231 Sic:
1413 1193 1464 1230 ad
1477 1193 1681 1231 consilium
1696 1193 1834 1232 referre
1849 1193 1922 1247 (de
1935 1206 1976 1233 re
1990 1192 2137 1246 aliqua,

1307 1245 1492 1284 dicuntur
1525 1245 1721 1297 principes
1755 1252 1825 1284 aut
1869 1247 1989 1286 duces
2029 1247 2139 1294 belli,

1279 1319 1283 1322 Δ
1307 1311 1396 1336 cum
1415 1297 1549 1337 amicis
1579 1305 1619 1338 et
1653 1299 1790 1351 legatis
1809 1313 1856 1339 ac
1873 1299 2035 1339 tribunis
2066 1301 2138 1339 de·

1280 1379 1282 1382 >
1307 1351 1537 1405 liberantes)
1564 1351 1672 1399 xviii,
1691 1356 1743 1392 12
1789 1351 1848 1406 (v.
1879 1351 2054 1392 GronoV.
2085 1354 2138 1392 ad

1309 1404 1395 1441 Liv.
1437 1404 1530 1453 xliv,
1561 1409 1598 1444 1.
1643 1412 1684 1443 et
1701 1406 1851 1444 observ.
1877 1404 1934 1452 iii,
1962 1405 2057 1457 ῑ.22)
2094 1406 2139 1445 in

1307 1457 1471 1495 consilio
1490 1470 1640 1509 semper
1657 1458 1793 1497 adesse
1819 1458 1936 1497 alicui
1954 1458 2038 1511 (est
2054 1472 2139 1498 om-

1306 1510 1414 1548 nium
1433 1511 1682 1550 consiliorum
1698 1523 1784 1550 esse
1798 1511 2047 1572 participem,
2078 1519 2138 1560 ut,

1307 1562 1404 1601 ibid.
1431 1562 1608 1615 additur)
1625 1563 1731 1610 xviii,
1749 1568 1773 1604 5
1800 1566 1861 1616 (ν.
1878 1563 2056 1604 Adesse:
2073 1565 2139 1605 Sic

1308 1614 1458 1654 Seneca
1486 1617 1537 1654 de
1555 1616 1736 1655 clement.
1763 1617 1794 1662 i,
1812 1621 1839 1657 9
1881 1623 1894 1640 ‘
1907 1617 2022 1656 amici
2039 1631 2139 1670 quos

1308 1668 1351 1705 in
1387 1667 1592 1706 consilium
1639 1669 1864 1720 rogaverat.'
1926 1670 2007 1709 Ubi
2019 1695 2023 1697 λ
2036 1671 2139 1711 male

1278 1737 1283 1741 ·
1310 1719 1488 1759 Piscator
1505 1722 1694 1768 mutabat,
1722 1721 1773 1759 In
1789 1721 2018 1773 concilium)

1258 1773 1481 1814 Consistere
1497 1774 1571 1827 (de
1589 1775 1674 1814 acie
1690 1775 1896 1826 instructa)
1921 1775 1975 1822 xi,
1988 1779 2016 1816 2
2043 1789 2140 1816 con-

1316 1826 1418 1865 sistit
1435 1827 1526 1867 huic
1557 1840 1647 1880 spes
1673 1828 1716 1867 in
1747 1841 1790 1868 se
1817 1828 1974 1881 locique
1999 1836 2139 1870 natura

1279 1906 1283 1908 -
1310 1880 1392 1925 xiv,
1412 1883 1438 1920 S
1789 1907 1792 1910 -

1258 1932 1499 1972 Consobriua
1514 1934 1723 1987 Pomponii
1735 1935 1880 1975 Anicia
1905 1949 1995 1984 xxv,
2011 1940 2040 1977 2

1258 1985 1495 2038 Conspicere
1513 1987 1640 2026 locum
1657 1990 1852 2041 quendam
1865 1988 2139 2044 (digito-mon-

1311 2045 1468 2078 stratum
1483 2040 1606 2080 oculis
1622 2042 1850 2090 consectari,
1867 2041 2031 2096 intueri)
2058 2043 2139 2091 xiV,

1312 2096 1361 2132 ll
1399 2093 1442 2131 in
1460 2100 1637 2133 neutram
1653 2096 1995 2148 partemconspici
2023 2109 2138 2150 posse

1309 2144 1356 2198 (i.
1375 2159 1412 2184 e.
1439 2152 1484 2184 ut
1502 2159 1576 2186 nec
1601 2147 1799 2187 defectum
1817 2149 1868 2188 ad
1885 2150 2031 2197 sordes,
2063 2162 2139 2190 nec

1310 2211 1511 2238 excessum
1539 2201 1591 2239 ad
1624 2201 1756 2240 luxum
1783 2200 2025 2253 interpretari
2056 2202 2138 2242 sive

1309 2258 1444 2291 notare
1467 2253 1607 2304 possis,
1626 2259 1672 2292 ut
1688 2254 1844 2294 Buchn.
1869 2255 1911 2293 in
1929 2255 2051 2295 Thes.
2069 2268 2138 2294 ex-

1308 2303 1442 2356 ponit)
1469 2318 1558 2351 xxv,
1579 2309 1630 2346 13
1670 2306 1848 2359 (Nempe
1876 2307 2052 2360 conspici
2075 2308 2138 2347 di-

1309 2362 1463 2403 cuntur,
1482 2370 1570 2408 quae
1588 2358 1696 2396 velut
1712 2359 1886 2398 eminent
1901 2373 1948 2400 ac
1959 2373 2038 2412 prae
2053 2360 2138 2401 aliis

1309 2414 1513 2448 notantur.
1525 2409 1657 2449 Livius
1672 2412 1750 2458 xxi,
1763 2415 1804 2451 4.
1822 2413 1873 2451 de
1890 2413 2134 2454 Hannibale:

1310 2467 1322 2484 ⁸
1337 2460 1511 2501 Vestitus
1544 2463 1640 2502 nibil
1671 2463 1774 2503 inter
1803 2466 1972 2517 aequales
2007 2468 2137 2506 excel-

1308 2514 1419 2553 lens:
1463 2527 1568 2554 arma
1597 2522 1715 2568 atque
1731 2518 1824 2568 equi
1841 2517 2136 2571 conspicieban-

1309 2567 1397 2606 tur)
1457 2568 1583 2615 Idem,
1612 2583 1726 2617 xxxv,
1743 2573 1797 2610 42
1835 2571 2024 2624 ‘Regem
2040 2585 2137 2613 con-

1310 2621 1408 2672 spici
1438 2621 1607 2661 debere!
1652 2623 1802 2663 Seneca
1828 2628 1871 2664 3.
1915 2626 1970 2664 de
1989 2626 2136 2666 benefi-

1309 2674 1402 2712 ciis:
1433 2679 1445 2697 ‘
1461 2675 1662 2715 Beneficia
1679 2677 1854 2728 conspici
1872 2677 2044 2732 volunt')

1256 2726 1500 2779 Conspectus
1518 2743 1528 2766 ι
1555 2728 1596 2767 in
1619 2736 1870 2782 conspectum
1885 2731 2051 2784 alicujus
2067 2746 2135 2773 ve-

1308 2779 1391 2819 nire
1417 2780 1470 2827 ix,
1490 2785 1530 2821 3.
1575 2783 1652 2829 xiv,
1673 2786 1724 2823 10
1770 2796 1794 2822 a
1811 2791 2024 2837 conspectu
2044 2799 2134 2825 suo-

1307 2846 1392 2871 rum
1417 2835 1596 2874 recedere
1625 2836 1822 2887 (absentia
1838 2850 1862 2876 a
1879 2837 2004 2890 patria
2021 2845 2134 2878 nota·-

1310 2885 1391 2938 tur)
1422 2887 1504 2933 xii,
1541 2892 1566 2928 3
1625 2902 1672 2927 ex
1706 2897 1919 2942 conspectu
1950 2892 2134 2943 ingrator.

1309 2939 1508 2978 hominum
1523 2947 1645 2980 morte
1656 2942 1845 2982 decedere
1872 2957 1936 2991 xx,
1956 2948 1977 2984 1
2010 2944 2132 2992 locus,

1278 3022 1280 3026 ,
1307 2990 1377 3044 qui
1395 2999 1454 3031 est
1471 2993 1513 3031 in
1530 3001 1743 3046 conspectu
1761 2995 1823 3048 (in
1838 2997 2072 3050 propinquo,
2087 3004 2133 3037 ut

1309 3045 1484 3096 conspici
1502 3046 1641 3098 queat)
1667 3048 1745 3095 xiv,
1765 3053 1815 3089 11

1254 3097 1487 3138 Constantes
1503 3099 1647 3138 inimici
1665 3099 1883 3155 (perpetui)
1909 3102 1963 3149 vi,
1982 3106 2010 3143 2
2036 3115 2132 3143 oon-

1307 3151 1450 3190 stantia
1482 3153 1661 3202 praeferre
1691 3154 1860 3205 aliquem
1879 3155 1994 3195 alicui
2012 3155 2128 3209 (con-

1307 3204 1529 3243 stantiorem
1554 3205 1715 3257 habere)
1739 3206 1823 3254 viii,
1842 3211 1864 3247 1
1912 3210 2131 3248 constantia

1305 3257 1562 3351 v⁰⁰i⁸2³2²tque
1593 3258 1722 3298 vultus
1739 3259 1864 3300 Attici
1890 3261 2129 3315 (morientis)

1305 3323 1395 3356 xxv,

1253 3362 1418 3403 Constat
1430 3364 1505 3403 hoc
1519 3363 1621 3404 inter
1637 3377 1769 3404 omnes
1787 3365 1859 3418 (de
1872 3364 2032 3419 notitia)
2059 3366 2128 3414 vii,

1308 3420 1324 3456 l
1359 3422 1514 3455 constat
1529 3417 1673 3456 reditus
1692 3417 1866 3469 pecunias
1893 3418 1933 3455 in
1951 3418 2010 3457 his
2031 3447 2034 3449 -
2064 3433 2126 3458 os-

1307 3469 1538 3508 sessionibus
1568 3468 1785 3523 (consistit)
1811 3483 1898 3519 xxv,
1937 3475 1987 3513 14
2061 3472 2122 3514 ic:
