2306 3900
581 309 779 352 xxm.
841 309 1288 365 ΗΑΝΝΙΒΑιΕΜ,
1327 313 1464 354 car.
1501 284 1621 354 13.’

221 428 439 483 Cethegus
468 432 515 471 et
545 428 611 471 M.
629 426 805 469 Baebius
833 426 1101 480 Tamphilus,

219 494 306 545 Vel,
325 499 375 535 ut
393 492 480 545 alii,
496 491 762 545 Pamphilus.

270 557 452 610 Atticus]
483 556 570 600 Qui
589 567 795 597 annorum
808 555 1107 608 septingento-

219 634 314 664 rum
341 621 586 664 memoriam
618 632 703 661 uuo
733 619 843 660 libro
871 619 1103 672 colligavit,

216 689 267 727 ut
283 684 604 727 scribitCicero
623 685 677 726 de
696 685 822 727 Orat.
877 683 963 732 Sed
983 681 1102 725 vide-

217 753 292 790 tur
317 748 413 790 heic
441 749 674 802 legendum
706 749 860 791 Attius.
913 749 1102 801 Scripsit

214 809 328 852 euim
346 810 493 852 Attius
520 811 733 852 annalium
761 810 893 853 libros
921 811 1100 864 aliquot.

213 872 369 918 Festus
401 874 445 915 in
474 888 582 917 voce
614 876 793 917 Metelli.-
821 875 1019 918 ‘Metelli
1038 876 1100 916 di·

213 939 402 980 cuntur
390 951 435 980 m
456 951 504 994 re
523 940 714 992 militari,
745 940 864 995 quasi
883 952 1100 983 mercena-

213 1000 284 1042 rii.
341 1001 489 1045 Attius
514 1003 750 1046 Annalium
778 1006 979 1048 vicesimo
1004 1020 1100 1062 sep-

212 1065 331 1110 timo.
386 1068 587 1121 Calones,
618 1068 870 1125 famulique,
900 1072 1101 1114 calculae·

212 1128 324 1184 qne?
394 1130 710 1176 Commemorat
747 1140 795 1177 et
827 1136 993 1177 Tullius
1029 1136 1098 1178 De

209 1190 395 1248 Legibus
428 1195 503 1237 lib.
536 1207 568 1238 1.
609 1197 623 1221 ‘
640 1198 754 1239 Nam
789 1198 891 1252 quid
926 1199 1098 1241 Attium

210 1260 572 1301 commemorem?
595 1262 716 1315 cujus
745 1261 1006 1316 loquacitas-
1023 1264 1098 1306 ha-

208 1320 288 1363 bet
306 1321 467 1377 aliquid
488 1325 769 1378 argutiarum,
788 1338 866 1367 nec
884 1325 930 1368 id
949 1330 1096 1368 tamen

210 1382 266 1427 ex
310 1387 384 1428 illa
429 1389 599 1430 erudita
645 1389 896 1431 Graecorum
935 1390 1094 1444 copia!

206 1448 322 1492 vide
340 1451 524 1494 eundem
543 1460 622 1506 pro
638 1451 799 1494 Archia
816 1452 950 1505 poeta
964 1458 1008 1494 et
1020 1456 1094 1494 So-

204 1511 341 1555 linum
360 1527 457 1568 cap.
476 1519 517 1558 2.
546 1516 730 1558 Lambin.
757 1516 922 1557 Savaro.
959 1517 1094 1558 Plura

205 1576 385 1635 Vossius
404 1578 459 1620 de
480 1579 601 1621 Hist.
621 1579 806 1632 Latinis,
822 1581 897 1622 lib.
917 1592 949 1622 1.
970 1584 1038 1621 11.

258 1639 312 1682 L.
328 1642 495 1683 AEmilio
515 1643 643 1684 Paulo
661 1648 703 1684 et
724 1645 799 1685 Cn.
815 1644 958 1685 Baebio
981 1645 1093 1686 Tam-

200 1704 330 1759 philo]
369 1706 440 1747 Ita
470 1706 717 1760 legendum,
748 1720 850 1760 non,
879 1712 930 1749 ut
947 1709 1092 1762 vulgo,

206 1768 429 1822 Pamphilo.
467 1771 617 1813 Lamb.
670 1771 742 1813 Sic
778 1772 909 1812 etiam
943 1773 987 1813 in
1023 1784 1090 1813 se-

206 1833 372 1886 quenti.
427 1833 553 1876 Quod
574 1835 806 1887 genuinum
821 1836 915 1888 ejus
933 1847 1090 1889 cog-no-

203 1908 320 1949 men,
340 1902 390 1938 ut
409 1897 463 1938 ad
483 1898 651 1939 Livium
682 1899 838 1951 probat
865 1911 920 1940 ex
939 1891 1090 1952 lapidi-

204 1960 284 2003 bus
297 1961 554 2015 Capitolinis
564 1962 776 2015 Sigonius.
798 1962 951 2004 Schott.
972 1964 1089 2016 Mag.

203 2025 277 2067 Sic
313 2027 359 2067 in
397 2025 567 2079 Attico,
612 2026 762 2068 domus
802 2026 1091 2081 Tamphiliurm,

203 2100 286 2142 pro
303 2089 601 2141 Pamphiliana.

255 2153 322 2195 De
343 2154 419 2195 C'n.
439 2154 588 2195 Manlii
611 2154 791 2196 Vulsonis
804 2154 847 2196 in
859 2154 959 2197 Asia
976 2154 1092 2196 rebus

197 2215 346 2268 gestis]
396 2216 467 2257 Sic
510 2217 756 2269 legendum,
802 2221 851 2258 ut
894 2217 1090 2259 indicant

201 2277 336 2320 Fasti.
390 2277 560 2320 Habuit
591 2283 736 2320 autem
771 2279 842 2320 hic
878 2280 1089 2332 collegam

200 2342 266 2385 M.
303 2342 503 2384 Fulvium
545 2342 829 2385 Nobiliorem.
891 2343 1088 2385 Comme-

199 2409 341 2447 morat
384 2417 485 2446 eum
525 2404 672 2447 Livius
726 2404 842 2447 Anu.
878 2416 1087 2448 xxxvur.

198 2468 339 2511 lamb.
367 2469 487 2521 Mag.
541 2469 652 2511 Asia
667 2470 731 2511 illi
746 2470 971 2513 sortitione
988 2482 1087 2512 eve-

197 2538 342 2586 nerat,
359 2538 408 2575 ut
425 2533 602 2587 collega
619 2534 684 2576 M.
696 2535 850 2576 Fulvio
867 2534 1086 2577 Nobiliori

198 2596 359 2638 AEtolia
376 2602 570 2639 cesserat
601 2609 712 2639 anno
744 2598 877 2639 Urbis
895 2599 1084 2640 conditae

199 2663 294 2702 564.
331 2660 422 2702 Hic
441 2661 520 2703 Cn.
537 2661 728 2703 Manlius
747 2673 845 2703 cum
864 2662 1085 2715 Ephesum

198 2723 404 2777 venisset,
416 2724 553 2766 Gallis
564 2725 767 2767 Asiaticis
782 2725 956 2779 bellum,
969 2725 1084 2780 quod

197 2800 273 2830 eos
290 2787 553 2832 Antiochum
586 2789 754 2831 auxiliis
777 2789 949 2843 ,iuvisse
968 2789 1084 2831 dice-

197 2858 283 2906 ret,
313 2854 464 2907 movit,
491 2859 625 2909 atque
655 2854 711 2895 ad
737 2854 908 2907 singula
933 2865 1082 2896 eorum

196 2916 373 2972 oppida,
400 2916 553 2960 Attalo
581 2930 686 2973 rege
723 2917 927 2972 ducente,
963 2930 1083 2960 arma

196 2980 474 3023 circumtulit.
534 2983 598 3024 M.
630 2983 807 3024 Fulvius
841 2994 946 3024 vero
979 2981 1082 3024 Am-

195 3041 388 3087 braciam
407 3047 689 3100 expugnavit,
701 3059 855 3101 pacem
869 3046 931 3089 eis
945 3046 1082 3102 dedit,

194 3113 245 3150 et
262 3108 550 3163 Cephallenia
568 3113 733 3155 insulae.
785 3106 1082 3166 Trium‘phavit

196 3175 397 3226 uterque,
432 3174 510 3215 sed
547 3176 591 3217 S.
620 3176 674 3218 P.
705 3177 762 3219 Q.
795 3177 847 3220 R.
865 3177 1081 3232 ingratiis,

195 3235 517 3290 triumpharunt
536 3243 696 3292 tamen,
710 3240 886 3283 Fulvius
905 3242 1080 3296 quidem

195 3299 252 3342 de
269 3299 439 3353 AEtolis,
455 3301 591 3343 Vulso
616 3314 719 3343 vero
748 3303 801 3344 de
832 3303 970 3345 Gallis
1005 3304 1078 3358 qui

195 3358 342 3407 Asiam
353 3361 622 3405 incolebant:
645 3362 747 3404 Asia
759 3364 949 3418 devicta,
956 3365 1079 3406 luxu·

196 3420 303 3463 riam
320 3423 557 3466 Asiaticam
585 3424 630 3466 in
650 3425 907 3478 triumphum
940 3425 1078 3470 duxit.

199 3480 334 3527 Plura
346 3485 510 3542 Livius,
527 3486 692 3531 PlinIus
711 3486 805 3545 (qui
823 3488 897 3532 lib.
910 3498 1076 3537 xxxtv.

1938 303 2048 359 667

1165 439 1322 470 aunum
1351 429 1460 472 Urb.
1497 429 1685 472 conditae
1720 435 1918 472 numerat
1951 435 2047 474 558.

1164 492 1236 546 qui
1255 497 1402 534 tamen
1431 494 1475 534 in
1506 495 1647 535 Fastis
1665 500 1733 537 est
1750 495 1865 549 566.)
1895 496 2049 538 Florus

1163 560 1318 599 11.11.
1364 557 1506 599 Rufus
1551 560 1701 600 Festus
1729 559 1773 600 ln
1807 560 2047 639 Breviario.

1161 617 1317 661 δεήσει.

1217 680 1354 734 Huius
1403 683 1502 725 bella
1545 686 1682 739 gesta]
1748 685 2045 739 Amplissimus

1162 748 1413 788 Buchuerus
1426 748 1537 789 hanc
1550 749 1830 801 vocem,bella,
1844 762 2050 803 superva-

1163 823 1285 852 cuam
1304 810 1598 863 existimabat,
1613 824 1664 852 ac
1680 813 1898 865 Nepotem
1914 814 2046 867 scrip·

1162 874 1285 925 sisse,
1304 874 1438 924 Huius
1451 879 1566 926 gesta
1579 888 1596 923 ‚·
1626 875 1839 929 quomodo
1854 886 1986 928 supra
2000 877 2045 918 iu

1161 939 1271 979 Dat.
1304 940 1504 994 loquutus
1551 942 1636 992 est,
1672 943 1720 980 et
1762 938 1835 979 alii
1871 940 2047 992 passim.

1161 1002 1324 1047 Rosius.

1214 1068 1384 1122 Sosilus]
1437 1068 1690 1124 Legendum
1723 1068 1908 1112 fortasse
1957 1075 2046 1123 est,

1160 1132 1349 1176 Sosibius.
1403 1134 1722 1176 Commemorat
1748 1136 1863 1177 enim
1883 1136 2045 1178 Sosibi-

1158 1210 1228 1239 um
1248 1199 1460 1253 quendam
1479 1199 1806 1252 grammaticum
1827 1201 2048 1243 Laconem

1157 1261 1324 1315 Suidas,
1350 1262 1416 1303 his
1445 1262 1619 1303 verbis:
1675 1261 1877 1316 Σωσίβιος,
1910 1261 2045 1305 Λάκων

1157 1324 1435 1379 γραμματικός.
1488 1325 1577 1367 Sed
1606 1326 1748 1367 malitn
1777 1327 1862 1380 legi
1883 1326 2041 1382 Sofilus.

1159 1389 1366 1432 Quamvis
1385 1388 1499 1430 enim
1517 1387 1620 1428 mihi
1638 1388 1709 1429 hic
1730 1388 1884 1430 Sofilus
1903 1390 1961 1431 sit
1978 1390 2040 1443 ig-

1156 1457 1300 1503 notus,
1326 1453 1408 1493 hoc
1441 1459 1596 1493 nomen
1625 1457 1768 1493 tamen
1787 1452 1954 1494 GraecIs
1973 1466 2048 1494 no-

1155 1516 1371 1558 tissimum
1402 1521 1482 1567 est,
1506 1520 1552 1557 et
1581 1514 1751 1558 facilior
1780 1515 1834 1558 fit
1859 1518 2045 1559 mutatio

1155 1579 1279 1621 Sosila·
1310 1580 1355 1621 in
1373 1580 1555 1634 Sqfilum,
1587 1591 1717 1633 quam
1751 1579 1797 1620 iu
1831 1578 2042 1622 Sosibium.

1154 1643 1303 1686 Lamb.
1377 1642 1647 1685 Clarissimus
1679 1647 1727 1683 et
1757 1643 2041 1686 amicissimus

1153 1707 1330 1748 Vossius
1348 1706 1454 1748 mihi
1472 1719 1528 1747 ex
1547 1706 1741 1747 Diodoro
1760 1706 1908 1748 Siculo
1927 1707 2041 1747 indi·

1151 1771 1283 1823 cavit,
1302 1783 1452 1812 verum
1469 1781 1622 1810 nomen
1639 1781 1735 1810 esse
1754 1769 1924 1810 Sosilus.
1982 1771 2043 1812 Et

1150 1834 1256 1875 alibi
1274 1833 1426 1875 laudat
1453 1832 1585 1874 verba
1616 1832 1816 1886 Polybii:
1848 1831 1952 1886 Πρὸς
1967 1832 2042 1884 μὲν

1152 1895 1220 1938 οὖν
1245 1895 1298 1938 τὰ
1328 1897 1493 1937 τοιαῦτα
1520 1898 1599 1936 τῶν
1613 1894 1955 1948 ’συγγραμμάτωη
1978 1895 2043 1938 oia

1150 1958 1292 2014 γράφει
1323 1958 1489 2014 Χαιρέας
1512 1958 1703 2011 Mamas,
1750 1957 1863 1999 οὐδὲν
1889 1959 1938 2000 ἂν
1962 1958 2043 2000 δέοι

1150 2022 1275 2065 πλέον
1306 2022 1458 2075 λ’έγειν.
1512 2023 1571 2064 Οὐ
1600 2022 1679 2076 ’γὰρ
1705 2022 1893 2075 ἱστορίας,
1927 2022 2038 2064 ἀλλὰ

1152 2090 1360 2142 κουρεακῆς
1378 2088 1442 2130 καὶ
1458 2086 1664 2138 πανδήμων
1694 2088 1850 2139 λαλιᾶς,
1870 2086 1957 2139 ἐμοί
1987 2102 2040 2138 ’γε

1152 2153 1308 2193 δοκοῦσι
1323 2151 1431 2203 τάξιν
1450 2149 1558 2203 ἔχειν
1588 2148 1653 2190 καὶ
1684 2148 1856 2200 δύναμιν.
1910 2150 2038 2191 Idem

1152 2228 1234 2268 pro
1253 2215 1474 2257 Phila-nius
1490 2212 1694 2254 emendat
1721 2212 1911 2254 Philinus
1940 2225 2039 2255 auc-

1153 2279 1334 2321 toritate
1350 2276 1525 2331 Polybii
1542 2276 1617 2318 lib.
1635 2287 1667 2317 1.
1687 2281 1732 2317 et
1750 2277 1823 2319 111.
1851 2288 1931 2318 nec
1950 2289 2039 2318 nou

1151 2343 1339 2386 Diodori
1355 2342 1506 2396 Siculi,
1523 2341 1640 2395 apud
1659 2353 1787 2396 quem
1804 2342 1881 2383 lib.
1897 2353 2038 2385 xxm.

1151 2405 1258 2450 etin
1278 2407 1452 2461 Eclogis
1468 2410 1647 2448 vocatur
1663 2407 1832 2448 Φιλῖνος.
1864 2406 1992 2448 Gebh-

1202 2472 1438 2515 Literna-um
1471 2470 1707 2511 (ἔπεσαν-ατη
1734 2482 1828 2511 usus
1862 2475 1922 2512 est
1951 2472 2039 2513 doe·

1148 2535 1254 2588 tore]
1281 2535 1395 2576 Nam
1415 2534 1572 2575 Graece
1592 2532 1724 2574 etiam
1745 2533 1954 2585 locutum,
1973 2535 2036 2574 le-

1149 2597 1251 2652 pide
1272 2597 1334 2638 ait
1347 2596 1561 2638 Lucianus
1577 2597 1657 2636 τῶν
1669 2596 1847 2648 νεκρικῶιν
1860 2595 2035 2650 ῡίεἰος.

1150 2673 1238 2703 x11.
1265 2660 1419 2702 Sohott.

1204 2724 1287 2766 Sed
1311 2736 1382 2766 nos
1411 2728 1563 2777 tempus
1580 2722 1660 2776 est]
1700 2722 1900 2775 Vulgati:
1929 2735 2033 2765 nunc

1146 2791 1299 2842 tempus
1315 2792 1385 2829 est.
1439 2788 1647 2829 Extrema
1671 2787 1753 2828 hac
1782 2786 1874 2828 vita
1899 2787 2035 2829 Nobi-

1144 2853 1237 2894 liss.
1264 2851 1471 2894 Bai-thius
1495 2851 1687 2903 legebat,
1715 2851 1780 2892 cui
1806 2851 1921 2898 πανὺ
1949 2852 2036 2903 vel,

1143 2916 1211 2968 qui
1226 2916 1354 2965 υἱῆες
1381 2920 1472 2969 aut,
1488 2915 1576 2968 quis
1587 2915 1672 2956 utra·
1681 2915 1920 2968 proferendi
1934 2914 2032 2959 sint.

1143 2978 1312 3022 Bosius.

1190 3042 1335 3094 Huius
1353 3041 1598 3093 librifucere
1611 3040 1760 3097 finon]
1800 3042 2029 3083 Diviserat

1143 3106 1256 3148 enim
1269 3105 1440 3148 Probus
1451 3118 1558 3159 opus
1569 3117 1690 3146 suum
1704 3105 1747 3145 in
1762 3105 1869 3145 duos
1882 3104 2030 3156 libros,

1142 3170 1233 3211 sive
1249 3170 1336 3211 duo
1354 3169 1595 3211 volumina·
1584 3197 1595 3208 .
1627 3167 1709 3208 etsi
1741 3167 1782 3206 in
1810 3164 2030 3218 praefatio-

1143 3234 1210 3275 nis
1225 3233 1360 3286 calce,
1377 3232 1489 3274 libro
1506 3238 1595 3273 tam
1615 3231 1864 3271 Groecorum
1882 3229 2027 3283 Impe-

1145 3301 1339 3338 ratorum
1359 3307 1488 3350 qnam
1519 3294 1807 3335 Romanorum
1826 3304 1873 3334 se
1892 3303 2028 3346 expo.

1142 3360 1325 3400 siturum
1359 3356 1535 3398 dixerit.
1589 3354 1808 3409 Siquidem
1825 3355 1938 3398 eoin
1964 3356 2027 3397 lo·

1141 3433 1195 3463 co
1213 3421 1384 3473 librum,
1407 3431 1493 3461 non
1512 3430 1591 3472 pro
1610 3418 1915 3474 operis-parte,
1943 3418 2022 3461 sed

1140 3495 1219 3540 pro
1238 3488 1331 3527 toto
1350 3494 1485 3539 opere
1503 3482 1677 3539 accipit.
1704 3482 1821 3535 Mag.
