2306 3900
305 272 496 327 lxxxii

1123 285 1325 324 INDEX

308 417 314 423 ·
357 410 496 449 inferre
528 408 638 460 signa
667 407 743 461 (ine
772 409 812 447 in
846 407 1018 462 hostem)
1059 410 1136 456 xiv,
1155 415 1183 450 6
1243 408 1348 448 Inire
1382 407 1586 450 consilium
1623 408 1781 461 aliquod
1809 394 1982 456 xxv-,ss
2025 409 2121 449 inire

311 495 315 499 .
358 464 496 502 inferre
516 461 679 514 plurima
701 462 800 500 mala
818 463 858 500 in
877 463 1034 502 domum
1061 463 1183 502 alicu-

356 516 423 568 jus
437 516 610 568 (vexare,
629 515 868 554 detrimentis
886 516 1036 556 afficere
1055 516 1183 567 dom.)

361 570 450 615 ii,9
495 569 626 608 inferri
671 569 803 620 aliquo
844 570 1008 621 (dicitur
1045 582 1185 622 corpus

360 621 503 660 mortui
535 621 802 674 sepeliendum
833 621 938 674 scil.)
967 623 1020 669 iv,
1039 628 1062 662 ⁵
1105 623 1187 676 (est

361 675 466 714 enim
483 674 586 714 inter
604 675 723 714 verba
738 675 915 714 solennia
928 676 982 716 rei
999 677 1184 715 funebris.

362 741 401 766 v.
418 727 594 768 Kirchm.
622 728 678 775 iii,
697 727 774 781 22)

307 781 480 838 Infestus
524 781 714 821 Romanis
757 782 907 821 animus
953 781 1025 835 (de
1057 781 1190 821 hostili

313 867 317 874 .
365 834 479 886 odio)
507 834 600 882 xxii,
619 839 644 875 3
673 844 763 875 cum
780 834 818 873 ei
835 835 971 874 fuisset
987 835 1189 875 infestissi-

364 901 452 926 mus
478 888 588 935 xviii,
609 893 661 928 10
950 933 953 936 ,

312 940 481 980 Inficiari
509 940 719 994 (negare):
747 953 826 979 non
855 946 915 980 est
938 941 1190 980 inficiandum

365 993 628 1034 Hannibalem
650 993 871 1045 praestitisse
890 994 965 1034 διο.
994 996 1100 1041 xxiii,
1122 999 1144 1035 1

314 1047 471 1087 Inficias
515 1049 570 1087 ire
613 1047 760 1099 aliquid
808 1047 994 1100 (negare)
1036 1062 1100 1095 xv,
1138 1052 1189 1088 10

367 1100 504 1154 (Voss.
542 1103 592 1140 de
627 1101 729 1139 anal.
758 1101 785 1147 i,
814 1105 866 1140 47
910 1101 1059 1140 dictum
1096 1102 1192 1148 vult,

365 1159 412 1192 ut
440 1159 453 1177 ‘
471 1155 527 1193 ire
544 1154 741 1206 exequias,
761 1154 960 1205 suppetias
976 1155 1000 1193 :’
1029 1167 1075 1193 ac
1089 1161 1193 1193 utro-

317 1207 322 1213 ’
368 1207 485 1260 bique
505 1208 740 1259 subintellig.
760 1207 1085 1259 praepositionem.
1115 1207 1195 1247 Ad.

319 1288 326 1292 -
369 1260 442 1299 Est
471 1267 553 1300 a.1‘*
571 1260 732 1300 inficias’
767 1260 939 1313 ἄρνησιν,
967 1267 1012 1300 ut
1045 1261 1195 1300 Glossae

370 1313 577 1354 Philoxeni
593 1314 916 1366 interpretantur)

317 1367 508 1407 Infimus:
538 1370 590 1407 ad
618 1368 771 1406 infimos
801 1374 951 1406 montes
982 1374 1107 1407 certos
1124 1369 1195 1407 ho-

371 1420 495 1460 mines
530 1421 648 1459 mittit
690 1421 766 1474 (ad
802 1421 950 1460 radices
985 1421 1195 1474 montium)
1261 1440 1264 1443 ·

372 1474 478 1520 xviii,
498 1477 526 1513 9

318 1526 683 1566 Infinitumvbellum
714 1525 984 1578 (inexpiabile,
1012 1527 1196 1579 implaca-

373 1579 472 1632 bile)
513 1580 591 1627 xiv,
626 1583 676 1619 10
720 1580 884 1618 infinitae
920 1581 1198 1632 occupationes

347 1675 350 1678 .
376 1632 576 1684 (maximae
593 1631 693 1684 ὅτε.)
722 1645 811 1679 xxv,
831 1636 884 1672 20

320 1684 500 1725 Infirmus
537 1685 641 1738 (scil.
674 1685 818 1724 viribus
850 1684 1067 1737 armorum)
1091 1684 1198 1732 xviii,

327 1754 332 1769 1
375 1743 400 1779 3
428 1739 671 1778 infirmissimi
693 1738 768 1791 (sc.
788 1738 967 1790 potentia
983 1738 1083 1791 διο.)
1111 1739 1154 1786 ii,
1173 1743 1200 1779 ὃ

322 1791 504 1832 Infodere
521 1792 594 1845 (de
615 1791 824 1844 sepultur.)
852 1793 906 1838 iv,
925 1796 949 1831 5

321 1844 528 1897 Ingenium
549 1845 693 1892 docile,
713 1858 838 1891 come,
859 1851 1009 1898 aptum,
1029 1846 1079 1883 ad
1100 1850 1200 1884 artes

375 1898 542 1950 optimas
569 1901 609 1946 x',
629 1903 651 1939 l
680 1899 825 1951 ingenii
845 1899 1019 1938 celeritas
1046 1899 1152 1946 xviii,
1173 1903 1194 1938 1

377 1952 556 1991 docilitas
584 1966 674 1998 xxv,
695 1956 717 1991 1
747 1953 953 1991 facultates
981 1965 1044 1997 xv,
1066 1956 1088 1992 1

322 2001 529 2056 Ingratus:
566 2006 757 2057 ingratum
788 2007 915 2045 vivere
941 2004 1048 2051 xviii,
1067 2009 1093 2045 6
1138 2005 1198 2044 in-

376 2059 474 2109 grati
505 2058 610 2098 cives
640 2073 676 2105 v,
708 2063 732 2098 3
772 2059 948 2098 homines
975 2071 1041 2104 xx,
1072 2062 1095 2098 1
1139 2059 1198 2097 in-

330 2128 337 2132 ·
377 2118 487 2162 grata
503 2113 641 2151 civitas
670 2111 750 2158 xiii,
771 2116 794 2152 3

323 2163 528 2216 Ingratiis:
558 2167 633 2204 hoc
651 2179 698 2204 eo
719 2165 886 2211 valebat,
905 2171 948 2204 ut
961 2164 1135 2216 ingratiis
1150 2167 1200 2204 ad

377 2219 682 2271 depugnandum
703 2232 836 2257 omnes
855 2225 1083 2270 cogerentur
1098 2219 1200 2272 (vel-

331 2292 337 2297 ·
380 2271 464 2310 lent
482 2271 655 2321 nollent)
684 2272 726 2318 ii,
745 2275 771 2310 4
961 2305 964 2308 Α

325 2322 493 2374 Injicere
537 2324 829 2363 admirationem
875 2324 932 2361 sui
970 2323 1202 2376 (eleganter,

380 2390 465 2428 pro,
494 2377 675 2423 excitare,
694 2389 774 2428 quo
793 2376 877 2415 Cic.
894 2376 949 2414 uti
962 2377 1082 2426 solet)
1110 2377 1163 2422 xi,
1177 2381 1201 2416 3

377 2430 495 2468 alicui
530 2429 790 2479 suspicionem
817 2429 923 2474 xviii,
955 2433 982 2469 9
1022 2435 1203 2469 terrorem

378 2483 483 2529 xxiii,
502 2489 525 2523 5
555 2483 731 2521 timorem
758 2496 795 2528 x,
815 2486 855 2522 7.
883 2483 951 2528 vii,
971 2486 995 2522 3
1023 2496 1104 2521 non
1122 2495 1204 2521 am-

379 2536 482 2586 plius
500 2548 616 2587 quam
634 2535 748 2586 pellis
763 2541 823 2574 est
839 2535 986 2587 injecta
1017 2536 1089 2588 (de
1108 2541 1204 2575 strn-

381 2590 410 2631 ti
428 2586 682 2641 tegumento)
702 2589 794 2635 xvii,
814 2592 840 2628 8

329 2642 558 2681 Inimicitias
577 2641 771 2693 suscipere
799 2641 879 2688 xvi,
899 2646 920 2682 1
951 2655 1039 2680 cum
1072 2642 1203 2695 aliquo

337 2707 341 2711 ·
380 2696 574 2747 suscipere
601 2695 677 2748 (sic
707 2696 849 2734 edente
886 2695 1097 2746 Lambino)
1125 2697 1203 2742 xiv,

381 2753 433 2789 10
474 2749 638 2800 reipubl.
675 2761 792 2787 causa
823 2749 1017 2800 suscipere
1057 2748 1203 2796 xxiv‚2

379 2802 464 2855 (Sic
491 2802 648 2841 Tacitus
680 2801 784 2840 Anu.
812 2802 869 2847 iii,
889 2807 955 2848 54,
980 2805 1041 2842 10.
1081 2802 1203 2841 dixit:

381 2861 393 2878 ‘
414 2869 547 2907 graves
575 2855 808 2894 offensiones
826 2868 896 2906 pro
915 2856 1063 2907 republ.
1083 2855 1205 2896 susci·

379 2909 520 2960 pere').
552 2914 664 2947 utens
683 2907 912 2947 liberalitate
935 2908 1061 2947 nullas
1078 2908 1205 2949 inimi·

338 2970 345 2974 ·
381 2962 491 3001 citias
510 2962 629 3014 gessit
656 2975 744 3006 xxv,
766 2965 814 3001 ll

331 3013 519 3054 Inimicus
556 3014 671 3054 alicui
700 3028 788 3060 xxv,
820 3018 871 3054 10
916 3015 1078 3054 consilia
1113 3027 1203 3054 cum

382 3068 518 3120 patriae
547 3074 628 3106 tum
658 3067 732 3106 sibi
758 3067 914 3106 inimica
931 3068 1112 3119 capiebat
1130 3070 1203 3121 (de

337 3130 339 3132 ’
381 3121 574 3161 seditiosis
611 3126 651 3162 et
685 3121 912 3173 periculosis
944 3119 1202 3172 molitionib.)

381 3175 432 3221 iv,
467 3178 491 3215 3
538 3174 779 3214 inimicorum
813 3173 959 3213 delatio
1004 3176 1202 3226 quomodo

382 3229 612 3279 accipienda
637 3228 715 3274 xiv,
745 3231 772 3268 9
813 3227 1096 3267 inimicissimus
1132 3228 1202 3267 ali-

382 3279 493 3330 cujus
521 3281 626 3326 xviii.
651 3286 692 3321 6.
734 3281 811 3327 xiv,
831 3280 859 3321 δ’
899 3280 1202 3321 inimicissimum

383 3345 493 3370 suum
524 3335 688 3386 (vocant
718 3333 889 3374 Romani
918 3334 1201 3388 Hannibalem)

382 3385 488 3431 xxiii,
509 3390 560 3426 12
599 3388 774 3426 inimicos
812 3389 946 3429 ulcisci
982 3389 1200 3443 pulchrum,

384 3443 425 3476 et
442 3444 648 3490 quatenus,
667 3440 727 3478 Fr.
751 3445 799 3479 12

1246 485 1251 492 ·
1286 464 1459 516 *gratiam
1491 464 1540 502 ab
1573 463 1704 514 aliquo
1743 463 1900 525 (mereri
1939 473 2006 514 ap.-
2051 463 2122 502 ali-

1299 516 1437 569 quem)
1457 516 1523 562 vii,
1535 521 1562 556 9
1581 516 1641 569 (v.
1657 516 1830 569 Gratia).
1842 514 1930 555 iniit
1943 515 2121 561 consilia,

1250 566 1254 571 ’
1292 581 1409 622 reges
1439 569 1823 609 Lacedaemoniorum
1862 569 1997 608 tollere
2023 569 2077 615 vi,
2095 571 2121 609 3

1300 623 1422 662 talem·
1435 623 1524 661 iniit
1540 623 1728 663 rationem
1761 624 1811 662 ad
1842 623 1947 661 hunc
1978 621 2125 661 interfi-

1299 676 1429 716 ciend.
1445 676 1519 716 &c.
1533 676 1632 730 (tale
1647 677 1752 730 cepit
1767 674 1993 727 consilium)
2020 673 2128 722 xxiii,

1248 783 1382 822 Iniens
1427 782 1692 822 adolescentia
1735 781 1963 835 (incipiens,
1996 779 2129 834 ‘prima

1252 855 1256 857 >
1303 834 1400 886 διο.)
1426 835 1470 881 ii,
1487 839 1526 874 1.
1553 834 1621 881 vii,
1651 838 1677 875 2
1706 834 1815 887 (Sict
1845 835 2034 874 ‘ineunte
2052 834 2129 874 ‘Ja-

1304 889 1456 934 nuario,
1482 888 1644 927 ineunte
1684 888 1811 927 aetate'
1854 887 1960 940 apud
2003 887 2131 928 Cicer.

1249 951 1255 956 ·
1306 947 1317 964 ‘
1338 941 1499 980 ineunte
1545 940 1646 981 vere'
1689 954 1753 993 ap.
1800 941 1900 981 Caes.
1936 940 2129 981 ‘ineunte

1306 994 1399 1033 vita’
1432 1007 1495 1046 ap.
1528 994 1634 1034 Gell.
1666 994 1843 1047 legimus.
1875 992 2030 1033 Buchn.
2063 993 2128 1032 Sic

1306 1047 1493 1100 Virgilius
1524 1048 1610 1086 Ecl.
1638 1047 1691 1094 iv,
1726 1051 1776 1088 11
1819 1053 1831 1070 ‘
1860 1047 1995 1099 Teque
2030 1047 2130 1086 adeo

1307 1102 1428 1140 decus
1445 1102 1520 1140 hoc
1540 1101 1627 1147 aevi,
1656 1107 1695 1139 te
1714 1101 1889 1147 consule,
1916 1097 2061 1139 inibit?
2091 1102 2134 1139 h.

1308 1168 1344 1193 e.
1365 1154 1540 1207 incipiet.
1558 1153 1713 1206 Vorst.)

1255 1208 1416 1247 Initium
1432 1223 1442 1246 t
1470 1209 1546 1246 hoc
1565 1207 1718 1246 initium
1735 1206 1811 1245 fuit
1828 1206 1962 1247 salutis
1977 1206 2134 1246 Actaeo-

1309 1274 1394 1300 rum
1421 1261 1502 1307 viii,
1521 1264 1547 1301 2
1575 1260 1718 1299 Dionis
1735 1266 1776 1298 et
1793 1259 1980 1314 Dionysii
2002 1260 2134 1299 simul-

1310 1315 1401 1353 tatis
1430 1315 1508 1353 tale
1540 1314 1694 1353 initium
1725 1313 1801 1353 fuit
1826 1327 1866 1360 x,
1898 1317 1922 1354 3
1969 1314 2020 1353 ab
2056 1319 2136 1352 tam

1260 1380 1265 1383 ·
1310 1367 1419 1407 tenui
1436 1367 1548 1406 initio
1565 1373 1685 1406 tantae
1701 1379 1796 1418 opes
1815 1373 1906 1405 sunt
1922 1366 2135 1420 profligatae

1310 1422 1356 1474 (a
1374 1427 1452 1459 tam
1472 1421 1579 1459 tenui
1608 1419 1834 1472 occasione)
1863 1420 1940 1467 xvi,
1958 1424 1986 1460 2
2022 1419 2136 1458 initio

1260 1490 1266 1494 ·
1311 1475 1419 1526 (pro,
1437 1475 1486 1512 ab
1503 1472 1613 1525 init.)
1642 1473 1722 1519 viii,
1742 1477 1780 1512 1.
1808 1473 1916 1521 xxiii,
1936 1477 1987 1514 11

1257 1527 1435 1579 Injuria:
1482 1527 1514 1565 si
1550 1539 1667 1579 quam
1701 1525 1884 1577 injuriam
1919 1532 2136 1578 acceperat,

1312 1579 1481 1619 malebat
1517 1579 1651 1619 ulcisci
1686 1591 1806 1630 quam
1839 1579 2016 1620 oblivisci
2047 1593 2137 1626 xxv,

1313 1637 1362 1673 11
1392 1644 1472 1672 non
1497 1633 1622 1671 solum
1639 1632 1791 1683 populi,
1820 1633 1888 1672 sed
1907 1633 2025 1672 etiam
2042 1635 2139 1672 ami-

1313 1698 1445 1725 corum
1473 1686 1622 1724 ferebat
1650 1683 1813 1736 injurias
1837 1698 1905 1732 xv,
1922 1689 1948 1726 8
1974 1685 2052 1725 fuit
2067 1698 2139 1747 pa-

1313 1739 1428 1786 tiens,
1457 1751 1690 1790 suorumque
1722 1737 1881 1789 injurias
1898 1739 2025 1778 ferens
2043 1739 2139 1779 crvi-

1314 1805 1379 1831 um
1408 1805 1472 1838 xv,
1507 1796 1532 1833 '7
1580 1791 1656 1844 (sc.
1693 1804 1790 1844 quas
1814 1790 1988 1832 -intule're
2023 1792 2140 1832 cives.

1313 1846 1379 1885 Sic
1418 1844 1610 1895 ‘injurias
1645 1844 1964 1885 adolescentium’
1994 1842 2140 1885 Teren-

1313 1899 1391 1938 tius
1409 1899 1507 1938 dixit
1542 1898 1649 1937 And.
1674 1898 1717 1945 ii,
1738 1902 1777 1944 1,
1796 1898 1886 1950 58).
1914 1897 2048 1951 patriae
2079 1897 2140 1937 in-

1307 1952 1422 2004 juriae
1442 1952 1556 2004 (illae,
1575 1964 1673 2003 quas
1691 1951 1851 2003 pertulit
1866 1950 2013 2005 patria)
2039 1952 2095 2000 ix,
2113 1957 2137 1992 5

1314 2005 1538 2057 injuriarum
1555 2005 1732 2044 oblivisci
1759 2003 1866 2051 xviii,
1883 2009 1911 2045 6
2030 2017 2032 2019 ’

1261 2059 1425 2099 Innixus
1442 2059 1482 2097 in
1497 2059 1671 2098 cubitum
1689 2057 1767 2150 (filio
1785 2071 1824 2097 n.
1843 2057 2022 2110 legend.)
2049 2071 2140 2103 xxv,

1267 2121 1275 2126 '
1314 2107 1366 2153 21
1410 2112 1495 2164 (Ita
1524 2111 1676 2151 Plinius
1745 2138 1756 2150 .
1783 2110 1838 2151 H.
1865 2111 1935 2158 vii,
1962 2108 2016 2152 ‘68
2061 2116 2074 2135 ‘
2093 2111 2142 2151 C.

1315 2165 1503 2205 Servilius
1534 2164 1677 2212 Pansa,
1707 2178 1797 2204 cum
1829 2170 1947 2204 staret
1978 2165 2021 2203 in
2057 2165 2142 2204 foro

1318 2220 1369 2258 ad
1401 2220 1599 2258 tabernam
1635 2219 1730 2256 hora
1764 2217 1846 2258 diei
1879 2219 2066 2265 secunda,
2101 2218 2144 2256 in

1318 2273 1367 2311 P.
1404 2273 1573 2311 Pansam
1617 2271 1772 2310 fratrem
1817 2270 1973 2311 innixus
2017 2270 2144 2310 obiit.’

1318 2325 1456 2364 Cicero
1492 2326 1543 2363 de
1574 2323 1717 2375 Arusp.
1746 2337 1848 2375 resp.
1876 2330 1889 2347 ‘
1907 2323 2052 2364 etenim
2082 2323 2143 2361 vix

1316 2377 1416 2423 haec,
1444 2376 1478 2416 si
1496 2378 1669 2428 undique
1686 2375 1905 2423 fulciamus,
1928 2376 2012 2428 jam
2038 2377 2143 2416 labe-

1317 2429 1436 2476 facta,
1464 2429 1527 2468 vix
1560 2429 1718 2481 inquam
1749 2429 1883 2468 innixa
1905 2430 1946 2468 in
1970 2429 2143 2469 omnium

1319 2489 1495 2522 nostrum
1510 2482 1678 2521 humeris
1698 2481 1984 2534 cohaerebuut’)

1265 2536 1499 2582 Innocentia
1507 2534 1779 2598 (abstinentia,
1789 2535 2033 2576 continentia
2045 2548 2056 2575 ε
2072 2547 2145 2588 op-

1318 2602 1413 2641 pon.
1429 2587 1624 2640 avantiae)
1652 2588 1708 2635 iii,
1728 2590 1755 2629 2

1267 2642 1455 2682 Innoxius
1474 2642 1656 2695 plectitur
1683 2643 1711 2689 i,
1730 2645 1756 2681 8

1266 2696 1407 2750 Inopia
1438 2695 1597 2750 publica
1622 2708 1710 2743 xxv,
1725 2698 1752 2736 2
1789 2693 1849 2748 (v.
1880 2693 2056 2749 Reipub.
2076 2695 2144 2735 'in-

1321 2750 1360 2788 di
1390 2776 1401 2788 .

1267 2749 1495 2856 Inopinznti
1515 2802 1620 2842 venit
1639 2802 1680 2840 in
1699 2807 1839 2854 potest.
1866 2802 1944 2850 xiv,
1958 2805 1989 2843 ·3
2015 2801 2144 2855 inopi·

1321 2862 1424 2899 natae
1442 2869 1502 2895 res
1521 2855 1707 2908 (felicitas
1726 2868 1797 2907 spe
1814 2854 1988 2909 uberior)
2015 2869 2056 2903 x,
2071 2860 2099 2896 6

1267 2908 1608 2961 Inpraesentiarum
1629 2923 1638 2947 :
1668 2922 1707 2946 v.
1725 2908 1903 2948 Praesens

1266 2961 1448 3014 Inprimis
1467 2978 1477 3002 z
1507 2975 1544 3002 v.
1561 2961 1610 3000 In
1628 2967 1670 3000 et
1686 2960 1839 3001 Primus

1266 3015 1402 3068 Inquit
1439 3016 1507 3063 vii,
1531 3019 1570 3055 8.
1598 3013 1706 3060 xxiii,
1730 3018 1756 3054 2
1799 3015 2017 3068 (eleganter
2055 3021 2143 3068 post

1318 3069 1461 3122 primas
1505 3068 1737 3114 orationum,
1782 3080 1872 3131 quae
1915 3067 2143 3114 referuntur,

1319 3135 1435 3162 voces
1453 3138 1462 3162 :
1492 3122 1688 3174 quomodo
1706 3127 1747 3159 et
1765 3121 1902 3162 Cicero
1919 3121 2084 3174 aliique.
2106 3134 2143 3158 v.

1296 3175 1380 3216 >ch
1416 3175 1561 3215 Vorstii
1596 3177 1647 3215 de
1683 3174 1842 3214 Latinit.
1871 3175 2006 3216 merito
2037 3186 2142 3225 susp.

1318 3242 1406 3282 cap.
1426 3233 1492 3270 24.
1513 3242 1601 3282 pag.
1617 3232 1712 3270 205.
1731 3228 1862 3282 seqq.)

1264 3282 1461 3323 Insciente
1479 3296 1527 3322 eo
1555 3283 1661 3330 xviii,
1679 3284 1730 3322 12
1772 3279 1940 3334 (inscio)
1960 3278 2055 3319 Sic:
2083 3278 2142 3317 in-

1320 3335 1532 3376 scientibus
1565 3336 1641 3375 illis
1670 3335 1774 3382 xxiii,
1806 3339 1834 3376 9
1879 3333 1965 3426 (Ita
1992 3331 2141 3372 ,Cicero

1320 3389 1495 3442 Philipp.
1522 3389 1565 3436 ii,
1584 3393 1637 3430 37
1663 3394 1676 3412 ‘
1698 3401 1779 3428 non
1801 3388 1883 3427 inse
1898 3392 1989 3426 ente
2008 3386 2073 3426 te.'
2102 3393 2143 3425 et

1319 3442 1492 3496 Philipp.
1521 3442 1589 3490 xii,
1606 3447 1633 3483 4
1672 3447 1684 3467 ‘
1704 3440 1955 3482 inscientibus
1985 3440 2047 3493 iis,
2073 3439 2141 3492 qui
