2306 3900
339 279 449 336 658

338 419 454 472 quod
491 418 692 460 incolumi
725 420 922 461 exercitu
961 419 1005 461 in
1033 419 1228 463 Africam

336 481 597 535 trajecisset.
664 480 918 535 Appianus:
963 482 1145 531 Ἀννίβας
1184 484 1228 527 δὲ

337 546 403 586 ἐπὶ
427 544 572 595 Λιβύης
587 544 756 598 ἀνήγετο
776 546 980 589 ἑκκαίδεκα
1011 547 1119 590 ἔτεσι
1135 565 1226 604 πορ-

339 609 462 659 θήσας
487 626 534 652 τε
557 610 634 660 τὴν
661 610 851 664 Ἰταλίαν,
876 611 944 653 καὶ
968 611 1060 654 τοὺς
1086 613 1227 667 ἄνδρας

337 673 543 724 ἐμπλήσας
561 677 690 717 κακῶν
711 676 867 730 μυρίων,
895 676 963 718 καὶ
991 678 1032 719 ἐς
1054 677 1227 721 κίνδυνον

338 737 516 791 ἔσχατον
544 739 737 782 πολλάκις
779 742 1028 794 συναγαγὼν,
1064 745 1148 784 τοῖς
1182 742 1226 784 δὲ

337 802 519 852 ὑπηκόοις
542 804 670 845 αὐτῶν
685 803 749 845 καὶ
775 804 994 858 συμμάχοις
1023 806 1226 860 ἐνυβρίσας

336 868 388 908 ὣς
417 867 631 919 πολεμίοις.
685 869 809 910 Idem
837 881 892 910 ex
912 870 1225 913 Fastisintelli·

339 943 442 984 gere
461 932 581 974 licet.
608 932 794 976 Lambin.

391 997 502 1038 CAP.
520 1001 561 1038 6.
590 996 676 1038 Hic
696 998 868 1039 invictus
892 999 1067 1052 patr-&zm
1091 998 1226 1050 desen-

335 1075 422 1103 sum
435 1062 657 1115 revocatus]
700 1061 763 1115 At
781 1062 950 1103 Plinius
967 1063 1014 1104 in
1035 1062 1149 1105 libro
1168 1063 1225 1105 de

335 1126 452 1167 Viris
487 1125 751 1179 Illustribus,
787 1139 814 1167 a
850 1126 1028 1168 Valerio
1064 1128 1224 1170 Flacco

334 1191 569 1245 repulsum,
588 1204 613 1232 a
644 1191 842 1234 Graccho
867 1197 915 1233 et
930 1193 1144 1234 Marcello
1160 1192 1226 1234 fu·

327 1258 503 1307 gutum,
515 1261 562 1296 et
576 1267 676 1296 mox
695 1255 740 1296 in
758 1254 954 1297 Africam
974 1261 1224 1298 revocatum

335 1318 415 1359 ait.
445 1319 564 1370 Mag.
608 1317 751 1360 Livius
779 1318 893 1361 Ann.
929 1330 1044 1362 xxx.
1072 1319 1086 1342 ‘
1106 1319 1226 1362 Nihil

336 1387 459 1424 certe
475 1383 590 1424 ultra
604 1383 669 1423 rei
686 1382 732 1423 in
750 1382 882 1424 Italia
901 1383 956 1424 ab
976 1383 1226 1425 Hannibale

336 1452 522 1498 gestum.
578 1445 694 1487 Nam
717 1445 774 1486 ad
789 1457 887 1486 eum
906 1457 1078 1500 quoque
1091 1445 1225 1499 legati

334 1509 391 1550 ab
419 1508 701 1562 Carthagine,
731 1514 936 1551 vocantes
953 1510 998 1551 in
1015 1509 1225 1564 Africam,

333 1573 387 1614 iis
406 1572 519 1614 forte
535 1573 707 1626 diebus,
727 1573 883 1627 quibus
903 1573 959 1614 ad
976 1574 1227 1627 Magonem,

333 1641 566 1677 venerunt.
622 1636 866 1689 Frendens,
883 1648 1158 1692 gemensque,
1172 1651 1224 1680 ac

334 1700 410 1741 vix
443 1700 673 1753 lachrymis
701 1705 967 1753 temperans,
985 1701 1145 1743 dicitur
1162 1703 1225 1743 le-

334 1770 535 1817 gatorum
546 1763 682 1805 verba
693 1763 879 1805 audisse.
934 1765 1226 1819 Posteaquam

337 1828 456 1870 edita
492 1833 596 1869 sunt
625 1828 857 1869 mandata:
896 1827 996 1870 Jam
1015 1840 1102 1870 non
1128 1842 1227 1883 per·

334 1892 483 1946 plexe,
512 1891 672 1945 inquit,
703 1891 780 1932 sed
816 1891 961 1944 palam
1005 1899 1230 1946 revocant,

336 1955 412 2010 qui
446 1955 631 1996 vetando
656 1955 1004 2008 supplementum
1024 1960 1072 1996 et
1095 1968 1229 2008 pecu..

335 2019 431 2060 nias
464 2018 596 2071 mitti,
622 2018 888 2077 jampridem
918 2019 1228 2062 retrahebant?

336 2084 452 2127 Vide
471 2085 711 2138 sequentia.
752 2103 754 2105 >

331 2159 334 2161 ’
390 2150 593 2191 Adversus
611 2151 662 2190 P.
684 2148 880 2203 Scipionis
877 2149 1038 2204 filium]
1056 2147 1227 2190 Africa-

334 2227 454 2257 num.
479 2213 711 2258 Lambinus,
766 2213 849 2255 Cui
877 2219 963 2254 tam
991 2211 1154 2265 grande
1171 2213 1228 2254 de

336 2279 491 2322 Africa
509 2292 664 2321 nomen
683 2278 776 2320 fata
799 2278 1102 2319 decreverant.
1130 2278 1227 2318 Flo-

338 2357 428 2387 rus.
482 2344 596 2385 Illud
616 2354 850 2395 cognomen
870 2354 926 2383 ex
949 2340 1112 2382 virtute
1131 2339 1228 2380 fuit.

335 2408 513 2450 Sallust.
569 2406 657 2448 Sed
674 2406 923 2458 notandum,
941 2415 1164 2446 commune
1177 2404 1228 2444 il-

336 2471 413 2514 lud
433 2471 567 2518 fuisse
586 2470 754 2512 duobus
773 2469 1063 2523 Scipionibus·
1109 2469 1228 2522 Lege

337 2535 500 2589 Sigonii
531 2535 546 2559 ‘
566 2534 811 2588 Scipionem
850 2530 1155 2585 AEmilianum,'
1181 2537 1227 2573 et

338 2598 578 2643 Auctorem
609 2598 683 2639 De
699 2596 818 2638 Viris
832 2594 1098 2637 Illustribus.
1153 2595 1226 2637 De

339 2668 528 2716 utroque
547 2662 701 2704 Florus
715 2672 769 2703 11.
787 2664 829 2702 6.
851 2663 919 2701 11.

396 2725 617 2766 Est-haustis
638 2725 728 2776 J'am
768 2723 915 2776 patria·
944 2721 1228 2777 facultatibus]

339 2789 562 2831 Diuturno
584 2788 713 2835 bello.
942 2798 945 2801 ’

395 2854 553 2894 Bellum
566 2851 813 2909 componere]
839 2851 948 2894 Rem
969 2851 1116 2894 multis
1133 2848 1227 2893 ver-

339 2916 407 2957 bis
427 2916 610 2968 exponit.
622 2915 767 2956 Livius
789 2915 903 2956 Ann.
922 2926 1037 2957 xxx.

395 2979 447 3020 In
479 2979 709 3031 colloquium
734 2978 937 3031 convenit]
973 2979 1227 3032 Comparuit

341 3041 398 3083 ad
431 3042 707 3095 colloquium,
738 3042 793 3082 de
823 3053 908 3095 quo
936 3043 1138 3083 convenit
1154 3043 1227 3084 ha-

337 3106 496 3148 bendo.
522 3106 622 3147 Jan.
643 3105 844 3147 Gebhard.
899 3105 1074 3146 Livius:
1105 3109 1118 3130 ⁴
1137 3105 1227 3146 Ita-

343 3182 442 3222 que,
477 3180 717 3222 quanquam
746 3174 793 3209 et
833 3167 927 3220 ipse
959 3179 1091 3208 causa
1122 3167 1227 3208 belli

340 3233 437 3285 ejus
456 3237 567 3285 erat,
596 3236 642 3273 et
664 3231 852 3273 adventu
881 3242 957 3271 suo
976 3230 1229 3272 turbaverat

342 3300 492 3344 pactas
531 3294 723 3335 inducias
749 3299 796 3335 et
824 3305 946 3348 spem
978 3291 1224 3334 foederum:
1283 3311 1287 3316 ·

341 3364 488 3398 tamen
508 3359 545 3398 si
561 3359 748 3411 integer,
765 3370 890 3411 quam
911 3358 947 3399 si
976 3358 1136 3409 victus,
1152 3369 1226 3410 pe-

334 3427 460 3465 teret
511 3435 678 3479 pacem,
728 3424 960 3477 aequiorem
1003 3422 1227 3476 impetrari

344 3497 473 3541 posse
506 3491 642 3538 ratus,
673 3486 870 3527 nuntium
896 3486 950 3527 ad
980 3487 1226 3540 Scipionem

343 3550 479 3605 misit,
512 3554 562 3593 nt
581 3549 855 3604 colloquendi
873 3562 1016 3592 secum
1037 3554 1225 3604 potesta·

731 299 910 340 NoTAE
950 300 1288 344 VARIORUM
1329 302 1395 344 IN
1436 305 1487 346 G·
1522 305 1790 349 NEPOTIS

1290 426 1379 464 tem
1409 423 1605 469 faceret?
1657 428 1864 482 Sequitur
1894 440 2011 483 mox,
2049 429 2181 476 ‘Cn--

1288 491 1429 530 terum
1466 491 1612 544 Scipio
1648 504 1745 533 cum
1774 493 2032 547 colloquium
2058 495 2174 539 band

1289 551 1526 606 abnuisset,
1555 555 1681 597 ambo
1697 568 1752 597 ex
1770 556 2008 610 composito
2027 558 2174 602 Duces

1288 619 1434 656 castra
1464 619 1753 670 protulerunt,
1783 624 1834 660 nt
1861 619 1977 661 coire
2005 633 2062 662 ex
2077 634 2178 675 pro-

1287 678 1449 733 pinquo
1474 682 1682 734 possent!
1736 683 1791 724 In
1827 683 1937 725 libro
1956 685 2176 739 Stratege-

1287 749 1448 785 matum
1482 745 1680 798 Polyaeni
1699 746 1890 788 refertur
1908 748 2039 789 animi
2055 761 2176 802 mag-

1285 806 1440 848 nitudo
1472 809 1685 862 Scipionis
1710 811 1912 852 adversus
1930 812 2174 864 speculato»

1286 882 1356 912 res
1393 871 1766 925 Carthaginenses.
1819 876 1893 916 De
1928 874 2085 928 quibus
2114 874 2179 918 le·

1286 935 1453 987 gendus
1471 937 1603 978 etiam
1623 936 1850 991 Appianas
1867 939 2054 992 Ξυριακῇ.

1345 1002 1599 1044 Condiciones
1634 1016 1711 1044 non
1740 1004 2018 1056 convenerunt]
2043 1006 2178 1047 Ταῦτα

1285 1063 1359 1115 μὲν
1377 1062 1446 1106 οὖν
1462 1064 1734 1118 διαλεχθέντες
1753 1067 1885 1108 αὐτοῖς
1909 1067 2091 1115 Ἀννίβας
2108 1069 2177 1110 καὶ

1287 1127 1477 1183 Πόπλιος,
1505 1130 1790 1184 ἐχωρίσθησαν,
1816 1130 2040 1184 ἂξύμβατον
2062 1147 2177 1182 ποιη-

1287 1190 1448 1244 σάμενοι
1475 1193 1552 1244 τὴν
1577 1195 1838 1248 κοινολογίαν.
1867 1196 2078 1250 Polybius
2096 1207 2177 1241 xv.

1286 1256 1361 1298 Ita
1378 1256 1540 1299 infecta
1557 1269 1668 1311 pace
1684 1270 1741 1300 ex
1769 1258 1984 1313 colloquio
2002 1261 2059 1301 ad
2077 1271 2178 1302 snos

1288 1334 1387 1363 cum
1421 1335 1468 1364 se
1509 1323 1792 1377 recepissent,
1837 1322 2002 1366 frustra
2044 1326 2178 1367 verba

1286 1390 1448 1438 pacata
1475 1387 1750 1429 renuntiant:
1781 1387 1912 1429 armis
1942 1387 2179 1430 decernen-

1287 1448 1388 1490 dum
1427 1461 1542 1502 esse,
1570 1450 1902 1505 habendamque
1921 1462 2014 1492 eam
2040 1451 2179 1493 fortn-

1284 1523 1399 1566 nam,
1417 1525 1545 1568 quam
1563 1514 1640 1555 Dii
1659 1514 1898 1558 dedissent.
1952 1515 2006 1556 In
2031 1522 2177 1558 castra

1286 1580 1335 1617 ut
1371 1582 1440 1617 est
1486 1581 1675 1630 ventum,
1703 1579 2001 1631 pronuntiant
2035 1581 2177 1634 ambo,

1287 1651 1405 1680 arma
1423 1640 1682 1693 expedirent
1707 1641 1890 1695 milites,
1923 1644 2177 1698 animosque

1288 1703 1342 1744 ad
1362 1716 1611 1757 supremum
1629 1710 1867 1760 certamen,
1885 1707 2028 1749 nonin
2042 1720 2176 1749 unum

1287 1765 1405 1807 diem
1438 1766 1518 1808 sed
1543 1767 1589 1807 in
1625 1773 1898 1823 perpetuum,
1924 1770 1963 1810 si
1987 1769 2177 1812 felicitas

1289 1829 1476 1884 adesset,
1489 1831 1692 1872 victores.
1749 1832 1891 1873 Roma
1915 1843 1971 1873 an
1997 1833 2178 1875 Cartha·

1289 1905 1343 1946 go
1372 1893 1477 1946 jura
1495 1895 1696 1947 gentibus
1729 1894 1870 1944 daret,
1905 1901 2008 1954 ante
2026 1897 2179 1938 crasti-

1288 1969 1387 1998 nam
1417 1964 1589 2000 noctem
1626 1958 1824 2001 scituros.
1880 1961 2037 2015 Neque
2063 1960 2176 2002 enim

1288 2019 1498 2074 Africam,
1516 2027 1592 2063 aut
1606 2022 1793 2076 Italiam,
1811 2021 1888 2064 sed
1908 2023 2074 2066 Orbem
2092 2028 2180 2066 ter-

1289 2097 1434 2127 rarum
1462 2086 1655 2128 victoriae
1692 2087 1918 2140 praemium
1945 2085 2066 2129 fore:
2097 2099 2178 2141 par

1289 2149 1531 2202 periculum
1566 2150 1744 2202 praemio
1781 2149 1934 2203 quibus
1979 2149 2175 2192 adversae

1290 2225 1450 2265 pugnae
1477 2212 1650 2255 fortuna
1679 2212 1846 2255 fuisset.
1887 2212 2175 2256 Liviusxxx.

1290 2276 1442 2317 Florus
1459 2288 1511 2318 11.
1526 2281 1567 2320 6.

1343 2339 1463 2392 Apud
1493 2340 1676 2394 Zamam]
1724 2341 1871 2382 Livius
1888 2352 2002 2383 xxx.
2022 2346 2070 2384 et
2088 2342 2175 2384 Po-

1289 2402 1430 2453 lybius
1449 2413 1527 2444 xv.
1548 2408 1647 2455 post
1670 2415 1860 2456 pugnam
1887 2404 1940 2444 ad
1960 2403 2178 2446 Adrume-

1292 2470 1399 2517 tnm,
1435 2465 1551 2518 apud
1588 2466 1764 2507 Zamam
1799 2465 2041 2509 conflixisse
2077 2480 2175 2509 cnm

1290 2528 1494 2581 Scipione
1509 2528 1803 2570 Hannibalem
1815 2536 2070 2572 memorant.
2094 2535 2176 2572 Με-

1286 2590 1340 2632 τὸ,
1356 2590 1400 2632 δέ
1409 2606 1519 2633 τινας
1531 2589 1674 2646 ἡμέρας
1690 2591 1903 2645 ἀναζεύξας
1918 2593 1964 2634 ἐκ
1973 2595 2052 2635 τῶν
2069 2595 2176 2648 παρὰ

1286 2654 1360 2696 τὸν
1395 2654 1617 2708 Ἀδρύμητα
1640 2654 1773 2698 τόπων
1801 2658 1989 2711 προῆλθε,
2017 2657 2083 2699 καὶ
2105 2672 2175 2701 κα·

1286 2715 1648 2771 τεστρατοπέδευσε
1686 2718 1774 2772 περὶ
1810 2718 1953 2772 Ζάμαν.
1996 2720 2102 2771 αὕτη
2140 2722 2174 2763 δ’

1289 2780 1377 2822 ἐστὶ
1389 2780 1504 2823 πόλις
1521 2781 1728 2834 ἀπέχουσα
1749 2783 2001 2837 Καρχηδόνος
2017 2785 2068 2826 ὣς
2081 2785 2176 2838 πρὸς

1287 2846 1360 2887 τὰς
1388 2844 1518 2888 δύσεις
1543 2846 1632 2888 ὁδὸν
1655 2846 1806 2901 ἡμερῶν
1834 2846 1967 2890 πέντε.
2022 2847 2173 2900 Zama,

1291 2909 1406 2956 Urbs
1437 2909 1614 2964 Africae,
1633 2923 1729 2964 quoe
1748 2910 1988 2952 Ptolemaeo
2003 2909 2176 2963 Ἀζάμα.
2254 2903 2258 2908 ’

1291 2971 1379 3013 Sed
1414 2978 1618 3025 corrupte
1639 2986 1650 3014 ε
1693 2978 1744 3014 ut
1783 2978 1987 3015 notarunt
2029 2975 2174 3016 Latini

1290 3037 1567 3089 interpretes.
1595 3037 1764 3077 Dictaa
1782 3039 1886 3087 am,
1907 3037 2023 3092 quod
2036 3052 2174 3082 canere

1289 3104 1520 3157 significat.
1590 3104 1961 3146 Quemadmodum
1990 3104 2086 3146 fons
2126 3105 2172 3146 in

1290 3166 1442 3208 Africa
1458 3166 1667 3219 ὁμώνυμος,
1685 3172 1735 3208 ut
1750 3167 1883 3208 tradit
1899 3179 1954 3208 ex
1971 3166 2172 3209 Vitruvio

1288 3231 1482 3272 Isidorus
1499 3231 1577 3271 lib.
1595 3241 1699 3271 vlu.
1717 3233 1759 3271 4.
1799 3230 1955 3272 Ketoelz.

1346 3296 1446 3336 Cum
1465 3296 1594 3335 eodem
1611 3294 1813 3348 conflixit]
1845 3295 1902 3335 Et
1932 3293 2075 3335 victus
2103 3293 2170 3335 fu-

1290 3357 1355 3411 git
1371 3357 1604 3399 Hannibal.
1632 3356 1759 3399 Anno
1776 3356 1831 3397 U.
1849 3356 1898 3396 C.
1915 3365 1976 3396 ιο.
1994 3365 2053 3396 m.
2073 3356 2169 3398 haec

1288 3427 1427 3475 gesta,
1445 3427 1631 3476 apparet
1661 3432 1717 3462 ex
1740 3420 1964 3460 Fastorum
1995 3418 2169 3461 tabulis.

1289 3486 1443 3528 Schott.
1517 3512 1522 3518 -

1342 3549 1476 3591 Biduo
1506 3552 1546 3591 et
1582 3546 1731 3590 duabus
1772 3545 1966 3603 noctibus]
2011 3546 2168 3602 Polyb.
