2306 3900
654 251 759 290 xv.
825 251 1318 303 EPAMINONDAM,
1357 252 1491 291 CAP.
1528 238 1583 290 3.
1924 239 2031 291 579

200 383 272 413 um
287 370 513 423 legendum
529 369 800 411 existimare:
818 382 891 422 quo
907 371 1084 411 adstans.

199 438 361 478 Verum
381 438 443 478 ita
474 441 582 488 ante,
603 436 763 490 multos
789 448 923 477 annos
941 448 1086 477 emen-

200 500 323 542 davit
350 500 591 552 Schoppius
615 499 815 540 Vei-isim.
847 499 922 540 lib.
950 511 1023 540 111.
1043 503 1084 540 4.

200 570 249 606 et
280 576 363 617 ego
390 564 435 604 iu
454 564 540 604 Ms.
561 575 658 604 meo
677 562 864 615 reperio,
896 563 969 616 qui
988 574 1086 603 cum

200 628 408 681 Schoppii
427 628 642 668 veteribus
661 626 847 669 codicib.
877 626 921 666 in
937 627 1086 679 pleris-

199 702 285 744 que
302 691 528 731 consentit.
561 691 696 743 Ernst.
766 690 970 731 Ceterum
987 690 1086 730 ‘ad—

201 752 333 795 stsns'
365 743 572 805 Ampliss.
600 753 916 794 Freinshemius
950 764 1086 806 expo·

199 817 351 868 nebat,
382 829 528 858 coram
563 817 720 868 factus,
751 830 886 871 prope
917 819 1085 859 hostem

200 879 394 933 positus;
421 885 472 922 ut
490 893 640 921 seusus
661 881 733 932 sit,
749 893 831 921 non
847 880 975 923 modo
991 894 1086 922 cur·

199 954 298 984 rere
343 943 547 984 didicisse
591 944 962 997 Epaminondam;
1008 945 1085 986 sed

199 1005 332 1046 etiam
350 1006 528 1058 luctari,
557 1019 640 1060 quo
666 1007 844 1048 adstans
873 1014 918 1048 et
947 1020 1086 1062 prope

199 1068 363 1110 hostem
395 1070 560 1122 positus
578 1082 676 1111 eum
695 1071 928 1124 complecti
956 1076 1087 1125 atque

201 1143 300 1173 cum
317 1142 374 1175 eo
392 1132 656 1189 contendere
684 1139 845 1186 posset.
881 1135 1087 1187 Schoppii

202 1206 307 1237 vero
327 1191 558 1237 'sententia
601 1196 614 1219 ‘
636 1197 824 1238 adstaus’
865 1197 979 1238 idem
1019 1204 1087 1240 est

199 1256 316 1311 quod
350 1263 487 1311 stans,
523 1264 573 1300 ut
602 1259 645 1300 in
674 1260 913 1313 Priapaeis:
941 1260 1086 1302 ‘Auc-

201 1326 374 1361 tumuus
411 1322 569 1363 sterilis
597 1322 763 1364 duobus
792 1323 967 1364 adstans
983 1323 1010 1365 :'
1041 1328 1088 1365 et

200 1383 317 1436 apud
375 1384 580 1427 Plautum
638 1385 785 1431 Aulul.
837 1398 872 1427 1.
927 1390 966 1426 l.
1018 1389 1085 1427 1⁷.

198 1445 335 1488 ‘Istic
361 1447 564 1489 adstato.'
608 1447 816 1490 Jacentes
854 1448 987 1499 enim,
1024 1448 1086 1489 in-

201 1510 315 1564 quit,
350 1517 397 1551 et
422 1516 589 1552 stantes
610 1511 765 1553 luctari
783 1511 1010 1562 solebant;
1030 1511 1086 1553 de

199 1585 286 1627 quo
305 1574 360 1615 P.
381 1575 522 1616 Faber
541 1573 738 1627 Agonist.
758 1587 791 1615 1.
814 1578 881 1616 10.
929 1575 983 1615 In
1001 1575 1087 1615 Ms.

201 1637 404 1678 Boecleri
424 1637 508 1680 fuit
522 1652 535 1679 ι
564 1641 767 1683 currendo,
786 1638 964 1693 (omissa
980 1650 1087 1679 voce

199 1700 412 1753 herman)
427 1702 478 1742 ad
497 1714 582 1743 eum
586 1703 731 1755 finem,
757 1703 859 1754 quod
888 1706 999 1748 stans
1028 1714 1086 1742 co.

198 1777 240 1816 p.
269 1777 307 1806 u.
337 1778 373 1806 c.
429 1766 510 1806 Vir
546 1765 753 1818 Ampliss.
787 1771 834 1806 et
861 1764 916 1805 de
946 1765 1087 1806 literis

202 1827 537 1878 humanioribus,
556 1829 592 1868 sl
611 1828 707 1882 quis
734 1828 861 1878 alius,
878 1828 1087 1881 praeclare

202 1891 381 1932 meritus
401 1891 468 1932 Io.
493 1891 623 1932 Frcd.
647 1891 893 1933 Gronovius
922 1892 981 1931 nil
1000 1903 1089 1932 mu-

204 1955 381 1995 tandum
400 1954 690 1996 existimabat.
747 1954 973 2007 Apponam
994 1967 1090 1996 ver·

204 2017 261 2059 ba
277 2017 375 2070 ejus
390 2030 445 2058 ex
458 2018 643 2071 epistola
658 2016 712 2058 ad
728 2018 794 2059 Cl.
805 2018 1087 2058 Boeclerumz

204 2082 400 2134 Duplex,
436 2083 591 2136 inquit,
624 2087 720 2123 erat
749 2082 894 2131 lucta;
929 2085 1089 2133 erecta,

203 2156 302 2198 quas
339 2145 633 2198 peragebatur
656 2158 683 2186 a
699 2144 928 2196 stantibus,
953 2150 1000 2185 et
1019 2157 1091 2185 vo·

203 2207 409 2248 lutatoria
414 2208 667 2260 jacentium.
723 2208 836 2251 Quin
853 2208 984 2248 etiam
1002 2209 1092 2249 vul-

206 2283 262 2323 go
303 2271 444 2312 acrius
477 2276 525 2312 et
570 2271 865 2312 vehementius
911 2277 1091 2323 agentes

205 2334 407 2376 videntur
435 2347 522 2375 non
546 2348 642 2375 cum
661 2347 767 2376 casu
791 2334 948 2375 fecisse
961 2334 1090 2374 finem

204 2400 488 2454 repugnandi,
529 2400 604 2441 sed
648 2406 739 2441 tum
776 2411 945 2454 quoque
974 2399 1091 2440 labo-

205 2477 338 2518 rasse,
369 2471 420 2506 ut
447 2476 591 2506 secum
621 2464 866 2505 detractum
894 2462 1093 2504 adversa·

205 2529 332 2580 rium,
351 2530 387 2570 si
407 2528 536 2580 forte,
560 2527 842 2569 succumbere
871 2530 1091 2578 cogerent.

207 2592 306 2634 Quo
351 2591 545 2632 alludens
589 2590 787 2633 ,lustinus
830 2589 906 2629 lib.
954 2599 1091 2629 xxxi.

205 2654 219 2676 ‘
236 2666 335 2695 cum
356 2655 563 2704 Romano,
583 2665 661 2693 seu
679 2650 961 2704 occupaveris
977 2651 1093 2703 prlor

208 2720 364 2773 aliqua,
395 2731 473 2760 scu
506 2719 676 2769 viceris,
713 2725 803 2758 tum
832 2718 963 2758 etiam
994 2729 1091 2758 cum

207 2784 322 2824 victo
334 2790 378 2824 et
385 2783 563 2835 jacente
578 2782 826 2822 luctandum
845 2780 966 2822 esse.'
1020 2780 1092 2821 Ab

206 2847 281 2887 illo
309 2846 441 2899 igitur
472 2847 563 2887 sive
602 2847 741 2886 altero
783 2856 958 2897 genere,
1001 2843 1092 2885 sive

208 2910 341 2951 nimio
387 2916 545 2951 conatu
586 2908 794 2960 luctandi,
838 2897 1093 2949 abstinuisse

208 2973 565 3026 Epaminondam,
585 2984 792 3026 usumque
819 2972 932 3012 lucta
947 2971 1092 3011 hacte-

207 3049 304 3087 nus,
322 3049 398 3078 seu
427 3042 647 3077 certamen
667 3049 719 3088 eo
748 3047 885 3089 usque
903 3034 1092 3088 produx-

207 3101 307 3151 isse,
326 3112 546 3153 quousque
576 3106 695 3140 stans
713 3105 760 3140 et
778 3104 968 3150 erectus,
988 3109 1092 3138 non-

208 3163 307 3203 dum
318 3163 473 3214 jacens
492 3169 565 3202 aut
585 3162 762 3215 genibus
787 3162 926 3212 nixus,
942 3161 1092 3202 adver-

209 3227 366 3267 sarium
401 3225 631 3277 complecti
663 3230 709 3265 et
734 3225 857 3265 nodis
878 3225 1091 3275 stringere

208 3295 255 3331 et
273 3301 418 3341 parem
435 3288 495 3328 illi
517 3293 722 3340 praestare
743 3293 899 3340 posset.
938 3287 1093 3329 Jaceu·

210 3353 266 3393 tis
284 3353 398 3393 euim
429 3352 545 3392 illam
580 3350 903 3391 contentionem
929 3349 982 3389 ad
1004 3355 1091 3389 stu-

211 3415 326 3456 dium
345 3422 388 3457 et
410 3415 706 3469 spectaculum
727 3412 947 3467 pertinere
976 3411 1091 3465 judi·

1147 370 1280 421 cavit,
1299 375 1344 411 et
1360 371 1529 410 illorum
1551 381 1660 420 esse,
1674 367 1808 422 quiin
1826 367 2032 409 luctando

1148 434 1253 474 nihil
1282 439 1446 486 praeter
1465 439 1725 486 praesentem
1745 431 1967 476 victoriam
1989 436 2037 473 et

1149 495 1326 536 athleta*
1347 495 1503 536 nomen
1529 501 1806 549 spectarent:
1834 495 1929 548 ipsa
1962 507 2036 536 au·

1150 565 1239 600 tem
1259 559 1463 611 palaestra
1478 571 1524 599 se
1539 559 1798 612 castigabat,
1809 571 1893 600 non
1907 571 2037 612 prop-

1149 626 1219 663 ter
1236 634 1452 674 campum,
1482 634 1563 663 nec
1582 628 1633 663 ut
1652 634 1798 664 secum
1817 634 2035 676 compara·

1149 692 1242 728 tum
1262 688 1432 729 omnino
1448 688 1657 739 vinceret,
1690 687 1768 727 sed
1796 692 1846 727 ut
1864 699 2038 729 exerce·

1148 758 1269 792 retur
1285 750 1330 791 in
1346 762 1552 803 praesens,
1583 750 1626 789 in
1645 755 1868 802 posterum
1886 751 2038 805 melior

1149 815 1383 868 agiliorque
1402 814 1522 855 miles
1539 819 1669 854 esset.
1723 814 1796 853 De
1812 818 2038 865 compacto

1146 880 1279 932 igitur
1310 891 1409 920 cum
1445 879 1660 920 luctatore
1695 889 1772 917 seu
1799 878 2040 929 palaestrita

1148 943 1254 995 egit,
1291 947 1355 993 ut,
1401 941 1436 982 si
1476 942 1687 982 alteruter
1734 940 2039 992 supplantatus

1147 1006 1453 1056 collaberetur,
1491 1004 1618 1046 ambo
1652 1003 1901 1045 certaminis
1928 1003 2039 1044 desi-

1147 1075 1318 1111 nerent.
1347 1071 1359 1092 ‘
1377 1070 1521 1121 Usque
1554 1067 1608 1108 ad
1639 1079 1742 1123 eumx
1766 1065 1927 1118 finem,’
1954 1078 2039 1107 non

1148 1137 1216 1173 est
1251 1143 1303 1173 ea
1336 1131 1392 1172 de
1428 1142 1576 1180 causa,
1609 1129 1685 1170 sed
1721 1129 1957 1181 hucusque,
1992 1135 2042 1170 ut

1149 1195 1305 1236 Cicero
1323 1194 1367 1234 iu
1388 1198 1473 1235 act.
1494 1188 1597 1233 ljin
1614 1193 1742 1232 Verr.
1782 1191 1795 1214 ‘
1812 1191 1979 1233 Mansit
1995 1193 2040 1232 iu

1148 1258 1398 1301 conditione
1414 1262 1545 1311 atque
1561 1262 1707 1309 pacto,
1720 1267 1854 1308 usque
1869 1256 1922 1296 ad
1943 1268 2040 1296 eum

1148 1322 1295 1374 finem,
1327 1321 1428 1361 dum
1466 1319 1638 1372 judices
1666 1318 1822 1372 rejecti
1864 1319 2042 1361 essent!

1148 1387 1260 1430 Quae
1296 1385 1430 1426 verba
1462 1395 1689 1438 perperam
1710 1383 2001 1425 sollicitantur
2017 1397 2043 1425 a

1148 1451 1253 1491 viris
1286 1448 1442 1490 doctis.
1493 1449 1592 1489 Lib.
1618 1459 1654 1488 1.
1674 1447 1730 1488 de
1750 1447 1856 1488 Nat.
1900 1449 2042 1489 Deor.

1148 1513 1295 1557 ‘Quid
1327 1513 1483 1562 dicam,
1515 1516 1700 1565 quantus
1729 1522 1849 1550 amor
1881 1509 2042 1551 bestia-

1149 1590 1244 1618 rum
1263 1577 1320 1617 sit
1344 1576 1387 1616 in
1407 1574 1640 1616 educandis
1660 1572 2042 1627 custodiendisque

1150 1642 1219 1692 iis,
1235 1654 1331 1694 quae
1351 1637 1705 1693 procreaverunt,
1722 1649 1858 1690 usquc
1877 1637 1930 1677 ad
1945 1649 2043 1678 eum

1151 1704 1296 1755 finem,
1312 1704 1415 1744 dum
1428 1702 1592 1754 possint
1606 1713 1651 1742 se
1666 1701 1759 1753 ipsa
1773 1699 2042 1741 defendere!

1150 1758 1377 1809 Hactenus
1398 1764 1655 1807 Gronovius.
1699 1764 1786 1806 Qui
1807 1769 1949 1804 tamen
1969 1763 2045 1804 ad·

1151 1831 1230 1879 dit,
1250 1831 1286 1872 si
1307 1830 1451 1883 plures
1470 1829 1577 1869 Mss.
1597 1828 1696 1880 quod
1715 1831 1824 1867 stans
1846 1826 2046 1868 adfirma-

1152 1901 1266 1946 rent,
1299 1893 1443 1934 forsan
1481 1890 1765 1944 rejiciendum
1795 1902 1880 1930 non
1919 1898 2042 1930 esse:

1152 1971 1248 2000 cum
1284 1955 1507 2005 Terentio,
1538 1953 1739 1995 Ciceroni
1767 1958 1813 1993 et
1836 1952 2043 1998 similibus

1153 2032 1271 2073 saepe
1289 2018 1338 2059 τὸ
1361 2019 1461 2071 quod
1480 2029 1557 2069 pro
1576 2015 1735 2069 quoad,
1749 2016 1818 2056 vel
1838 2021 2043 2068 quantum

1154 2085 1224 2136 ad,
1243 2089 1443 2135 ponatur.
1499 2079 1627 2123 Quod
1647 2079 1798 2130 Nepos
1816 2079 1912 2118 heic
1930 2078 2043 2119 dixit

1143 2158 1270 2202 ‘usque
1282 2149 1325 2189 iu
1343 2161 1430 2189 eum
1436 2148 1580 2201 finem,
1612 2157 1691 2198 pro
1716 2157 1769 2185 eo
1798 2156 1893 2196 cap.
1911 2147 1952 2185 9.
1980 2156 2046 2184 us-

1152 2227 1224 2266 que
1242 2226 1285 2254 eo
1301 2213 1468 2266 posuit:
1495 2223 1616 2262 usque
1645 2222 1688 2249 eo
1717 2207 1901 2260 retinuit,
1918 2207 2045 2259 quoad

1152 2276 1420 2317 renunciatum
1451 2278 1508 2315 est
1538 2273 1675 2313 vicisse
1704 2270 1897 2312 Boeotios.
1954 2269 2041 2311 Qui

1152 2340 1272 2380 locus
1301 2343 1523 2390 receptam
1556 2335 1806 2385 lectionem,
1834 2345 1929 2373 meo
1949 2333 2042 2385 qui-

1153 2405 1250 2445 dem
1262 2404 1448 2458 judicio,
1467 2402 1572 2442 mire
1598 2398 1838 2441 confirmat.
1888 2396 2045 2437 Bos-ius.

1207 2468 1319 2509 CAP.
1335 2470 1376 2507 3.
1401 2467 1524 2505 Plura
1543 2463 1663 2504 etium
1680 2462 1805 2502 animi
1824 2460 1942 2512 bona]
1974 2465 2047 2499 ‹lw-

1153 2532 1276 2572 σικοῖς
1293 2527 1557 2582 προτερήμασι
1573 2523 1900 2576 κεχορηγημένος.
1940 2523 2044 2563 Dio-

1154 2594 1248 2634 dor.
1266 2592 1340 2633 lib.
1353 2603 1432 2632 xv.
1471 2590 1672 2630 Gebhard.

1210 2654 1434 2705 Modestus]
1471 2652 1575 2693 vid.
1593 2651 1756 2694 sustin.
1778 2661 1844 2690 vn.
1863 2653 1906 2689 8.
1933 2654 1974 2690 7.
1997 2655 2043 2689 et

1153 2721 1195 2758 8.
1234 2717 1331 2757 Val.
1362 2717 1484 2757 Max.
1513 2726 1584 2756 111.
1610 2718 1652 2754 7.
1685 2720 1775 2754 ext.
1807 2718 1848 2753 5.
1886 2712 2044 2753 AElian.

1154 2783 1257 2824 Var.
1290 2793 1334 2821 v.
1366 2785 1406 2821 5.
1453 2780 1574 2821 Plut.
1606 2778 1649 2818 in
1671 2779 1884 2827 Lycurgo,
1921 2780 1967 2815 et
2001 2776 2047 2815 iu

1155 2844 1380 2898 Apopbth.
1401 2846 1484 2883 ὅτε.
1530 2840 1749 2882 Modestia
1774 2851 1876 2880 vero
1905 2850 2045 2892 neque

1156 2908 1330 2948 summis
1351 2906 1591 2947 mortalium
1613 2901 1854 2955 spernenda
1882 2907 1967 2953 est,
1996 2907 2046 2941 ut

1155 2972 1219 3012 ait
1239 2971 1474 3023 Vologeses
1493 2982 1564 3021 ap.
1579 2968 1726 3009 Tacit.
1749 2978 1824 3006 xv,
1845 2969 1886 3007 2.
1916 2964 2044 3006 Adde

1156 3041 1247 3076 not.
1270 3033 1487 3074 Buchneri
1504 3032 1556 3072 ad
1577 3043 1608 3071 1.
1631 3035 1664 3071 l.
1686 3034 1726 3070 l.

1214 3099 1270 3139 Ut
1292 3097 1439 3146 uejoco
1458 3097 1611 3149 quidem
1643 3091 1893 3142 mentiretur]
1940 3090 2046 3131 Vita

1157 3161 1320 3202 Attici:
1351 3162 1363 3183 ‘
1385 3158 1660 3199 Mendacium
1694 3167 1831 3207 neque
1854 3153 2045 3203 dicebat,

1156 3236 1292 3278 neque
1315 3223 1405 3275 pati
1427 3219 1633 3273 poterat!
1666 3216 1786 3257 Istud
1808 3228 1911 3256 vero
1927 3227 2046 3256 men·

1157 3287 1290 3327 tiendi
1307 3285 1452 3325 odium
1471 3287 1628 3335 praeter
1646 3286 1844 3320 naturam
1862 3278 2045 3318 instilla-

1158 3360 1246 3391 tum
1278 3352 1445 3401 utrique
1472 3347 1552 3387 suit
1575 3343 1811 3398 praeceptis
1833 3348 1961 3395 atque
1983 3341 2047 3380 in-

1158 3414 1319 3455 stitutis
1346 3409 1645 3463 Philosophiae.
1722 3406 1875 3447 AEliau.
1926 3405 2042 3446 Hist.
