2306 3900
602 335 799 383 xxm.
859 335 1307 391 HANNIBALEM,
1345 325 1569 398 οΑιχΒ.

172 457 350 512 partim
368 457 528 512 praedae
553 469 606 500 ae
638 456 794 500 divisui
812 455 1055 511 principum

173 522 431 576 quibusdam
464 526 510 563 et
541 520 862 574 magistratibus
900 527 1054 575 erant,

169 585 274 638 quin
299 591 347 627 et
374 586 574 638 pecnnia,
600 597 696 639 qnae
723 585 768 626 in
794 585 1054 640 stipendium

173 649 376 690 Romanis
404 661 482 690 suo
511 660 678 704 quoque
705 660 817 690 anno
844 649 1054 703 pendere-

172 717 260 764 tur,
287 711 463 763 deerat3
492 711 789 766 tributumque
816 726 947 767 grave
967 714 1055 767 pri-

170 774 285 816 vatis
299 775 521 816 imminere
536 775 777 818 videbatur.
833 777 1054 818 Hannibal

167 843 400 892 postquam
431 840 662 893 vectigalia
696 846 860 896 quanta
893 847 1053 884 terres-

168 902 254 944 tria
280 903 581 958 maritimaque
610 909 774 957 essent,
802 910 849 947 et
872 904 918 946 in
949 917 1053 960 quas

166 978 237 1008 res
281 974 576 1020 erogarentur,
622 968 959 1020 animadvertit;
1006 973 1055 1011 et

168 1029 288 1083 quid·
306 1042 454 1072 eorum
484 1030 693 1072 ordinarii
724 1032 923 1086 Reipubl.
953 1044 1054 1074 usus

167 1099 487 1147 consumerent,
549 1100 757 1149 quantum
826 1097 1054 1149 peculatus

168 1162 414 1209 averterct;
444 1159 642 1200 omnibus
661 1159 844 1201 residuIs
860 1160 1054 1213 pecuniis

168 1222 351 1274 exactis,
384 1222 549 1263 tributo
568 1224 748 1276 privatis
766 1224 962 1276 remisso,
989 1237 1054 1266 sa·

157 1285 224 1326 -tis
241 1284 504 1338 locupletem
521 1287 752 1340 Rempubl.
769 1287 864 1329 fore
883 1288 939 1329 ad
958 1300 1053 1330 vec-

155 1347 276 1400 tigal
296 1349 591 1402 praestandum
619 1351 838 1404 Romanis,
866 1364 1052 1405 pronun-

163 1411 292 1453 tiavit
322 1412 369 1453 in
398 1413 622 1468 concione,
653 1418 702 1456 et
728 1415 935 1468 praestitit
952 1427 1049 1468 pro·

162 1475 367 1518 missum.'
393 1476 577 1519 Iambin.
631 1478 750 1519 Hinc
776 1483 873 1520 orta
903 1479 1051 1520 Romae

164 1544 234 1580 est
251 1539 306 1581 ab
325 1541 582 1594 optimatum
601 1540 795 1584 factione
812 1542 888 1584 illa
916 1542 1051 1596 suspi-

163 1602 234 1644 cio
269 1608 425 1645 contra
458 1606 774 1658 Hannibalem3
814 1611 865 1647 ut
898 1606 1051 1662 quisin

163 1677 277 1719 pace
295 1679 363 1708 res
382 1680 530 1721 novas,
560 1673 605 1710 et
625 1681 721 1710 cum
741 1668 958 1710 Antiocho
987 1681 1051 1710 se-

162 1735 289 1773 creta
317 1731 422 1773 belli
449 1733 630 1774 consilia
646 1733 872 1775 adversum
890 1734 1048 1776 Roma-

163 1806 242 1836 nos
258 1795 497 1837 moliretur.
523 1797 726 1839 Keuchen.

216 1859 335 1900 Anno
366 1863 459 1911 post
499 1861 736 1914 proeturam]
782 1860 869 1903 Qui
919 1860 1051 1902 Urbis

165 1921 304 1965 Cond.
323 1933 490 1966 nzvm.
507 1923 684 1978 Olymp.
703 1936 854 1966 cxnvr.
883 1937 992 1966 anno
1010 1929 1050 1967 2.

159 1987 252 2028 Alii
271 1987 405 2040 priori
424 2000 533 2029 anno
548 1988 594 2029 id
613 1989 828 2031 accidisse
845 1990 1010 2032 volunt.

218 2053 284 2094 M.
317 2054 500 2108 Claudio,
525 2055 648 2097 Lucio
674 2056 798 2097 Mo
830 2056 961 2108 Coss.]
987 2056 1051 2099 Μ.

163 2117 341 2160 Claudio
370 2119 600 2174 Marcello,
639 2120 689 2162 L.
719 2119 851 2162 Furio
880 2120 1051 2174 Purpu-

163 2195 309 2226 reone.
337 2183 519 2225 Lambin.

219 2247 373 2288 Navem
388 2247 609 2289 conscendit
625 2246 745 2300 clmn]
765 2246 890 2289 Inter
907 2245 1054 2288 Adru-

161 2313 326 2350 metum
346 2314 393 2351 et
409 2309 642 2363 Thapsum,
674 2311 749 2352 ubi
779 2315 878 2351 erat
900 2311 954 2351 inv
975 2321 1053 2351 sua

162 2371 287 2414 turri.
342 2372 440 2416 Quo
471 2373 543 2414 die
569 2371 725 2415 Africa
755 2372 972 2415 excedens
1003 2373 1050 2414 in

161 2436 389 2479 Cercinam
412 2437 595 2478 insulam
618 2437 808 2491 traJecit.
862 2437 1050 2479 Postero

160 2501 321 2554 Tyrum
332 2502 548 2556 allabitur,
560 2506 607 2544 et
621 2502 838 2556 excipitur
855 2514 882 2544 a
899 2501 1048 2550 condi,-

161 2564 330 2606 toribus
365 2565 652 2619 Carthaginis.
718 2567 840 2619 Lege
876 2566 933 2608 de
964 2567 1048 2610 hac

162 2628 270 2682 fuga
296 2629 427 2683 ipsius
457 2629 625 2671 Livium
652 2640 838 2671 xxxin.
860 2635 906 2672 et
923 2631 1048 2673 Cice-

161 2706 315 2736 ronem
341 2694 397 2735 de
415 2694 545 2736 Orat.
562 2706 615 2737 ιι.
649 2694 848 2748 Contigit
875 2694 954 2736 illa
980 2695 1047 2738 M.

161 2756 324 2799 Porcio
358 2758 542 2812 Catone,
584 2758 634 2800 L.
668 2757 846 2800 Valerio
890 2759 1049 2801 Flacco

163 2822 285 2864 Coss.
314 2822 466 2865 Keuch.

216 2885 269 2926 In
295 2885 477 2938 Syriam]
505 2884 803 2937 Antiochiam3
830 2897 928 2940 quae
948 2898 1050 2940 pars

162 2949 301 3004 Syriae
321 2949 482 3002 Plinio,
494 2950 645 3001 Melae,
662 2955 709 2991 et
728 2949 918 3004 antiquis
933 2950 1050 2993 Geo-

163 3013 350 3067 grapbis.
399 3012 510 3054 Inde
526 3012 770 3066 profectum
786 3012 1048 3056 Antiochum

161 3077 322 3129 Ephesi
340 3076 634 3131 consequitur,
653 3081 700 3118 et
719 3077 773 3119 ab
792 3090 845 3119 eo
862 3078 1047 3133 benigne

164 3140 397 3193 excipitur.
452 3141 625 3182 Livius:
665 3141 681 3164 ⁴
708 3142 868 3195 Ephesi
899 3154 1048 3196 regem

162 3209 231 3244 est
268 3207 543 3256 consecutus,
582 3201 862 3246 fluctuantem
907 3205 1047 3247 adhuc

164 3267 320 3321 animo,
346 3268 644 3321 incertumque
673 3267 729 3309 de
747 3269 938 3312 Romano
957 3270 1049 3311 bel-

163 3331 232 3372 lo:
252 3331 329 3372 sed
347 3330 462 3372 haud
481 3342 660 3384 parvum
676 3328 945 3374 momentum
958 3333 1049 3375 ani·

164 3403 236 3435 mo
282 3393 337 3435 ad
381 3394 642 3435 moliendum
690 3395 900 3437 adventus
929 3396 1050 3437 Han-

166 3454 319 3498 nibalis
372 3456 508 3500 fecit!

168 3527 303 3561 xxxi.

169 3599 171 3602 ·
223 3581 289 3631 Ad
316 3581 571 3639 Antiochum]
598 3586 831 3641 Magnnm3
867 3586 942 3643 qui
972 3586 1048 3629 Se·

579 3456 803 3501 videndus
848 3459 877 3503 J
882 3459 1049 3501 ustinus

1892 330 2002 383 661

1114 458 1228 500 leuci
1259 458 1461 501 Callinici
1492 458 1633 502 filius.'
1676 459 1745 502 De
1778 465 1865 515 quo'
1894 467 1998 505 ante

1114 522 1293 566 dictum.

1170 590 1340 631 Exulem
1360 588 1615 644 judicarunt]
1645 592 1844 633 Dicar-unt
1870 593 1999 634 estin

1112 653 1372 695 membranis
1391 655 1549 695 nostris
1567 659 1614 695 et
1627 655 1783 707 Ultraj.
1811 654 2000 696 fortasse

1113 719 1272 771 verius,
1301 732 1382 772 pro
1413 719 1689 773 addixerunt,
1714 732 1844 761 unum
1871 733 1897 762 e
1924 721 2001 763 tri-

1113 782 1191 823 bus
1211 782 1412 835 praetoris
1430 782 1590 834 verbis,
1607 782 1679 833 do,
1699 782 1814 835 dico,
1830 783 2000 826 addico.

1112 845 1263 888 Schott.
1319 847 1453 899 Ipsum
1470 848 1622 888 exulem
1628 846 1885 899 judicarunt]
1908 848 1998 889 De-

1110 909 1230 951 lituit
1249 909 1294 950 in
1307 910 1413 951 Mss·
1434 909 1674 964 syllabaju,
1701 910 1998 963 scriptumque

1112 978 1207 1014 erat
1239 973 1438 1026 dicarunt,
1477 974 1593 1028 quod
1639 974 1848 1015 Schottus
1884 974 2002 1015 illico
2067 977 2069 980 ’

1114 1035 1287 1090 arripit,
1323 1037 1591 1091 exponitque
1625 1038 1880 1078 addixerunt.
1935 1038 2001 1078 At

1112 1100 1208 1153 quis
1223 1099 1288 1141 ita
1306 1112 1331 1142 e
1355 1101 1482 1142 Latio
1501 1101 1692 1155 loquitur
1721 1100 1901 1142 addicere
1928 1101 2001 1141 vel

1112 1162 1247 1205 dicare
1279 1165 1432 1206 exulem
1470 1175 1552 1218 pro
1602 1164 1751 1206 exsilio
1786 1164 2000 1206 multare?

1115 1227 1317 1271 Gebhard.

1169 1293 1281 1334 Car.
1314 1295 1356 1335 8.
1397 1293 1448 1334 L.
1483 1292 1681 1344 Cornelio,
1721 1291 1774 1339 Q.
1814 1290 1998 1331 Minutio

1117 1357 1247 1410 Cosa]
1274 1357 1324 1398 L.
1347 1357 1552 1398 Cornelio
1572 1356 1744 1397 Merula
1762 1360 1809 1396 et
1827 1356 1884 1398 Q.
1915 1354 2001 1395 Mi·

1111 1420 1242 1461 nucio
1258 1420 1442 1461 Thermo
1462 1421 1580 1463 Coss.
1634 1418 1681 1460 Is
1710 1430 1844 1460 annus
1867 1417 2000 1460 Urbis

1114 1493 1243 1524 nan.
1290 1482 1455 1536 primus
1511 1482 1785 1536 Olympiadis
1829 1491 2001 1523 cxnvn.

1116 1546 1301 1588 Chronol.

1169 1609 1270 1649 Cum
1286 1608 1454 1662 quinque
1471 1608 1643 1650 navibus*
1659 1606 1843 1658 Africam
1872 1619 2001 1648 acees-

1109 1671 1184 1724 sit]
1212 1672 1349 1725 Atqui
1366 1684 1452 1713 non
1471 1672 1599 1713 modo
1617 1672 1711 1724 ipse
1739 1684 1791 1716 eo
1819 1683 1905 1712 non
1929 1683 2000 1713 ac·

1112 1736 1258 1788 cessit,
1283 1736 1361 1776 sed
1380 1747 1435 1776 ne
1452 1736 1599 1778 literas
1629 1736 1803 1789 quidem
1821 1736 2000 1777 mittere

1112 1810 1241 1838 ausus
1270 1803 1362 1849 est;
1405 1810 1462 1839 ne
1494 1811 1580 1852 quo
1611 1811 1715 1840 casu
1743 1799 2000 1852 interceptae

1111 1861 1208 1913 ejus
1243 1862 1420 1903 consilia
1456 1860 1777 1914 patefacerent.
1849 1862 1999 1903 Livius

1112 1935 1281 1965 xxx1v.
1320 1925 1333 1948 ‘
1359 1925 1592 1966 Sententia
1622 1926 1717 1977 ejus
1747 1937 1834 1966 una
1864 1930 1999 1977 atque

1111 1987 1263 2028 eadem
1283 1998 1453 2039 semper
1472 1992 1582 2038 erat,
1609 1994 1659 2028 ut
1685 1988 1730 2028 in
1759 1986 1892 2028 Italia
1910 1987 2002 2028 bel·

1108 2050 1198 2091 lum
1209 2055 1449 2103 gereretur.
1477 2050 1651 2092 Italiam
1670 2055 1718 2091 et
1734 2055 2000 2092 commeatus

1110 2118 1157 2155 et
1175 2112 1357 2154 militem
1376 2112 1657 2165 praebituram
1671 2118 1854 2155 externo
1866 2113 2000 2157 hosti.

1110 2237 1276 2280 viribus
1295 2242 1342 2282 et
1358 2238 1495 2291 copiis
1514 2238 1658 2281 Italiae
1678 2245 1805 2282 extra
1822 2239 1998 2282 Italiam

1109 2302 1272 2347 bellum
1290 2313 1470 2357 gerere3
1496 2314 1637 2358 neque
1656 2305 1838 2358 Regem,
1855 2316 1997 2360 neque

1110 2371 1287 2421 gentem
1318 2367 1451 2412 ullam
1478 2380 1630 2422 parem
1660 2370 1866 2412 Romanis
1886 2382 1998 2412 esse.

1089 2432 1199 2488 'Sibi
1218 2436 1392 2474 centum
1412 2438 1552 2475 tectas
1564 2435 1726 2488 naveis,
1743 2447 1842 2479 xvr.
1862 2436 2001 2479 millia

1107 2496 1323 2551 peditum,
1350 2497 1468 2539 mille
1498 2498 1670 2552 equites
1705 2499 1997 2552 deposcebat:

1107 2572 1163 2602 ea
1179 2573 1225 2603 se
1255 2561 1394 2603 classe
1412 2561 1597 2614 primum
1612 2561 1806 2605 Africam
1833 2564 1996 2617 petitu-

1106 2636 1227 2666 rum:
1256 2636 1521 2678 magnopere
1553 2624 1772 2666 confidere
1806 2633 1855 2668 et
1889 2627 1996 2668 Car-

1106 2689 1398 2743 thaginienses
1444 2688 1500 2731 ad
1533 2689 1828 2732 rebellandum
1860 2690 1916 2732 ab
1949 2702 1997 2732 se

1108 2751 1313 2806 compelli
1341 2764 1497 2806 posse;
1532 2752 1598 2793 sin
1626 2752 1690 2794 illi
1720 2757 1999 2809 cunctentur,

1108 2828 1157 2858 se
1188 2816 1333 2869 aliqua
1363 2820 1487 2868 parte
1516 2816 1655 2858 Italiae
1686 2816 1847 2858 bellum
1877 2817 1998 2859 exci-

1110 2885 1302 2922 taturum
1320 2879 1553 2924 Romanis.'
1606 2881 1720 2922 Vide
1755 2881 1998 2936 sequentia.

1107 2943 1257 2989 Iamb.

1162 3010 1215 3052 In
1234 3007 1392 3063 finibus
1412 3009 1711 3063 Cyrenoemm]
1740 3008 1826 3052 Qui
1844 3012 1891 3050 et
1909 3009 1994 3062 Cy·

1106 3084 1312 3115 renenses
1347 3073 1636 3126 appellantur.
1691 3072 1917 3114 Sallustius
1948 3072 1994 3111 in

1104 3137 1395 3192 Jugurthinoz
1422 3138 1436 3162 ‘
1464 3139 1563 3181 Qua
1594 3142 1857 3189 tempestate
1887 3136 1993 3176 Car·

1105 3203 1393 3255 thaginienses
1412 3202 1631 3254 pleraeque
1641 3200 1804 3242 Africae
1820 3198 1994 3252 imperi·

1107 3266 1286 3308 tabant:
1334 3266 1601 3319 Cyrenenses
1644 3275 1813 3317 quoque
1850 3263 1995 3316 magni

1106 3335 1240 3383 atque
1267 3328 1463 3381 opulenti
1488 3327 1642 3369 fuere?
1695 3328 1881 3381 Cyrene,
1909 3327 1994 3380 Cy·

1106 3393 1292 3445 renaica,
1310 3390 1471 3432 Africae
1492 3390 1716 3444 provincia
1735 3392 1993 3444 Ptolemaeo,

1107 3455 1223 3497 unde
1243 3455 1529 3508 Cyrenenses,
1544 3454 1755 3507 Cyrenoei.

1161 3519 1213 3560 Si
1237 3518 1352 3568 sorte
1384 3517 1734 3571 Carthaginienses·
1762 3519 1814 3559 ad
1850 3518 1991 3559 bellum

1107 3582 1293 3625 Antiochi
1311 3595 1380 3637 spe
1398 3582 1626 3638 fiduciaque
1641 3584 1829 3625 &ducere
1846 3582 1993 3636 posset]
