2306 3900
682 257 816 296 xiv.
880 257 1212 308 DATAMEM,
1254 258 1387 298 car.
1425 244 1479 298 2.

163 371 304 423 disin
341 378 389 415 et
425 373 630 427 maJornm
664 373 936 426 praemiorum
970 385 1047 426 spe

163 438 334 491 ductus,
350 451 448 479 cum
463 440 583 492 Rege
598 439 829 481 Persarum
843 450 938 479 sese
950 451 1047 479 con-

156 501 320 554 junxit.
373 501 484 543 Haec
504 501 597 544 fere
622 501 842 542 Diodorus
872 501 948 542 lib.
969 512 1048 543 κν.

134 589 141 595 -
164 565 219 605 ab
237 565 407 607 AEmilio
437 564 584 606 Probo
610 565 655 605 in
682 576 735 605 eo
763 565 946 605 maxime
964 564 1049 604 dis-

165 639 365 681 crepans,
384 628 499 682 quod
521 627 893 681 Autophradatem
920 629 964 669 in
983 628 1051 680 iis,

166 691 240 744 qui
259 703 288 731 a
306 692 426 744 Rege
437 690 670 733 Persarum
689 691 959 744 defecerant,
976 705 1051 733 nu-

165 760 318 795 meret.
345 753 528 796 Lambin.

169 841 177 846 -
222 817 328 857 Erat
341 829 385 857 eo
403 821 574 870 tempore
598 818 749 872 Thyus]
792 818 938 860 Codex
965 819 1053 860 Da·

165 879 292 921 nielis
309 882 582 934 transpositis
603 882 743 922 literis
769 882 912 935 Thuys.
969 882 1054 923 Vel

170 943 320 995 Τὶωιιε,
333 945 445 997 quod
465 944 580 984 idem
600 950 684 986 est.
736 945 893 986 Utrum
909 949 1054 986 autem

168 1007 387 1049 scribatur
409 1009 556 1062 Tityus,
583 1021 636 1049 an
658 1010 806 1062 Thuys,
824 1021 890 1057 au,
909 1009 1057 1060 Tlams,

170 1070 276 1110 nihil
296 1070 448 1113 refert.
505 1073 592 1114 Sed
612 1073 756 1114 malim
785 1073 918 1114 scribi
941 1073 1058 1124 ΤΙιῃς,

170 1135 262 1176 sive
283 1136 406 1187 ΤΙιᾳε,
426 1136 554 1177 unica
570 1137 751 1189 syllaba.
805 1137 882 1177 Θῦς
899 1135 1012 1176 enim
1032 1147 1058 1175 a

172 1198 340 1240 Graecis
370 1199 545 1241 dicitur.
602 1200 921 1242 Commemorat
954 1212 1058 1242 eun-

171 1263 268 1304 dem
289 1263 522 1305 Athenaeus
542 1264 614 1306 lib.
634 1275 683 1306 x.
709 1264 894 1306 Lambin-

224 1326 430 1380 Dynastes
459 1328 763 1380 Paphlagoniae]
799 1327 924 1369 Infra
942 1328 955 1351 ‘
972 1327 1056 1369 Re·

173 1389 293 1442 gem’
327 1388 461 1430 fuisse
488 1390 612 1442 dicit,
643 1392 719 1432 sed
753 1392 872 1432 nullo
909 1391 1056 1432 discri-

170 1452 302 1494 mine.
355 1452 591 1495 Athenaeus
610 1466 666 1495 ex
683 1455 958 1507 Theopompo
979 1458 1058 1493 Πα-

171 1516 383 1569 φλαγόνων
394 1517 566 1564 βασιλέα
577 1524 705 1559 vocat
718 1518 792 1559 lib.
806 1529 869 1558 iv.
898 1517 1057 1558 Strabo

172 1580 317 1633 Reges
362 1581 582 1634 Dynastas
628 1581 839 1634 appellari
879 1581 1058 1632 scribit3

174 1644 287 1696 quod
306 1657 460 1698 magna
480 1645 649 1697 praediti
668 1645 755 1686 sint
774 1645 986 1698 potentia,
1007 1655 1058 1684 ac

173 1707 373 1761 populos,
403 1720 603 1762 quorsum
645 1708 770 1760 libet,
803 1708 874 1748 vel
911 1708 952 1748 vi
992 1708 1061 1748 vel

173 1771 453 1822 persuasione
470 1771 710 1824 impellant.
765 1771 846 1811 Est
865 1771 980 1811 enim
998 1770 1062 1811 δύ·

176 1847 288 1884 ναμις
315 1834 483 1875 Graecis
514 1833 724 1886 potentia.
761 1833 942 1884 Magius.
995 1833 1060 1875 Si·

175 1897 266 1938 mili
283 1897 487 1951 loquendi
502 1897 627 1938 modo
638 1897 873 1938 Matthaeus
891 1894 1063 1943 βασιλέα

178 1968 308 2004 vocat
333 1963 525 2017 quemvis
553 1963 831 2016 Principem3
862 1962 1062 2015 quemad-

177 2025 353 2066 modum
372 2026 480 2067 etin
509 2025 693 2067 Oriente
725 2026 853 2078 Melk,
868 2024 1000 2078 Amir,
1015 2030 1064 2066 et

178 2089 323 2131 Sultmi
342 2095 581 2132 sumuntur.
615 2090 817 2131 Keucloen.

233 2156 273 2196 A
303 2155 526 2208 Pyloemeue
553 2154 642 2206 illo]
682 2152 880 2206 Lougolii
911 2150 1063 2192 Codex

181 2224 386 2271 corrupte
413 2218 548 2260 habet
578 2218 822 2265 Philomele3
849 2215 1066 2266 semonia,

180 2282 416 2323 Philumene.
450 2281 640 2334 Magius.
693 2278 822 2320 Unde
839 2278 946 2319 alius
967 2279 1063 2318 Phi·

181 2346 341 2387 kmm.
396 2347 512 2387 Vera
547 2345 678 2387 lectio
713 2356 769 2385 ex
797 2344 891 2396 ipso
926 2341 1066 2384 Poeta

182 2414 358 2450 constat
373 2411 510 2450 Ἰλιαδ.
524 2412 567 2456 β.
597 2405 870 2460 Παφλαγόνων
883 2405 917 2447 δ’
929 2404 1066 2456 ἡγεῖτο

183 2472 445 2524 Πυλαιμένεος
461 2471 602 2514 λάσιον
617 2474 704 2524 κῆρ.

236 2536 276 2576 Δ
310 2537 496 2578 Patroclo
521 2536 788 2588 interfectum]
818 2535 1067 2576 Menelaum

184 2600 255 2643 hic
281 2613 360 2653 pro
388 2602 589 2642 Patroclo
617 2613 674 2642 ex
702 2600 950 2641 narratione
977 2599 1068 2639 Ho-

185 2665 350 2706 merica
379 2664 607 2705 dicendum
639 2663 790 2715 fuisse,
825 2668 947 2703 recte
975 2662 1070 2702 Ma·

189 2727 283 2779 gius
316 2727 552 2768 annotavit.
599 2726 777 2767 Boeeler.
846 2725 920 2766 Sic
957 2723 1070 2764 enim

190 2790 422 2841 Homerus,
438 2789 494 2831 Il.
508 2801 554 2831 v.
574 2789 694 2830 Ἔνθα
711 2787 955 2839 Πυλαιμένεα
984 2785 1072 2828 ἑλέ·

189 2868 265 2902 την
280 2851 505 2895 ἀτάλαντον
524 2853 654 2906 Ἄρηΐ,
683 2851 828 2905 Ἀρχὸν
857 2851 1071 2903 Παφλαγό·

189 2931 267 2959 νυν
291 2916 519 2968 μεγαθύμων
543 2914 779 2958 ἀσπιστάων.
805 2914 882 2955 Τὸν
910 2913 983 2965 μὲν
1014 2914 1076 2967 ἄρ’

190 2979 387 3033 Ἀτρείδης
413 2978 660 3033 δουρικλυτὸς
678 2977 877 3020 Μενέλαος
893 2977 1073 3019 ‘wear’

194 3043 312 3095 ἐγχεῖ
323 3044 424 3098 νύξε,
438 3044 541 3085 κατὰ
556 3045 700 3093 κληῗδα
711 3042 903 3095 τυχήσας.
945 3042 1072 3085 Quod

195 3109 251 3149 ab
285 3108 379 3149 aliis
423 3109 762 3149 animadversum
797 3113 844 3148 et
878 3111 1075 3148 notatum

193 3184 292 3214 esse
324 3171 467 3212 video.
499 3172 677 3213 Lumbin.
730 3170 859 3212 Unde
893 3174 1077 3221 constat,

194 3236 426 3288 μνημονικὸν
439 3234 645 3289 ἁμάρτημα
654 3235 858 3277 familiare
871 3247 964 3277 esse
978 3246 1076 3276 auc-

195 3302 361 3343 toribus
381 3299 695 3342 festinantibus.
724 3299 875 3339 sehon.

252 3365 296 3405 Is
325 3366 414 3415 regi
444 3365 549 3403 dicto
583 3360 763 3412 audiens]
810 3360 961 3400 Malim
997 3359 1076 3399 lioc

166 3467 169 3470 .
199 3438 324 3479 quam
359 3427 466 3478 regis
501 3426 605 3466 dicto
637 3424 822 3465 audiens:
864 3424 1077 3489 utnliabet

1885 247 1993 301 563

1109 375 1371 427 Longoliana
1391 380 1438 417 et
1463 374 1619 428 passim
1645 375 1830 428 vulgatae
1849 372 2000 417 editio-

1109 449 1201 479 nes.
1254 439 1313 479 Et
1344 438 1406 479 sic
1438 438 1553 491 apud
1585 438 1754 479 Livium
1782 449 1994 492 reponen-

1111 500 1229 550 dum,
1247 501 1321 542 ubi
1339 508 1545 555 corrupte
1565 515 1735 556 quoque
1761 508 1845 555 est,
1873 509 1885 527 ‘
1901 503 1999 544 Ser·

1110 563 1168 603 vii
1187 563 1322 604 Tullii
1337 563 1455 605 dicto
1475 565 1700 606 audientes
1720 565 1894 619 essent‚'
1917 579 1998 620 pro

1111 626 1250 667 Servio
1269 627 1410 677 Tullio,
1426 630 1508 670 διο.
1536 628 1688 671 Schott.
1714 630 1917 673 Kenchen.

1170 690 1315 730 Omnia
1325 690 1499 742 primum
1516 693 1691 744 experiri
1707 694 1843 747 voluit,
1857 699 1904 736 ut
1915 695 2001 737 siae

1111 754 1235 794 armis
1262 754 1519 806 propinquum
1554 757 1606 796 ad
1641 757 1809 811 officium
1841 760 2002 800 reduce-

1112 817 1194 870 ret]
1221 818 1293 859 Sic
1311 818 1540 859 Terentius
1556 820 1764 861 Eunucho
1782 835 1792 862 ε
1813 821 1826 843 ‘
1841 821 2003 863 Omnia

1115 882 1236 934 prius
1269 882 1476 934 experiri,
1508 894 1633 935 quam
1667 884 1814 935 armis,
1833 885 2002 937 sapien-

1117 951 1205 986 tem
1225 945 1384 988 decet?
1402 947 1631 989 Lambinus.
1664 947 1814 988 Simile
1833 947 2001 988 dictum

1117 1009 1316 1062 Dionysii
1334 1010 1379 1050 in
1399 1011 1552 1063 Eclog.
1582 1012 1737 1063 Legat.
1756 1021 1809 1052 ιι.
1845 1024 1889 1064 p.
1908 1014 2003 1053 295.

1117 1077 1163 1113 et
1172 1072 1363 1113 Menelai
1376 1073 1489 1126 apud
1504 1073 1728 1115 Libanium
1740 1075 2002 1128 Sophistam.

1117 1135 1342 1177 Miltiades
1371 1147 1459 1176 non
1493 1137 1621 1177 aliter
1653 1149 1758 1189 erga
1784 1138 1936 1179 Parios
1956 1150 2004 1179 se

1119 1199 1279 1252 gessit:
1308 1199 1496 1241 ‘Parum
1516 1199 1727 1252 insulam,’
1754 1200 1896 1254 inquit
1914 1201 2005 1242 Ne-

1118 1275 1213 1316 pos,
1240 1264 1254 1287 ‘
1270 1263 1426 1316 opibus
1440 1265 1594 1304 elatam
1614 1275 1710 1305 cum
1726 1265 1922 1304 oratione
1940 1276 2004 1304 re-

1118 1327 1349 1368 conciliare
1380 1339 1464 1368 non
1495 1333 1657 1380 posset,
1675 1329 1823 1381 copias
1843 1340 1867 1369 e
1886 1330 2007 1369 navi·

1121 1392 1198 1433 bus
1216 1391 1382 1443 eduxit,
1415 1393 1565 1433 urbem
1594 1393 1794 1444 operibus
1822 1392 2006 1434 clausit?

1118 1455 1272 1508 Polyb.
1288 1456 1364 1496 lib.
1381 1466 1434 1498 11.
1453 1456 1509 1498 de
1525 1456 1796 1498 Hamilcare:
1814 1458 2008 1509 διατρίψας

1118 1518 1161 1560 δὲ
1180 1519 1221 1560 ἐν
1236 1521 1320 1561 τοῖς
1337 1518 1468 1560 τόποις
1481 1519 1629 1560 τούτοις
1646 1518 1715 1569 ἔφη
1730 1520 1873 1572 σχεδὸν
1887 1521 2010 1572 ἐννέα,

1119 1582 1183 1623 καὶ
1201 1581 1371 1623 πολλοὺς
1383 1581 1455 1634 μὲν
1468 1580 1637 1635 πολέμῳ,
1651 1582 1823 1625 πολλοὺς
1833 1583 1874 1625 δὲ
1890 1586 2015 1626 πειθοῖ

1119 1645 1284 1695 ποιήσας
1308 1645 1469 1700 Ἰβήρων
1500 1646 1688 1696 ὑπηκόους
1718 1648 2011 1701 Καρχηδονίοις.

1124 1711 1325 1752 Gebhard.

1180 1775 1294 1821 Quod
1312 1774 1360 1815 ab
1378 1776 1504 1817 amico
1530 1777 1658 1818 nullas
1686 1781 1892 1818 vereretur
1917 1777 2014 1818 insi-

1123 1837 1228 1890 dias]
1261 1839 1395 1879 Nulla
1414 1840 1778 1881 accommodatior
1798 1841 1908 1882 ratio
1938 1841 2011 1882 de·

1124 1901 1318 1955 cipiendi
1337 1902 1628 1943 adversarium
1649 1915 1775 1956 quam
1810 1916 1891 1956 per
1911 1905 2014 1945 anii-

1126 1977 1224 2006 cos:
1255 1970 1301 2006 et
1320 1973 1426 2018 quot
1452 1971 1568 2016 sunt,
1602 1966 1674 2019 qui
1695 1967 1835 2019 palam
1870 1967 1911 2008 vi
1933 1979 2014 2019 per

1124 2029 1269 2069 hostes
1290 2027 1389 2080 capi
1408 2039 1492 2068 non
1522 2034 1775 2081 potuerunt,
1807 2042 1887 2082 per
1919 2042 2016 2070 cor·-

1128 2097 1278 2144 ruptos
1298 2091 1469 2144 periere
1501 2091 1684 2132 amicos?
1738 2092 1810 2133 Sic
1830 2093 1883 2133 ab
1903 2093 2015 2134 Her·

1125 2162 1319 2196 mocrate
1339 2155 1598 2195 Sosistratus
1617 2167 1840 2196 servorum
1869 2156 2018 2197 sediti·

1126 2229 1294 2258 osorum
1340 2217 1444 2267 dux,
1483 2217 1824 2269 ἧγσμονικωτάτοις
1860 2219 2018 2273 viginti

1127 2293 1224 2322 cum
1253 2281 1385 2322 servis
1416 2293 1496 2333 per
1513 2281 1802 2322 Daimachum
1831 2282 2015 2323 amicum

1127 2349 1173 2384 et
1191 2342 1446 2384 familiarem
1465 2356 1693 2397 oppressus
1711 2350 1794 2387 est.
1839 2345 2018 2386 Sallust.

1126 2406 1367 2460 Jugurtha:
1399 2409 1412 2429 ‘
1429 2407 1557 2450 Quod
1591 2408 1633 2449 ei
1670 2420 1750 2461 per
1786 2409 2016 2450 maximam

1129 2472 1360 2512 amicitiam
1375 2472 1561 2512 maxima
1568 2472 1693 2524 copia
1704 2471 1881 2512 fallendi
1894 2471 2018 2512 erat?

1128 2536 1264 2576 Tacit.
1286 2535 1404 2576 Hist.
1425 2545 1458 2575 1.
1479 2538 1519 2575 3.
1550 2535 1563 2557 ‘
1577 2535 1747 2578 Quibus
1768 2534 1920 2575 deerat
1938 2534 2019 2573 iui-

1129 2599 1278 2649 micus,
1311 2611 1390 2651 per
1408 2598 1567 2639 amicos
1587 2597 1814 2651 oppressi.'
1853 2596 1967 2637 Ann.
1988 2607 2020 2636 ι.

1132 2666 1199 2705 10.
1224 2664 1236 2684 ‘
1251 2661 1441 2715 Lepidus
1473 2661 1621 2714 specie
1641 2661 1843 2701 amicitiae
1863 2660 2019 2711 decep-

1132 2726 1234 2766 tus!
1261 2724 1376 2765 Anu.
1396 2735 1451 2766 11.
1470 2729 1536 2766 66.
1563 2724 1576 2746 ‘
1593 2723 1878 2775 Pomponium
1896 2721 2019 2762 Flac.-

1133 2799 1246 2839 cum,
1265 2792 1456 2828 veterem
1477 2786 1703 2839 stipendiis
1718 2791 1763 2827 et
1782 2790 1903 2826 arcta
1921 2796 2020 2825 cum

1135 2863 1238 2903 rege
1253 2850 1460 2901 amicitia,
1490 2860 1628 2903 eoque
1661 2847 2021 2890 accommodatio-

1134 2926 1224 2955 rem
1245 2913 1299 2954 ad
1316 2912 1634 2963 fallendum‚ob
1654 2912 1697 2952 id
1718 2912 1901 2954 maxime
1913 2911 2020 2951 Mae-

1136 2979 1210 3020 siae
1231 2977 1461 3031 praefecitl
1514 2977 1658 3019 Julius
1687 2976 1959 3029 Capitolinus
1979 2975 2022 3014 in

1137 3041 1384 3083 Maximinis
1403 3053 1442 3081 c.
1464 3044 1530 3081 11.
1550 3040 1563 3062 ‘
1578 3039 1750 3081 sedhic
1768 3039 1908 3091 Tyens
1926 3038 2023 3077 dor·

1135 3106 1271 3146 miens
1287 3105 1402 3145 domi
1418 3117 1507 3145 suae
1521 3103 1576 3145 ab
1596 3114 1680 3143 uno
1694 3115 1749 3143 ex
1769 3102 1917 3141 amicis
1937 3100 2022 3141 suis

1136 3168 1392 3211 interfectus
1423 3169 1521 3209 est.'
1575 3170 1720 3211 Quare
1754 3167 1807 3206 ad
1842 3178 1933 3206 rem
1967 3166 2018 3207 P.

1138 3235 1289 3286 Syrus:
1317 3233 1330 3256 ‘
1348 3233 1477 3283 Mage
1491 3231 1683 3272 cavenda
1703 3235 1767 3270 est
1788 3230 2021 3271 amicorum

1136 3296 1312 3346 invidia,
1329 3307 1455 3348 quam
1470 3294 1633 3334 insidiae
1651 3292 1866 3333 hostium!
1895 3293 2024 3335 Quod

1139 3359 1303 3398 dictum
1327 3358 1582 3397 examussim
1601 3358 1799 3408 congruit
1818 3369 1914 3396 cum
1936 3356 2025 3406 ilio,

1140 3422 1253 3475 quod
1283 3427 1406 3462 extat
1444 3421 1487 3460 in
1525 3421 1801 3462 collectaneis
1831 3420 2020 3462 Stobaei:
