2306 3900
628 262 736 302 XV.

181 378 259 420 sibi
277 378 360 431 ipsi
383 378 512 420 fuisse
537 378 861 432 impedimento,
880 389 935 418 ne
965 382 1056 418 tota

177 441 293 481 hosti
322 441 542 492 resistere,
572 445 649 482 aut
675 441 805 482 etiam
833 441 1056 482 commode

178 504 386 546 recedere
398 509 556 558 posset.

235 569 349 614 Quod
367 570 535 610 locorum
551 568 765 621 angustiis]
791 568 891 610 Hoc
911 575 1058 610 narrat

180 631 399 673 Diodorus
424 631 500 673 lib.
522 643 599 673 xv.
618 632 734 673 Bibl.

234 697 339 736 Erat
368 697 470 738 enirn
486 695 543 737 ibi
558 697 757 750 priuatus]
785 697 964 738 Causam
985 697 1057 738 ad·

171 758 321 811 jungit
350 758 511 800 ibidem
543 760 774 812 Diodorus,
809 773 940 814 quare
960 773 1057 801 cum

179 822 245 874 iis,
260 821 332 876 qui
350 822 393 862 in
405 823 664 864 Thessaliam
682 823 799 864 missi
818 829 956 874 erant,
971 824 1059 876 pri-

178 889 303 925 vatus
334 885 572 926 militabat:
603 884 904 937 ἐπιζητουμένης
929 885 970 926 δὲ
985 888 1060 935 τῆς

180 946 319 998 αἰτίας,
348 950 428 989 πῶς
452 949 474 988 ὁ
500 947 676 990 τοιοὺνος
703 949 800 1003 ἀνὴρ
826 949 975 998 ἰδιώτης
1006 950 1059 990 ὢν

179 1010 436 1063 ἐστρατεύετο
445 1011 546 1062 μετὰ
560 1014 640 1053 τῶν
658 1012 711 1053 εἷς
723 1012 945 1054 Θετταλίαν
963 1014 1050 1054 ἀπα

179 1074 422 1127 σταλέντων,
447 1074 659 1116 ἀποδοτέον
683 1075 755 1116 τὸν
772 1077 910 1117 οἰκεῖον
936 1075 1060 1127 λόγον

178 1140 252 1188 τῆς
277 1137 504 1189 ἀπολογίας.
558 1139 670 1181 Vide
690 1141 933 1194 sequentia.

234 1203 397 1244 Nullam
419 1202 553 1244 adhib.
570 1215 683 1244 mem.
700 1203 959 1256 contumeliae]
986 1204 1059 1244 Ita

178 1266 272 1307 Liv.
297 1278 342 1307 v.
361 1266 415 1307 de
436 1267 615 1308 Camillo
633 1281 643 1308 :
671 1268 683 1290 ‘
700 1268 859 1308 Maluit
878 1267 946 1307 hic
966 1273 1058 1309 tau·

179 1336 249 1371 tus
268 1329 332 1371 vir
350 1330 502 1383 patriae
522 1342 648 1383 quam
676 1330 842 1383 injuriae
863 1342 951 1370 snae
970 1342 1058 1370 me-

177 1405 271 1434 mor
297 1393 420 1434 esse.’
475 1394 638 1434 Tullius
658 1394 711 1433 de
730 1406 776 1435 se
804 1394 943 1447 Epist.
964 1405 996 1435 1.
1014 1396 1056 1433 9.

175 1457 348 1497 ‘Crassi
383 1468 531 1498 omnes
560 1457 830 1509 gravissimas
865 1457 1060 1509 injurias,

179 1520 415 1563 communis
445 1521 692 1562 concordiae
724 1533 893 1572 caussa,
911 1521 1060 1561 volun-

179 1584 292 1627 taria
305 1585 487 1639 quadam
501 1585 716 1627 oblivione
730 1585 1045 1627 conti-iveram.²

237 1650 462 1704 Pelopidas]
489 1649 618 1703 Cujus
639 1650 772 1690 vitam
805 1650 939 1690 etiam
957 1649 1060 1690 Plu·

179 1714 352 1754 tarchus
383 1713 581 1766 scripsit;
625 1713 787 1767 ibique,
814 1714 928 1754 unde
959 1719 1063 1754 nata

178 1775 234 1817 sit
247 1776 556 1829 Epaminondae
567 1782 614 1818 et
625 1777 847 1830 Pelopidae
860 1778 1065 1832 amicitia,

179 1840 322 1880 multis
353 1840 493 1881 verbis
523 1840 736 1893 exposuit.
790 1841 894 1896 Hic,
923 1847 971 1884 ut
989 1843 1068 1884 ibi-

182 1902 281 1943 dem
327 1903 585 1945 Plutarchus
630 1904 782 1956 tradit,
830 1905 873 1946 in
920 1918 1065 1959 pugna

179 1966 412 2007 Leuctrica
430 1979 515 2008 non
531 1966 716 2008 habebat
731 1967 976 2020 imperium,
990 1981 1064 2011 ne-

180 2041 265 2082 que
281 2037 378 2071 erat
402 2030 702 2081 ‘Boeotarclneffi
735 2031 811 2071 sed
837 2043 971 2073 sacrae
991 2044 1062 2073 co·

179 2092 292 2133 horti
330 2098 500 2134 tantum
539 2098 743 2145 praeerat.
819 2094 1063 2136 Constabat

179 2161 325 2196 autem
345 2168 466 2198 sacra
486 2157 638 2198 cohors
657 2168 710 2197 ex
741 2157 1000 2209 amantibus,
1015 2164 1062 2199 et

179 2218 248 2269 iis,
265 2219 339 2272 qni
357 2225 616 2261 amarentur.
671 2219 854 2261 Secutus
878 2233 970 2262 sum
989 2234 1061 2262 an·

180 2287 267 2322 tem
288 2282 431 2333 paullo
463 2287 566 2323 ante
598 2284 797 2335 exempla
816 2283 950 2324 Basil.
979 2285 1061 2326 Co·

179 2344 269 2386 lon.
286 2344 535 2402 etomnium
570 2345 867 2399 antiquissima
896 2346 1061 2400 Argen-

181 2413 264 2449 tor.
284 2408 328 2448 in
361 2408 516 2462 quibus
542 2410 794 2463 impressum
822 2417 916 2461 est3
945 2411 1061 2452 habe-

177 2476 312 2524 retque
327 2473 492 2524 collegas
507 2474 618 2526 duos,
642 2475 708 2526 ξε.
764 2475 876 2516 Nam
899 2482 1064 2517 caetera

179 2535 366 2576 habent:
394 2535 626 2590 haberetque
652 2536 820 2588 collegas
833 2536 936 2580 suos.
989 2539 1061 2580 Sic

183 2604 326 2639 autem
362 2598 589 2651 legendum
626 2611 735 2651 esse,
770 2600 968 2642 declarat
1003 2601 1063 2653 id,

183 2659 297 2713 quod
329 2661 550 2713 aequitum
578 2662 590 2683 ‘
607 2673 786 2714 quorum
803 2663 915 2703 alter
934 2663 1062 2715 erat‚'

178 2726 264 2765 &m
321 2723 394 2764 Ita
426 2736 480 2763 ex
514 2725 776 2766 auctoritate
811 2725 945 2767 Probi
972 2732 1062 2768 tres

183 2792 308 2828 erant
344 2787 640 2840 imperatores.
714 2790 869 2842 Neque
905 2789 1064 2843 obstat,

182 2850 297 2903 quod
332 2850 485 2891 dicunt
518 2851 607 2903 alii,
636 2864 714 2892 sex
744 2851 892 2894 fuisse.
948 2855 1062 2895 Nam

182 2926 265 2955 non
285 2926 455 2967 semper
471 2914 586 2955 inter
605 2927 652 2956 se
671 2922 913 2969 congruunt
929 2917 1062 2959 bisto-

182 2978 277 3028 rici,
296 2983 346 3018 ut
359 2984 556 3031 apparet.
582 2979 720 3020 Lamb.

240 3041 302 3081 Ob
332 3053 489 3094 eamque
521 3053 605 3082 rem
636 3043 843 3096 imperium
872 3045 935 3085 his
962 3049 1062 3086 esset

181 3103 432 3156 abrogatum]
471 3105 728 3147 Plutarchus
763 3107 808 3148 in
835 3107 1062 3161 Pelopida,

181 3168 265 3209 hoc
282 3179 369 3209 non
401 3167 567 3219 scribit,
597 3169 675 3210 sed
706 3171 840 3212 solum
870 3172 1062 3225 elapsum

181 3230 314 3273 fuisse
349 3230 456 3271 dicit
498 3236 669 3284 tempus
702 3232 872 3286 imperii
904 3246 931 3275 a
964 3236 1063 3287 lege

184 3294 471 3347 praefinitum:
526 3295 539 3317 ‘
574 3295 866 3348 Superat-ant:
912 3297 1066 3350 inquit,

185 3360 197 3381 ⁸
208 3357 322 3399 haud
338 3358 462 3399 multi
479 3357 567 3399 dies
581 3358 729 3409 mensi,
747 3358 820 3412 qui
840 3360 1064 3412 magistra·

186 3421 248 3464 tui
263 3421 467 3465 terminus
482 3420 651 3464 aderat:
671 3433 910 3482 munusque
930 3423 1065 3475 primo

804 259 1289 314 ΕΡΑΜιΝοΝυΑΜ,
1328 261 1462 302 οΑΡ.
1500 250 1554 303 8.

1892 248 1999 301 585

1121 390 1265 420 mense
1294 378 1457 432 futuro,
1490 377 1706 432 designati
1724 377 2002 429 imperatores

1119 441 1267 482 inituri
1286 449 1421 483 erant.
1477 443 1623 484 Quare
1643 441 1726 481 illis
1745 439 1817 493 qui
1837 438 2002 480 exerci-

1121 505 1182 544 tui
1204 510 1423 556 praetant,
1450 506 1518 545 vel
1535 505 1761 556 imperinm
1781 502 2002 555 deponen-

1121 566 1236 616 dum,
1256 568 1325 607 vel
1339 567 1493 619 capitis
1509 579 1636 619 poena
1648 566 1868 607 subeunda
1880 564 2004 606 erat?

1122 630 1179 670 Et
1200 630 1344 681 paullo
1363 627 1541 669 inferius
1561 629 1616 669 de
1642 628 1937 680 Epaminonda
1955 633 2003 668 et

1120 691 1363 744 Pelopida:
1392 693 1404 714 ‘
1421 690 1563 732 Ambo
1595 691 1706 731 enim
1728 703 1825 731 cum
1855 690 2002 731 rediis-

1119 761 1231 805 sent,
1260 754 1414 806 capitis
1444 755 1642 795 accersiti
1661 760 1774 804 sunt,
1802 755 2003 806 quoniam

1118 829 1205 858 non
1223 818 1421 870 deposito
1435 817 1690 869 magistratu
1707 818 1842 869 primo
1856 816 2003 857 futuro

1120 892 1266 920 mense
1288 892 1372 933 quo
1390 880 1463 920 lex
1476 880 1678 932 jubebat,
1702 892 1828 933 quem
1858 879 2001 926 βουκό-

1119 960 1204 986 nov
1241 946 1480 999 appellant,
1526 951 1707 999 quatuor
1744 946 1848 985 item
1887 950 2002 985 totos

1119 1023 1301 1063 menses,
1335 1016 1497 1063 praeter
1528 1011 1670 1063 legem
1704 1022 1755 1050 eo
1781 1008 1920 1051 functi
1939 1022 2003 1062 esf

1119 1080 1245 1125 sent3
1273 1074 1426 1128 quibus
1455 1075 1564 1115 etin
1595 1075 1832 1125 Messenia,
1859 1079 1904 1114 et
1925 1073 2006 1114 Ar-

1120 1138 1262 1188 cadia,
1290 1145 1336 1179 et
1370 1139 1585 1180 Laconica
1604 1139 1853 1179 commorati
1873 1138 2004 1179 sunt.’

1119 1201 1231 1242 Haec
1251 1202 1525 1243 Plutarchus.
1581 1201 1724 1253 Hujus
1744 1202 1805 1241 rei
1825 1201 2003 1241 mentio-

1119 1275 1215 1304 nem
1235 1275 1406 1317 quoque
1423 1263 1532 1305 facit
1551 1264 1595 1304 in
1625 1264 1798 1305 Politic.
1822 1270 1866 1305 et
1885 1263 2004 1317 Apo-

1120 1326 1295 1379 phtheg.
1324 1327 1503 1378 Magius.
1998 1364 2001 1366 .

1175 1391 1406 1442 Plebiscito]
1437 1390 1587 1430 Malim
1611 1391 1857 1443 populi-scito.
1886 1390 2004 1431 Geb-

1119 1452 1242 1493 hard.
1272 1454 1399 1496 Quod
1420 1454 1551 1494 etiam
1586 1454 1791 1495 observat
1817 1454 1871 1495 ad
1893 1453 2008 1495 Alci-

1122 1515 1292 1557 biadem
1311 1517 1525 1559 schottus.

1175 1581 1263 1621 Lex
1281 1586 1367 1622 erat
1391 1582 1552 1634 Thebis]
1581 1582 1772 1622 AEliauus
1806 1582 1862 1622 de
1895 1580 2002 1622 Var.

1122 1643 1272 1685 histor.
1301 1645 1375 1684 lib.
1412 1656 1517 1687 1111.
1543 1645 1829 1696 Ἐπαμινώνδας
1862 1643 2005 1697 ἔφευγε

1124 1707 1235 1757 δίκην
1263 1706 1430 1750 θανάτου
1457 1710 1676 1751 ἐπανελθὼν
1694 1712 1738 1751 ἐκ
1755 1713 1827 1759 τῆς
1841 1716 2009 1751 Λακωνι-

1124 1773 1211 1822 κῆς,
1228 1772 1278 1813 ὡς
1290 1772 1487 1819 ἐπιβαλὼν
1498 1776 1551 1828 τῇ
1561 1774 1800 1828 Βοιωταρχίᾳ
1812 1773 2006 1827 τέτταρας

1123 1838 1246 1888 μῆνας
1262 1837 1367 1890 παρὰ
1382 1838 1455 1879 τὸν
1469 1837 1597 1889 νόμον.
1620 1874 1622 1877 .
1651 1839 1723 1879 Sic
1744 1839 2006 1879 Plutarchus

1124 1902 1271 1952 ἂποφθ.
1288 1903 1425 1947 βασιλ.
1448 1907 1493 1942 et
1513 1902 1667 1942 Cicero
1695 1901 1751 1941 de
1784 1901 1955 1941 Invent.
1975 1912 2008 1940 1.

1125 1964 1326 2005 Meminit
1363 1964 1486 2005 istius
1523 1965 1629 2016 legis
1666 1964 1917 2004 Alexander
1951 1964 2005 2004 ab

1123 2027 1371 2069 Alexandro
1401 2029 1476 2070 lib.
1498 2040 1560 2069 iv.
1582 2032 1622 2068 6.
1652 2029 1897 2070 Genialium
1917 2028 2008 2069 die-

1123 2104 1229 2132 rum.
1283 2090 1428 2132 Aliter
1456 2090 1591 2132 fiebat
1627 2091 1742 2145 apud
1778 2092 2007 2143 Romanos,

1123 2166 1304 2208 quornm
1338 2155 1510 2195 Praetor
1529 2159 1682 2194 exacto
1703 2165 1814 2194 anno
1833 2152 2007 2194 domum

1122 2217 1281 2270 redire,
1299 2218 1563 2271 classemque
1577 2217 1815 2258 successori
1832 2216 2008 2257 tradere

1122 2280 1377 2333 cogebatur,
1408 2282 1490 2321 nisi
1508 2293 1605 2322 cum
1625 2281 1850 2334 imperium
1877 2281 1918 2322 ei
1932 2292 2008 2321 ex-

1125 2349 1195 2385 tra
1213 2344 1407 2386 ordinem
1426 2350 1544 2386 esset
1564 2351 1858 2398 prorogatum.
1911 2344 2009 2384 Sta-

1110 2412 1195 2448 ·tus
1233 2408 1384 2461 scripti
1421 2414 1467 2449 et
1499 2409 1743 2449 sententiae.
1799 2407 2010 2449 MemIne-

1125 2475 1228 2511 runt
1247 2471 1418 2523 plurimi
1450 2476 1660 2522 veterum,
1690 2471 1843 2512 Cicero
1864 2471 1918 2512 de
1934 2471 2008 2511 In-

1125 2539 1242 2575 vent.
1270 2545 1302 2574 1.
1331 2535 1556 2575 Plutarch.
1587 2547 1718 2587 praec.
1737 2536 1858 2587 polit.
1879 2534 2008 2574 AElia·

1125 2609 1204 2638 nus
1234 2599 1336 2637 Var.
1369 2609 1475 2639 xm.
1505 2601 1574 2639 42.
1603 2598 1869 2649 Hermogeni
1895 2605 1964 2638 est
1982 2598 2008 2646 ἡ

1124 2660 1227 2700 κατὰ
1243 2660 1361 2711 ῥητὸν
1378 2660 1443 2702 καὶ
1461 2659 1630 2702 διάνοιαν
1648 2660 1827 2713 ζήτησις,
1844 2662 2006 2714 quaestio

1123 2723 1224 2764 dicti
1250 2728 1289 2764 et
1307 2726 1538 2772 sententioe;
1565 2737 1662 2766 nam
1693 2724 1811 2775 ῥητὸν
1830 2724 2007 2775 ponitur

1124 2785 1296 2827 ἆντὶτοΰ
1329 2786 1543 2840 ἐγγράφου,
1575 2799 1659 2840 quo
1685 2794 1855 2827 actores
1884 2799 2009 2839 urge-

1124 2851 1242 2892 bant.
1300 2852 1616 2903 Epaminondas
1643 2857 1786 2892 autem
1805 2851 2008 2892 defensus

1126 2918 1194 2954 est
1222 2915 1283 2967 ⁷13-
1307 2914 1468 2968 διανοίᾳ.
1525 2915 1690 2955 Similia
1718 2915 1916 2967 exempla
1934 2914 2009 2955 ad-

1125 2973 1214 3017 fert
1237 2977 1559 3018 Hottomannus
1592 2977 1698 3018 Obs.
1730 2978 1826 3020 Jur.
1850 2977 1924 3018 lib.
1943 2988 2006 3018 v1.

1124 3042 1192 3081 21.
1222 3040 1373 3081 Keuch.

1182 3104 1295 3147 CAP.
1316 3109 1358 3147 8.
1400 3106 1571 3156 Collegoe
1600 3105 1701 3157 eius]
1748 3106 2007 3146 Plutarchus

1126 3167 1169 3207 in
1201 3168 1428 3221 Pelopida,
1456 3169 1643 3221 reliquos
1675 3170 1806 3208 duces
1845 3175 2008 3221 praeter

1128 3232 1386 3284 Pelopidam
1406 3237 1453 3272 et
1472 3232 1810 3284 Epaminondam
1827 3233 1914 3284 legi
1935 3244 2008 3285 pa·

1128 3294 1267 3334 ruisse
1299 3293 1423 3345 dicit,
1457 3295 1656 3346 solosque
1687 3294 1940 3348 Pelopidam
1960 3301 2008 3338 et

1130 3355 1466 3408 Epaminondam
1497 3356 1648 3410 capitis
1678 3355 1808 3398 fuisse
1826 3359 2008 3399 accersi·

1130 3423 1210 3469 tos.
1257 3417 1308 3459 In
1329 3418 1532 3472 apophth.
1552 3426 1695 3462 tamen
1716 3419 1858 3462 Probo
1879 3420 2006 3478 adsti-¹
