2306 3900
317 254 436 310 664·

318 387 625 430 ὅπλοιςδεόντως
636 387 853 438 κοσμήσας,
865 388 1044 439 συνεχεῖς
1057 387 1208 439 ἐξοπλι-

701 269 882 310 NOTAE
923 268 1262 311 vARloRUM
1304 271 1371 312 IN
1412 267 1766 314 c.'NEPoTIS

1319 390 1534 443 Imperavit
1545 391 1846 445 quamplurimus
1852 394 2154 437 umatum·

318 453 407 495 σίας
422 453 496 504 μὲν
509 453 573 493 καὶ
588 451 807 504 γυμνασίας
826 451 1057 504 ἐναγωνίους
1070 452 1206 493 ἑποιεῖ-
1261 457 1399 505 pentes
1409 455 1517 496 vivas
1528 457 1674 508 colligi,
1692 468 1828 508 easque
1842 457 1886 497 in
1899 458 2150 512 vasufietili·

315 531 378 557 το.
434 516 548 557 Vide
568 516 738 556 Florum
766 516 840 557 lib.
860 527 911 556 11.
932 521 972 556 5.
1005 515 1205 556 Gebhard.

317 579 405 621 Sed
435 579 663 631 legendum
697 578 896 632 fortasse,
941 580 1132 621 animavit
1167 584 1207 620 et

315 644 521 696 excitavit,
551 644 670 685 facili
706 644 931 685 literarum
972 650 1206 686 commuta-

314 707 433 748 tione
452 707 649 760 deceptis
666 707 870 748 librariis.

367 772 638 823 Pergamenus
670 770 759 811 Rex
791 770 1005 823 Eumenes]
1047 770 1086 812 A
1121 784 1206 824 quo

312 835 585 876 membranas
595 835 778 888 primum
790 840 1006 887 repertas,
1017 835 1206 876 testimo-

312 899 386 939 nio
401 897 606 939 Varronis
619 896 756 938 refert
770 898 952 939 Plinius.
973 897 1203 940 Salmasius.

312 963 430 1015 Ergo
459 963 770 1015 Pergamenus,
790 962 910 1015 quasi
928 974 953 1002 a
971 962 1206 1021 Pergame-

315 1038 387 1077 na,
400 1026 490 1067 sive
507 1023 773 1066 membrana.
829 1027 1015 1068 Falsum.
1057 1027 1205 1068 Verba

317 1089 544 1131 Strabonis
570 1099 675 1130 xm.
703 1090 717 1113 ‘
745 1090 813 1129 Ex
849 1089 1042 1130 Eumene
1074 1094 1203 1130 natus

312 1158 381 1194 est
402 1154 631 1205 Eumenes,
657 1152 712 1193 de
747 1151 888 1205 patris
917 1153 1101 1196 nomine.
1156 1154 1202 1195 Is

312 1217 517 1270 Pergami
530 1216 846 1258 successionem
865 1217 1032 1268 habuit,
1049 1222 1096 1259 et
1107 1218 1202 1271 jam

308 1280 408 1322 loca
434 1280 712 1322 circumcirca
740 1281 934 1333 tenebat,
952 1282 1067 1323 unde
1087 1282 1202 1335 apud

309 1343 467 1385 Sardes
485 1343 749 1385 Antiochum
779 1344 951 1386 Seleuci
969 1345 1102 1386 filium
1134 1358 1203 1387 su-

308 1408 495 1460 peravit,
525 1420 624 1448 cum
669 1420 724 1448 eo
768 1408 1053 1461 congressus!
1129 1409 1202 1450 Sic

305 1473 320 1494 ‘
338 1471 514 1512 Attalus
549 1471 648 1511 Rex
678 1471 1058 1524 Pergamenorum,
1084 1473 1200 1525 regis

307 1533 512 1575 Eumenis
530 1532 676 1582 filius‚’
696 1533 811 1586 apud
831 1535 1005 1576 Florum
1025 1547 1078 1576 11.
1099 1539 1167 1576 20.

362 1597 557 1638 Romanis
596 1597 877 1651 amicissimus]
928 1598 1055 1639 Unde
1102 1611 1201 1640 eum

306 1660 565 1715 φιλορώμαιον
595 1661 871 1713 cognominat
899 1661 1125 1703 Plutarch.
1155 1664 1201 1704 in

308 1727 490 1768 Catone.
546 1726 619 1766 Ita
631 1725 798 1775 Florus,
817 1725 830 1749 ‘
845 1725 1006 1766 socium
1026 1730 1072 1767 et
1087 1739 1202 1767 com·

306 1789 546 1837 militonem
564 1790 678 1842 Pop.
695 1788 907 1842 Romani‚’
924 1800 977 1830 11.
996 1792 1063 1830 20.
1117 1790 1201 1830 Va-

305 1853 439 1896 lerius
450 1854 690 1894 Maximus:
716 1852 730 1876 ‘
745 1851 862 1893 Asiae
876 1864 954 1893 rex
968 1854 1200 1907 Eumenes,

308 1918 624 1959 amantissimus
654 1921 816 1958 nostrae
855 1914 1018 1958 Urbis!
1083 1918 1198 1959 Vide

304 1993 562 2034 responsum
593 1980 813 2033 cujusdam
845 1980 901 2020 ad
932 1981 1139 2022 Catonem
1157 1994 1200 2023 a*

304 2046 397 2098 pud
417 2046 600 2087 eundem
615 2045 914 2086 Plutarchum.
942 2045 1143 2088 Keachen.

359 2110 591 2163 Bellumque
604 2109 711 2150 inter
727 2121 792 2149 eos
804 2108 1076 2160 gerebatur-et
1093 2111 1198 2151 mari

302 2177 341 2214 et
377 2173 507 2226 terra]
567 2173 772 2214 Meminit
814 2173 937 2214 istius
981 2173 1194 2227 Justinus,

305 2227 464 2276 xitxu.

361 2300 497 2339 Classe
509 2300 648 2352 paucis
664 2300 800 2341 diebus
809 2305 920 2342 erunt
931 2303 1192 2355 decertatur-i]

306 2361 474 2404 Gifanii
507 2368 553 2404 et
582 2363 749 2405 Schotti
782 2364 965 2405 Codices
987 2366 1193 2418 ingerunt

301 2427 497 2468 decreturi
510 2441 525 2467 .-
549 2426 665 2481 quod
683 2427 903 2480 negligere
922 2428 1008 2470 vim
1029 2434 1098 2471 est
1128 2430 1191 2471 fa-

302 2502 405 2531 cere
421 2489 739 2542 elegantissimo
755 2491 986 2544 scriptori.
1015 2493 1192 2535 Lucret.

299 2554 379 2596 lib.
399 2565 447 2596 v.
472 2555 486 2579 ‘
501 2555 688 2596 Tantum
723 2555 938 2607 spirantes
955 2567 1082 2609 aequo
1100 2568 1192 2597 eer-

297 2618 462 2659 tamiire
479 2617 641 2659 bellum
661 2618 833 2671 Magnis
851 2617 907 2659 de
926 2618 1055 2660 rebus
1074 2621 1192 2662 inter

296 2693 344 2722 se
359 2693 538 2723 eernere
555 2681 763 2724 certant.’·
788 2681 950 2723 Medea
968 2683 1188 2726 Enniana.

296 2747 310 2771 ‘
329 2748 415 2788 Ter
434 2748 516 2789 sub
536 2749 664 2790 armis
691 2748 837 2790 malim
856 2748 989 2790 vitam
1011 2760 1191 2791 cernere

299 2811 443 2854 Quam
482 2812 616 2852 semel
651 2812 780 2852 modo
817 2811 1000 2865 parere.'
1068 2814 1190 2855 Curt.

299 2874 373 2917 lib.
391 2886 466 2916 ιιι.·
483 2879 523 2916 5.
554 2876 567 2899 ‘
585 2875 977 2927 Darius,nunciata
994 2876 1190 2919 Memno-

299 2937 367 2977 nis
388 2942 541 2991 morte,
558 2938 664 2979 haut
684 2951 807 2980 secus
840 2951 964 2992 quam
984 2953 1066 2993 par
1083 2947 1194 2994 erat,

299 3005 459 3052 motus,
479 3002 635 3042 omissa
667 3002 781 3043 omni
811 3003 896 3043 alia
927 3015 1004 3056 spe
1032 3004 1190 3046 statuit

296 3064 395 3117 ipse
414 3064 680 3106 decernere!
717 3065 916 3108 Gebhard.

350 3129 456 3169 Dolo
483 3134 571 3170 erat
587 3130 855 3182 pugnandum,
873 3142 990 3182 quum
1004 3143 1081 3184 pur
1108 3143 1186 3173 non

295 3197 395 3233 esset
418 3194 561 3246 armis]
589 3194 688 3235 Hoc
705 3205 759 3234 ex
778 3194 994 3247 Lysandri
1012 3201 1184 3238 senteu-

296 3254 375 3305 tia,
406 3256 477 3308 qui
510 3257 656 3298 dicere
689 3257 874 3299 solebat:
909 3258 981 3299 ubi
1013 3259 1184 3301 leonina

297 3317 423 3367 pellis
457 3330 541 3358 non
574 3319 807 3373 sufficeret,
842 3322 1062 3375 vulpinam
1089 3336 1183 3366 esse

300 3379 600 3423 adhibendam.
626 3384 806 3426 Lambin.
865 3386 1051 3429 Deraliis
1087 3390 1183 3442 lege

298 3443 498 3485 Grotium
559 3447 630 3488 De
687 3448 780 3490 Jur.
825 3450 937 3492 Bell.
984 3456 1029 3492 et
1078 3453 1182 3495 Pac.

297 3507 373 3549 lib.
393 3517 466 3549 ιιι.
488 3511 528 3550 1.

1266 516 1428 570 conjici]
1470 518 1583 559 Vide
1627 520 1788 562 Justin.
1817 520 1894 561 lib.
1917 531 2072 564 xxxu.
2107 526 2153 564 44

1267 582 1520 623 Frontinum
1538 583 1802 636 Strategem.
1817 584 1891 626 lib.
1910 596 1975 627 w.
1993 589 2036 627 7.
2073 586 2153 628 Sc·

1266 643 1374 685 raro.
1405 641 1619 687 Galendm
1649 646 1703 686 de
1721 647 1935 689 Theriaca
1953 647 2011 688 ad
2030 647 2153 691 Piso·

1266 721 1382 762 nem,
1413 715 1459 751 et
1479 710 1595 752 alios.
1653 712 1913 764 Serpentum
1946 714 2044 754 loco
2080 712 2155 755 nm

1265 771 1372 812 alias
1396 772 1521 814 -feras
1563 780 1799 815 venenatas
1843 775 2154 828 adhibuerunt,

1265 837 1413 888 quales
1432 848 1576 889 nepae,
1594 838 1858 891 scorpiones,
1872 845 1920 881 et
1937 839 1982 880 id
2002 853 2151 893 genus.

1264 898 1366 939 Jam
1391 911 1448 939 ne
1479 899 1683 941 incedere
1719 900 1765 940 in
1793 912 1926 942 naves
1959 910 2158 956 possent,

1265 963 1396 1003 etiam
1427 963 1617 1004 murices
1647 963 1692 1003 in
1723 975 1799 1004 eas
1829 965 2156 1020 conjectabant,

1264 1026 1329 1066 uti
1348 1028 1438 1068 Leo
1458 1031 1656 1069 testatur.
1709 1028 1821 1068 Sunt
1849 1033 1996 1069 antem
2024 1029 2156 1071 muri

1264 1103 1338 1132 ces
1359 1090 1638 1132 ferramenta·
1624 1090 1884 1145 cuspidata‚
1901 1097 1948 1133 et
1966 1103 2159 1146 quocun·-

1264 1166 1349 1209 que
1365 1154 1494 1196 modo
1520 1155 1683 1208 jactes,
1714 1167 1965 1196 mucronem
1986 1167 2153 1198 summ

1264 1221 1491 1273 erigentia,
1511 1225 1556 1262 et
1584 1219 1798 1260 morantia
1814 1230 2002 1260 cursum.
2057 1219 2157 1261 Cae·

1263 1295 1332 1324 sar
1354 1284 1471 1337 apud
1490 1283 1669 1325 Actium
1700 1283 1714 1307 ‘
1735 1282 1884 1323 ollulas
1915 1281 2152 1324 carbonum

1262 1346 1479 1400 picisque’
1512 1347 1662 1400 plenas
1680 1346 1847 1388 eminus
1877 1346 1924 1386 in
1952 1345 2155 1388 adversas

1260 1422 1392 1451 naves
1409 1411 1634 1452 tormentis
1653 1410 1902 1463 ejaculavit,
1918 1414 2033 1451 teste
2045 1410 2153 1451 Dio·

1260 1487 1316 1515 ne
1350 1474 1500 1516 lib.1.1.
1558 1476 1647 1515 Leo
1681 1478 1826 1514 autem
1858 1473 2070 1527 praecipit,
2103 1478 2153 1515 ut

1261 1538 1275 1561 ‘
1292 1538 1412 1579 calce
1430 1537 1553 1579 viva'
1574 1537 1849 1590 repleantur:
1879 1536 2018 1589 pulvis
2035 1536 2150 1578 enim

1262 1614 1287 1642 e
1306 1601 1540 1643 confractis
1555 1602 1729 1643 vasibus
1748 1603 1923 1643 emissus
1941 1601 2152 1644 suffocare

1262 1667 1395 1719 solet,
1414 1666 1702 1720 spiritumque
1720 1666 2026 1709 intercludere.
2054 1668 2154 1709 Cal-

1258 1731 1414 1771 linicus
1430 1731 1577 1784 Syrus,
1604 1730 1680 1784 qui
1697 1730 1807 1771 vixit
1825 1735 2021 1784 tempore
2037 1731 2149 1773 Con-

1257 1794 1434 1836 stantini
1452 1794 1683 1847 Pogonati‚
1715 1793 1832 1846 apud·
1850 1793 2063 1835 Zonaram
2083 1793 2146 1848 ig·

1230 1887 1232 1889 »
1258 1871 1359 1899 nem
1391 1859 1595 1900 Graecum
1628 1858 1811 1910 invenit,
1845 1870 1930 1912 quo
1965 1858 2150 1900 Creten·-

1258 1922 1369 1963 sium
1387 1933 1521 1962 naves
1551 1921 1708 1974 viginti
1742 1921 1835 1962 sine
1864 1921 2014 1964 labore
2032 1933 2150 1963 eom·-

1257 1985 1411 2027 bussit.
1467 1984 1677 2028 Nicetes:
1715 1982 1816 2029 Τότε
1849 1984 1915 2026 καὶ
1948 1985 1999 2025 τὸ
2029 1984 2151 2039 ὑγρὸν

1258 2049 1481 2100 ἑπινενόητο
1516 2050 1606 2103 πῦρ,
1638 2047 1879 2090 Καλλινίκου
1907 2048 2012 2090 τινὸς
2034 2049 2146 2103 ἀρχιδ

1255 2113 1440 2156 τέκτονος
1468 2113 1546 2154 ἀπὸ
1581 2112 1720 2167 Συρίας
1755 2111 1941 2155 ἐλθόντος
1971 2113 2068 2166 πρὸς
2096 2112 2148 2154 τὸ

1254 2178 1455 2225 βασίλειον
1470 2177 1590 2231 ἄστυ,
1608 2176 1674 2219 καὶ
1691 2177 1811 2218 τοῦτο
1825 2176 2146 2219 κατασκευάσαν-

1253 2257 1339 2284 τος.
1365 2243 1490 2284 Tom.
1509 2253 1584 2284 ιιι.
1638 2241 1843 2282 Meminit
1869 2241 1960 2294 eius
1985 2241 2147 2283 Cedre-

1254 2318 1351 2358 nus,
1374 2310 1421 2346 et
1439 2306 1513 2346 alii
1538 2308 1745 2345 veterum.
1799 2304 1949 2344 Simile
1967 2303 2071 2357 quid
2086 2303 2144 2344 de

1253 2369 1483 2411 Pisistrato
1501 2367 1764 2409 Rhodiorum
1796 2368 2011 2409 navarcho
2029 2378 2144 2409 eom-

1252 2437 1463 2474 memorat
1499 2431 1651 2472 Suidas
1693 2430 1739 2471 in
1774 2428 1968 2484 πυρφόρος
2005 2430 2146 2482 munds.

1253 2496 1341 2536 Sed
1357 2496 1413 2537 ad
1433 2494 1692 2537 Hannibalis
1707 2493 1930 2536 consilium
1946 2495 2144 2548 proxtme

1253 2563 1531 2601 accesserunt
1547 2557 1704 2599 Atreni
1721 2557 1766 2597 iu
1779 2555 2000 2599 obsidione
2014 2558 2145 2600 Seve-

1253 2621 1482 2665 rianorum.
1528 2621 1645 2674 Lege
1663 2619 1961 2680 Herodianum
1979 2620 2057 2663 lib.
2071 2631 2145 2664 ns.

1252 2687 1457 2729 Keuchen.

1307 2751 1468 2792 Harum
1495 2762 1583 2791 cum
1600 2747 1826 2799 confecisset
1842 2715 2027 2800 magnam
1998 2709 2143 2791 nnll-

1250 2814 1479 2868 titudinem]
1507 2815 1699 2856 Quarum
1737 2812 2010 2865 serpentium
2040 2824 2140 2854 cum

1251 2889 1451 2931 magnam
1488 2878 1574 2919 vim
1620 2875 1865 2929 redegisset
1910 2876 1955 2917 in
1991 2888 2140 2922 unum.

1252 2945 1400 2985 Caesar
1430 2944 1485 2984 de
1522 2942 1635 2983 Bell.
1672 2941 1790 2983 Gall.
1827 2940 1903 2982 lib.
1933 2952 1966 2982 1.
2011 2939 2140 2982 ‘Hos

1249 3020 1377 3061 posse
1413 3005 1628 3048 conficere
1667 3008 1831 3045 armata
1866 3003 2140 3054 milliacen-

1249 3070 1368 3113 tum.'
1424 3070 1493 3111 Id.
1529 3068 1651 3110 Civil.
1682 3066 1756 3107 lib.
1775 3077 1808 3107 1.
1828 3069 1900 3107 24.
1926 3067 1942 3090 ⁴
1962 3066 2138 3118 Servos,

1246 3139 1441 3188 pastores
1473 3138 1625 3185 armat,
1654 3136 1787 3184 atque
1815 3130 1892 3171 his·
1911 3142 2044 3184 equos
2070 3136 2135 3171 at-

1246 3200 1421 3242 tribuit:
1451 3198 1571 3240 exiis
1589 3196 1764 3239 circiter
1782 3200 2002 3238 trecentos
2017 3194 2136 3248 eqni-

1245 3268 1313 3304 tes
1333 3260 1539 3305 conficit.'
1571 3260 1699 3301 Gebh.

1302 3329 1448 3369 Omnes
1481 3330 1528 3367 ut
1562 3326 1606 3366 in
1641 3335 1759 3365 unam
1797 3320 1983 3362 Emenis
2023 3319 2131 3371 regis

1243 3395 1477 3433 concurrant
1505 3387 1662 3440 navem]
1691 3387 1802 3428 Nam
1833 3394 1944 3424 nave
1959 3382 2131 3424 Praeto-

1244 3457 1308 3497 ria
1340 3456 1546 3508 depressa
1579 3456 1654 3492 aut
1691 3451 1912 3501 superata,
1941 3458 1993 3487 ac
2026 3455 2131 3498 rege

1243 3519 1336 3572 ipso
1353 3519 1510 3567 occiso,
1525 3511 1728 3557 confundi
1749 3522 1800 3552 ac
1821 3508 1987 3551 turbari
2001 3519 2137 3564 posse
