2306 3900
675 324 858 364 xxm.
922 326 1239 378 cAronu,
1279 327 1416 366 cAP.
1454 315 1505 367 3.

171 439 264 482 cit!
316 440 574 492 Plutarchus
593 441 637 481 in
670 441 783 484 vita:
817 440 977 482 Ἄλλως
1013 439 1055 483 δὲ

172 504 350 547 παιδείας
377 506 612 556 Ἑλληνικῆς
643 504 831 558 ὀψιμαθὴς
870 503 1056 558 ’γενέσθαι

170 568 350 620 abram,
377 569 442 610 καὶ
475 568 600 622 πόῤῥω
629 568 879 610 παντάπασιν
899 569 1058 618 ἡλικίας

171 633 390 684 ἐληλακὼς,
417 631 629 677 Ἑλληνικὰ
665 631 804 679 βιβλία
841 634 975 680 λαβὼν
1005 632 1059 675 εἷς

171 697 321 750 χεῖρας,
337 694 497 748 βραχέα
512 694 584 745 μὲν
595 695 672 737 ἀπὸ
689 695 935 746 Θουκυδίδου,
950 695 1059 737 πλεί-

172 772 244 800 ονα
269 760 303 799 8¹
330 758 407 800 ἀπὸ
435 757 704 809 Δημοσθένους
716 758 770 800 εἷς
785 759 835 800 τὸ
851 759 1057 812 ῥητορικὸν

172 822 429 875 ὢφεληθῆναι·
455 822 508 863 τὰ
528 821 660 872 μέντοι
684 820 974 875 συγγράμματα
993 822 1060 863 καὶ

171 887 366 939 δόγμασιν
389 888 634 936 Ἑλληνικοῖς
660 888 724 929 nai
742 885 929 941 ἱστορίαις
952 887 1064 929 ἐπιει-

172 954 250 994 aas
277 951 599 993 διαπεποίκιλται·
629 951 695 993 καὶ
724 951 1064 1005 μεθηρμηνευμένα

173 1014 308 1056 πολλὰ
333 1015 436 1057 κατὰ
462 1013 566 1067 λέξιν
596 1017 639 1057 ἐν
676 1018 761 1057 τοῖς
785 1014 1067 1068 ἀποφθέγμασι

174 1080 339 1123 adrat&
352 1079 634 1133 γνωμολογίαις
646 1079 850 1123 τέτηκται.

228 1144 296 1187 Ab
328 1146 596 1186 adolescentia·
629 1145 796 1195 confecit
835 1143 1065 1197 Orationes]

178 1209 370 1251 Centum
383 1209 709 1262 quinquaginta.
738 1208 908 1250 Cicero.
950 1209 1068 1251 Qua-

177 1284 274 1316 rum
292 1271 365 1330 vix
396 1270 452 1312 ad
486 1266 569 1312 nos'
595 1273 917 1325 inscriptiones,
934 1272 1069 1313 nomi·

177 1346 319 1388 neque
347 1341 655 1388 pervenerunt.
709 1337 911 1378 Citantur
941 1349 967 1377 a
997 1335 1068 1377 Ci-

177 1408 339 1438 cerone
358 1402 404 1438 et
424 1397 583 1449 Gellio,
603 1403 650 1438 et
668 1397 888 1439 veteribus
916 1398 1068 1441 Gram-

178 1459 375 1501 maticis:
420 1461 492 1500 De
522 1461 721 1501 aedilibus
753 1461 858 1502 vitio
878 1461 1067 1501 creatis:

181 1523 249 1563 De
281 1522 433 1575 praeda
455 1522 639 1563 militum
673 1523 934 1564 dividenda:
978 1522 1068 1564 Pro

178 1585 275 1639 lege
294 1586 517 1627 Voconio:
547 1586 599 1626 In
618 1586 681 1628 M.
701 1586 947 1628 Caecilium:
978 1587 1070 1628 Pro

183 1650 234 1690 L.
254 1644 464 1691 caeset'io:
492 1650 561 1690 De
576 1650 764 1691 moribus
783 1651 834 1691 C.
856 1650 1068 1691 Neronis:

180 1712 450 1754 InFurium:
480 1713 535 1753 Iu
550 1713 769 1754 Pansam:
798 1713 866 1754 De
885 1712 1069 1754 tribunis

182 1775 393 1816 militum:
422 1776 476 1816 In
503 1777 559 1818 Q.
578 1776 817 1817 Minucium
836 1777 1071 1817 Thermum

184 1838 240 1879 de
257 1838 345 1879 suis
376 1839 638 1880 virtutibus:
681 1839 735 1880 In
766 1840 996 1881 Veturium
1015 1841 1072 1881 de

184 1901 415 1954 sacrilegio
444 1903 700 1944 commisso:
742 1903 830 1944 Pro
864 1904 1069 1946 Veturio:

186 1966 259 2006 De
290 1966 388 2018 lege
419 1965 632 2008 Laetoria:
667 1966 736 2007 Dc
769 1968 868 2020 lege
888 1967 1070 2010 Baebia:

186 2027 255 2069 De
291 2027 410 2069 falsis
446 2029 623 2082 pugnis:
670 2031 742 2070 De
773 2041 819 2070 re
849 2030 1070 2072 Floriana:

187 2092 259 2133 Ne
286 2093 382 2146 quis
416 2093 578 2134 Consul
611 2092 677 2134 bis
711 2092 820 2134 fiat:
853 2092 1072 2134 Adversus

187 2156 251 2197 M.
270 2156 454 2197 Acilium
474 2161 631 2210 quarta
651 2170 662 2198 ς
694 2155 764 2197 Ad
783 2156 898 2197 liteis
916 2157 1074 2197 Censo-

187 2219 302 2260 rias:
349 2219 401 2259 In
437 2219 655 2260 Annium:
702 2219 755 2260 In
788 2220 854 2260 M.
876 2219 1073 2270 Fulvium

190 2281 483 2323 Nobiliorem:
519 2284 590 2323 De
619 2283 782 2335 spoliis,
813 2294 868 2323 ne
893 2282 1074 2336 figeren-

189 2350 278 2394 tur,
305 2344 388 2384 nisi
423 2357 520 2397 quae
549 2345 605 2385 de
639 2344 849 2395 hostibus,
882 2348 964 2386 διο.
1019 2345 1072 2385 In

189 2409 409 2462 Oppium:
437 2409 505 2449 De
525 2409 676 2449 decem
695 2409 939 2450 hominibus
959 2423 970 2450 :
1001 2412 1072 2451 De

188 2471 471 2513 foeneratione
504 2472 612 2524 legis
630 2471 802 2514 Juniae:
846 2473 934 2513 Pro
961 2473 1074 2513 Rho-

189 2535 426 2592 diensibus:
445 2535 533 2575 Pro
551 2537 648 2588 lege
668 2535 859 2578 Orchia:
888 2537 1071 2578 Dissua-

190 2598 255 2638 si'o
287 2596 342 2637 de
385 2609 487 2649 rege
521 2597 677 2639 Attalo
710 2603 756 2639 et
789 2600 1075 2651 vectigalibus

191 2659 334 2712 Asiae:
382 2659 560 2701 AEdileis
609 2659 747 2712 plebis
783 2668 1078 2703 sacrosanctos

191 2733 287 2763 esse
301 2736 312 2763 :
329 2723 400 2764 De
411 2723 686 2775 Auguribus:
703 2724 772 2763 De
783 2724 1073 2777 indigetibus:

193 2786 267 2827 De
283 2785 620 2838 conjuratione:
649 2787 719 2826 De
737 2785 870 2828 fundo
890 2788 1078 2829 oleario:

195 2850 267 2890 De
298 2848 433 2900 signis
465 2853 513 2888 et
545 2848 704 2889 tabulis
731 2850 844 2902 apud
866 2851 1078 2904 Equites:

195 2914 263 2954 De
297 2925 343 2954 re
366 2912 544 2953 Histriae
577 2913 782 2954 militari:
827 2915 894 2955 De
919 2912 1080 2956 Consu-

193 2978 307 3019 latu:
355 2978 410 3019 In
449 2977 712 3028 Cornelium,
760 2979 817 3019 ad
857 2980 1082 3032 populum,

195 3045 278 3082 διο.
306 3040 488 3082 Lambin.

252 3105 442 3155 Origines
458 3105 612 3145 videtur
629 3104 864 3158 αρρεῐὶαεοε]
893 3105 959 3146 M.
979 3105 1079 3145 'rul-

196 3168 281 3208 lius
301 3168 344 3208 in
364 3169 527 3208 Catone
544 3181 555 3208 ε
587 3170 599 3192 ‘
618 3170 833 3221 Septimus
850 3168 951 3209 mihi
971 3168 1081 3209 liber

198 3230 426 3282 Originum
446 3235 513 3270 est
533 3232 576 3270 in
596 3230 815 3272 manibus:
845 3232 988 3271 omnia
1007 3242 1080 3270 an-

197 3294 412 3347 tiquitatis
450 3298 723 3333 monumenta
753 3293 938 3344 colligo:
980 3303 1079 3331 cau-

198 3369 339 3398 sarum
369 3356 613 3404 illustrium,
639 3367 915 3407 quascunque
933 3353 1081 3394 defen·

200 3419 260 3470 di,
277 3432 387 3459 nimc
414 3431 509 3458 cum
530 3419 713 3458 maxime
735 3417 964 3457 Orationes
980 3427 1081 3456 con-

201 3481 324 3522 ficio:
363 3483 435 3534 jus
468 3478 1082 3533 augurium,pontificium,ci·

202 3545 286 3587 vile
322 3552 494 3589 tracto:
541 3548 722 3589 multum
767 3545 898 3587 etiam
943 3544 1081 3586 literis

1894 317 2002 369 675

1116 442 1285 485 Graecis
1354 450 1467 498 utor,
1531 445 2002 501 Pytliagoraeorumque

1116 518 1251 559 more,
1299 508 1552 549 exercenda:
1598 510 1812 551 memoriae
1849 511 2004 563 gratia,

1118 569 1220 621 quid
1240 582 1411 624 quoque
1429 571 1500 612 die
1521 573 1721 626 dixerim,
1751 575 2005 628 audiverim,

1119 634 1301 686 egerim,
1333 646 1621 677 commemoro
1663 638 1864 691 vesperi!
1921 639 2006 680 Re-

1121 697 1354 750 prehendit
1371 698 1481 740 banc
1500 700 1824 753 inscriptionem
1846 703 2020 744 Festus<

1121 761 1166 801 in
1186 773 1292 802 voce
1315 762 1543 815 Originum,
1569 763 1632 803 his
1660 763 1829 805 verbis:
1870 766 1883 788 ‘
1907 765 2007 806 Ori·

1123 823 1267 875 ginum
1304 824 1452 877 libros,
1481 825 1595 879 quod
1632 826 1850 880 inscripsit
1884 829 2010 882 Cato,

1122 898 1209 928 non
1238 887 1343 927 satis
1380 888 1554 940 plenum
1588 889 1764 930 titulum
1797 893 2010 944 propositi

1125 951 1191 992 sui
1219 951 1390 992 videtur
1408 953 1653 1006 amplexus:
1697 954 1868 1007 quando
1902 968 2011 1008 prae·

1127 1020 1308 1067 gravant
1325 1024 1394 1067 ea,
1410 1027 1505 1069 qnae
1521 1024 1620 1057 sunt
1636 1029 1776 1058 rerum
1794 1023 2013 1071 gestarum

1127 1078 1276 1130 populi
1314 1079 1525 1120 Romani!
1568 1079 1749 1121 Lambin.
1805 1082 2012 1124 Meminit

1128 1140 1260 1182 etiam
1278 1141 1447 1183 illorum
1466 1142 1680 1183 Robertus
1693 1143 1918 1185 Vulturins
1939 1145 2016 1188 lib.

1129 1215 1179 1245 u.
1199 1203 1255 1245 (le
1272 1217 1319 1244 re
1340 1204 1531 1246 militari.
1559 1205 1751 1259 Atquihi
1766 1207 1866 1248 libri
1882 1208 2012 1249 iidem

1129 1273 1229 1308 sunt
1257 1279 1354 1308 cum
1386 1267 1675 1308 Historiarum
1709 1269 1856 1311 libris:
1890 1283 2015 1312 secus

1128 1337 1261 1384 atque
1281 1331 1461 1372 Colerus
1481 1331 1714 1373 existimat.
1749 1333 1902 1374 Cicero
1921 1335 2017 1388 eJus

1131 1395 1366 1436 Orationes
1385 1400 1516 1449 atque
1538 1395 1767 1449 Originum
1784 1398 1920 1438 libros
1939 1399 2018 1438 im-

1127 1469 1262 1510 pense
1281 1458 1442 1499 laudat.
1497 1459 1550 1500 In
1570 1458 1852 1501 Orationibus
1872 1473 2020 1501 omnes

1131 1519 1358 1561 Orator-ias
1374 1520 1556 1561 virtutes
1575 1521 1747 1561 extollit
1764 1522 1880 1563 idem
1897 1523 2021 1563 Cice-

1131 1597 1194 1635 ro,
1224 1583 1375 1626 florem
1413 1590 1460 1626 et
1496 1586 1639 1626 lumen
1676 1587 1933 1640 eloquentiae
1974 1587 2019 1627 in

1132 1649 1360 1702 Originum
1373 1649 1498 1690 libris
1511 1650 1661 1691 laudat
1682 1666 1693 1702 ;
1719 1651 1803 1692 etsi
1821 1652 1914 1692 haec
1934 1663 2021 1692 non

1131 1711 1289 1765 probet
1300 1713 1478 1755 Brutus.
1513 1712 1685 1754 Vossius.

1187 1776 1343 1816 Bellum
1392 1776 1587 1817 Punicum
1633 1776 1827 1829 primum]
1889 1779 2017 1821 Quod

1134 1838 1310 1891 scripsit
1345 1839 1532 1880 Moevius
1562 1841 1758 1881 versibus
1793 1841 2024 1884 Saturniis.

1135 1903 1287 1943 Festus
1305 1902 1348 1943 iu
1366 1903 1568 1944 Saturno.
1624 1904 1776 1945 Cicero
1796 1905 1840 1944 in
1866 1905 2024 1945 Bruto.

1135 1966 1259 2006 Idem
1291 1966 1336 2006 in
1369 1966 1560 2007 Catone:
1604 1968 1617 1989 ‘
1639 1966 1777 2008 Quam
1808 1967 2024 2019 gaudebat

1138 2030 1251 2071 bello
1283 2042 1359 2070 suo
1389 2030 1554 2070 Punico
1574 2030 1749 2070 Naevius
1769 2030 1794 2069 !’
1834 2031 2016 2071 Lambin.

1137 2091 1337 2134 Gifanius
1368 2105 1393 2132 e
1414 2092 1520 2134 Cod.
1553 2104 1630 2132 suo
1663 2092 1770 2144 legit
1806 2092 2022 2146 Poenicum,

1137 2162 1186 2196 ut
1206 2155 1319 2197 alibi.
1348 2156 1508 2196 Rosius.

1192 2217 1431 2270 Secundum]
1483 2217 1608 2260 Quod
1648 2217 1703 2257 ab
1740 2218 1879 2257 Ennio
1917 2219 2022 2259 item

1138 2283 1335 2323 versibus
1356 2282 1565 2334 scriptum
1590 2285 1657 2321 est
1690 2279 1802 2319 Anu.
1835 2280 1911 2321 lib.
1942 2292 2027 2322 xu.

1141 2346 1265 2387 Idem.

1198 2411 1325 2464 Usque
1356 2411 1408 2450 ad
1437 2415 1655 2462 praeturam
1690 2408 1824 2448 Servii
1863 2407 2023 2459 Gatbae]

1137 2474 1210 2515 Sic
1242 2473 1487 2526 legendum,
1516 2485 1619 2524 non,
1638 2477 1688 2512 ut
1719 2472 1858 2523 vulgo,
1891 2471 2027 2522 Sergii

1143 2537 1296 2578 Galbae.
1352 2536 1504 2576 Galbae
1525 2536 1636 2576 enim
1669 2543 1793 2576 erant
1819 2535 2025 2587 Sulpiciae

1141 2600 1297 2652 gentis,
1338 2611 1424 2639 non
1460 2599 1638 2650 Sergiae.
1710 2598 1864 2650 Itaque
1899 2598 2027 2649 hujus

1143 2662 1299 2703 Galbae
1337 2672 1584 2714 praenomen
1615 2665 1710 2701 erat
1740 2660 1926 2706 Servius,
1958 2671 2028 2699 no-

1142 2737 1241 2765 men
1277 2725 1508 2777 Sulpicius.
1544 2724 1723 2764 Lambin.
1779 2725 1852 2764 De
1884 2723 2027 2764 Galba

1145 2788 1259 2840 vide,
1282 2801 1375 2842 quae
1396 2788 1450 2828 ad
1472 2787 1722 2828 Suetonium
1748 2786 2029 2827 commentati

1145 2851 1232 2892 sint
1251 2851 1429 2892 Salmas.
1461 2855 1508 2891 et
1538 2849 1811 2890 Boxhoruius
1840 2850 1883 2890 in
1903 2849 2029 2890 editi-

1145 2927 1226 2956 one
1244 2914 1507 2955 Schildiana.

1202 2978 1282 3024 Qui
1305 2977 1474 3030 diripuit
1492 2976 1722 3029 Lusitanos]
1765 2976 2025 3017 Suetonius:

1144 3043 1274 3084 ‘Scn
1311 3042 1451 3083 Galba
1494 3041 1744 3092 consularis,
1787 3045 2029 3092 temporum

1145 3119 1315 3147 suorum
1349 3105 1740 3159 eloquentissimus,
1777 3115 1904 3156 quem
1941 3109 2027 3142 tra-

1145 3171 1253 3210 dunt
1274 3170 1526 3222 Hispaniam
1547 3182 1600 3207 cx
1622 3173 1813 3220 praetura
1832 3166 2031 3205 obtinen-

1146 3239 1250 3283 tem,
1266 3243 1376 3272 xxx.
1410 3232 1711 3271 Lusitanorum
1732 3228 1915 3268 millibus
1934 3240 2030 3281 per·

1145 3293 1247 3333 fidia
1263 3293 1501 3342 trucidatis,
1514 3291 1715 3331 Vin-iatiui
1735 3290 1836 3330 belli
1856 3302 2030 3331 causam

1146 3355 1370 3395 extitisse!
1426 3355 1487 3394 Eo
1509 3353 1676 3392 nomine
1693 3365 1718 3391 a
1740 3353 2030 3394 L.Scribonio

1149 3417 1310 3457 Libone
1330 3423 1376 3456 et
1396 3418 1455 3456 Μ.
1485 3417 1643 3456 Porcio
1672 3418 1835 3457 Catone
1857 3417 1899 3456 in
1914 3416 2029 3469 judi-

1148 3482 1259 3521 cium
1282 3485 1458 3520 vocatus
1477 3486 1557 3519 est.
1578 3492 1580 3494 ·
1614 3480 1698 3521 Qui
1727 3492 1824 3520 cum
1845 3493 1889 3521 se
1910 3487 2030 3521 certo

1148 3544 1396 3583 damnatum
1445 3543 1495 3582 iri
1549 3540 1733 3593 videret,
1780 3544 2029 3595 complexus
