2306 3900
597 310 794 350 xxm.
860 308 1306 360 HANNIBALEM,
1346 308 1481 347 οΑι».
1521 292 1571 345 1.

571 664 844 727 JKJKIII.

219 821 331 862 Car.
346 823 386 861 1.
411 819 635 873 Hannibal]
662 821 861 862 Deuotat
889 817 1044 861 Orien·

163 883 322 924 talibus
349 896 504 925 nomeu
529 885 807 938 gratiosum,1
814 882 944 936 ,mid
964 885 1048 935 est,

161 950 336 1002 Hanno,
346 952 572 1003 gratiosus.
586 952 713 993 Unde
725 958 772 992 et
780 951 907 993 Anna
918 955 964 991 et
978 948 1047 990 10·

162 1027 293 1056 annes
309 1028 465 1057 nomeu
485 1017 670 1071 accepit,
695 1012 794 1072 '71²2
825 1015 917 1057 sive
935 1014 1048 1056 Baal

161 1087 307 1122 autem
325 1082 554 1125 Dominum
569 1090 708 1126 notat.
739 1083 919 1137 mysius.
974 1081 1046 1122 De

163 1146 408 1188 Hannibale
441 1149 598 1200 passim
628 1148 791 1199 Graeci,
817 1145 1050 1201 Latinique

159 1209 372 1260 historici,
390 1210 465 1250 sed
484 1211 703 1264 praecipue
721 1210 940 1265 Polybius,
957 1208 1047 1262 Ap-

162 1270 316 1324 piauus
347 1271 391 1313 in
426 1271 712 1328 Annibalicis,
746 1279 793 1316 et
823 1274 943 1324 alibi,
974 1272 1045 1314 Li·

939 656 1597 724 HANNIBAh

1111 818 1206 858 vius
1224 828 1250 857 a
1268 815 1342 856 lib.
1365 824 1463 855 ιιι.
1486 811 1538 854 ad
1553 821 1626 852 ιι..
1645 820 1794 863 nsque,
1814 812 1859 848 et
1883 818 1997 847 com-

1111 881 1272 935 pendio
1312 880 1463 920 Florus
1497 888 1550 918 11.
1580 878 1620 916 6.
1650 877 1692 914 7.
1719 876 1759 912 8.
1800 872 1997 914 Justinus

1112 957 1245 988 xxix.
1260 947 1403 986 ahaz.
1422 946 1469 983 et
1489 940 1674 992 scriptor
1693 935 1748 976 de
1768 934 1868 974 viris
1881 933 1998 974 illus·

1113 1011 1253 1053 tribus
1272 1019 1368 1060 cap.
1386 1009 1456 1050 42.
1503 1003 1644 1056 Hujus
1676 999 1901 1052 imaginem
1918 996 1998 1038 hae

1114 1070 1465 1116 formaaFulvio
1496 1066 1656 1108 Ursino
1687 1075 1713 1105 e
1742 1061 1996 1103 nomismate

1116 1141 1322 1189 argenteo
1338 1141 1587 1186 expressam
1604 1126 1700 1168 heic
1729 1125 1917 1167 inserere
1937 1122 1998 1164 vi-

1115 1215 1134 1243 8
1139 1213 1223 1243 um·

843 2193 948 2236 Apud
970 2192 1127 2224 Fulvium
1143 2191 1310 2224 Ursinum

842 2243 879 2274 in
896 2241 1100 2274 numismate
1116 2244 1292 2281 argenteo.

216 2384 362 2424 Omnes
375 2387 515 2435 gentes
530 2383 678 2423 viv-nu
695 2379 915 2433 super-usit]
943 2378 1043 2419 Vic-

162 2451 232 2488 tus
244 2448 358 2489 enim
378 2447 527 2501 praelio
538 2446 711 2501 quidem
728 2455 1044 2497 nonuunquam,

158 2512 273 2553 bello
290 2523 394 2552 vero
422 2522 651 2563 nunquam,
674 2515 724 2551 ut
750 2508 812 2550 ait
843 2506 1044 2550 Caecilius

159 2574 276 2628 apud
294 2574 497 2615 Nonium.
529 2573 685 2615 Schote-

214 2636 482 2678 Hannibalem
499 2640 610 2677 tanto
634 2634 867 2688 prestitisse
883 2635 1044 2673 eoeteros

158 2701 415 2753 imperatores
445 2699 677 2752 prudentia]
717 2697 845 2741 Quod
869 2707 1043 2751 quoque

161 2764 247 2805 fuit
259 2764 475 2817 judicium
495 2762 728 2804 Pescennii
743 2762 887 2814 Nigri.
929 2761 1044 2802 Nam

162 2838 271 2880 quos
291 2827 364 2867 alii
394 2827 617 2879 Scipiones
637 2826 902 2877 extulerunt,
933 2825 1044 2865 exis-

165 2890 335 2931 timavit
366 2891 381 2914 ⁴
398 2889 547 2931 felices
595 2889 691 2930 illo's
726 2888 860 2929 fuisse
897 2887 1049 2940 magis,

162 2963 289 3004 qaam
320 2951 486 2992 fortes!
540 2951 674 2992 AElius
711 2950 966 3003 Spartianus
997 2950 1041 2990 in

160 3014 286 3066 Nigri
302 3014 390 3055 vita
407 3013 552 3067 capite
572 3017 637 3054 ll.
655 3014 669 3037 ‘
687 3013 782 3054 Nec
797 3013 902 3053 alias
919 3011 1043 3053 fabu-

166 3078 228 3117 las
246 3089 429 3130 unquam
446 3077 611 3129 habuit,
625 3076 709 3117 uisi
728 3075 783 3116 de
813 3074 1042 3124 Annibale,

160 3138 412 3190 eaeterisque
461 3138 632 3180 talibus.
699 3137 898 3190 Denique
946 3147 1043 3176 cum

159 3200 417 3253 Imperatori
445 3199 563 3242 facto
596 3199 768 3254 quidam
806 3200 1043 3253 Panegyri-

162 3276 259 3305 cum
276 3264 461 3304 recitare
489 3263 635 3315 vellet,
659 3263 780 3305 'dixit
810 3263 867 3315 ei,
896 3264 1043 3305 Scribe

161 3329 311 3369 laudes
329 3328 459 3368 Marii
485 3327 554 3368 vel
575 3325 815 3377 Annibalis,
829 3327 898 3368 vel
913 3327 1043 3367 alicn-

154 3391 230 3443 jus
265 3391 397 3432 Ducis
423 3390 577 3443 optimi
610 3390 699 3430 vita
724 3388 879 3441 functi,
909 3395 955 3429 et
974 3389 1043 3430 dio

164 3455 266 3509 quid
294 3456 366 3496 ille
397 3455 567 3509 fecerit,
595 3462 643 3498 ut
672 3467 769 3496 eum
795 3466 873 3496 nos
906 3454 1044 3494 imite-

162 3517 289 3560 mur!
314 3519 439 3561 Gebh.
486 3519 597 3562 Vide
611 3520 667 3561 sis
683 3518 910 3573 gloriosam
928 3517 1043 3559 illam

1111 2375 1432 2418 contentionem
1462 2376 1518 2422 (le
1549 2377 1804 2431 praestantia
1827 2379 1993 2431 Scipio·

1111 2442 1194 2492 nis,
1230 2439 1502 2494 Hannibalis,
1534 2446 1581 2482 et
1612 2441 1851 2483 Alexandri
1877 2441 1994 2494 apud

1114 2504 1292 2545 Lucian.
1322 2504 1366 2545 ἐν
1382 2505 1579 2557 νεκρικοῖς.
1605 2504 1805 2546 Senonas.

1165 2566 1326 2619 Semper
1340 2567 1520 2616 discessit
1534 2567 1731 2620 superior]
1757 2567 1810 2608 In
1831 2566 1995 2608 Hamil·

1111 2640 1237 2669 care:
1279 2630 1294 2653 ‘
1312 2640 1568 2682 semperque
1605 2629 1802 2682 superior
1833 2628 1995 2669 disces·

1109 2691 1196 2733 sit-⁹
1234 2692 1374 2734 Lamb-

1166 2764 1324 2806 Civium
1356 2777 1515 2806 snorum
1543 2764 1716 2818 invidia]
1744 2760 1884 2809 Quam
1911 2764 1993 2806 sibi

1108 2827 1360 2868 conciliavit
1386 2827 1606 2869 Hannibal
1631 2839 1768 2880 remp.
1788 2826 1900 2869 bene
1917 2827 1993 2868 ad·

1109 2889 1420 2942 ministrand03
1466 2890 1625 2943 partim
1648 2889 1885 2943 judicibus,
1918 2890 1993 2944 qui

1109 2958 1238 2995 antea
1255 2953 1460 3006 perpetui
1479 2959 1620 3005 erant,
1647 2964 1783 3006 eoque
1801 2952 1994 2994 domina·

1108 3015 1284 3067 bantur,
1300 3014 1426 3057 factis
1443 3015 1623 3057 annuis:
1652 3016 1811 3069 partim
1839 3016 1992 3060 aerario

1108 3079 1283 3132 publico
1314 3084 1360 3120 et
1387 3078 1672 3132 vectigalibus
1703 3078 1854 3132 populi
1886 3078 1992 3118 Car·

1108 3143 1399 3196 thaginiensis,
1417 3155 1514 3197 quae
1532 3149 1580 3183 et
1605 3140 1868 3194 negligentia
1886 3139 1992 3180 dila·

1109 3206 1338 3258 bebautur‚
1371 3211 1434 3258 et,
1479 3206 1550 3259 (ut
1585 3203 1680 3245 fere
1709 3201 1797 3255 fit,)
1830 3201 1990 3255 praedoe

1110 3270 1381 3324 quaestuique
1430 3266 1698 3321 principibus
1734 3264 1991 3319 quibusdam

1111 3331 1301 3372 civitatis
1333 3337 1380 3372 et
1410 3328 1733 3383 magistratibus
1759 3333 1898 3381 erant,
1935 3326 1991 3368 ad

1110 3398 1272 3434 certam
1288 3392 1497 3433 rationem
1516 3392 1757 3434 revocatis:
1784 3396 1836 3433 ut
1854 3390 1990 3432 tradit

1112 3455 1257 3497 Livius
1274 3453 1386 3496 Anu.
1402 3454 1479 3497 lib.
1497 3465 1610 3496 xxx.
1649 3454 1787 3496 lavab-

1163 3516 1243 3559 θεά
1255 3517 1464 3559 muumm
1479 3517 1707 3560 obtrectatio
1717 3516 1861 3560 devicit
1874 3516 1989 3556 unius
