2306 3900
337 201 446 254 704

339 331 436 372 aliis
468 333 793 375 trecentesimus
825 335 1124 387 nonagesimus
1148 349 1226 377 no-

338 406 417 435 nus
437 395 491 435 ab
507 395 627 436 Urbe
647 397 838 449 condita,
862 398 933 439 hic
955 399 1121 440 Pictori
1140 399 1226 441 fuit

340 458 668 498 trecentesimus
705 462 1000 512 nonagesimus
1035 462 1223 515 quintus.

337 520 423 561 Sed
455 521 550 573 quis
582 521 732 562 credat
763 524 980 576 Nepotem
999 526 1225 566 sententiae

338 583 525 625 Pictoris
552 584 649 626 heic
678 585 926 640 adhaesisse,
943 600 1072 641 quum
1093 589 1226 630 diser-

339 647 418 687 tim
437 647 606 688 Solinus
620 649 780 700 tradat,
793 650 958 702 Nepoti
975 657 1020 692 et
1034 653 1226 705 Lutatio,

340 709 584 762 opinionem
613 710 866 764 Apollodori
899 718 945 754 et
973 714 1224 755 Eratosthe-

339 773 406 812 nis
434 774 827 826 comprobantibus,
853 777 1026 829 placere
1047 779 1225 819 Romam

340 835 559 876 conditam
594 836 867 890 Olympiadis
895 841 1091 892 septimae
1111 853 1226 883 anno

339 899 567 940 secundo?
625 901 724 942 Hoc
760 905 926 942 tantum
955 903 1102 956 itaque
1129 904 1226 946 heic

340 963 576 1003 tenendum
611 976 665 1003 ex
699 965 901 1017 opinione
922 967 1122 1020 Nepotis,
1152 981 1227 1009 na-

341 1031 433 1067 tum
452 1025 764 1080 Alexandrum,
783 1028 1037 1071 Consulibus
1065 1031 1131 1071 M.
1151 1032 1230 1073 Fa-

339 1089 413 1130 bio
433 1084 647 1132 Ambusto
672 1096 718 1132 et
748 1092 796 1132 T.
815 1092 1020 1134 Quinctio
1052 1095 1229 1147 Capito-

338 1153 439 1193 lino.
469 1154 638 1194 Salmas.
708 1156 772 1196 M.
807 1155 930 1196 Fabio
962 1158 1152 1199 Ambusto
1189 1164 1228 1200 et

346 1218 392 1258 Τ.
416 1217 603 1262 Quinctio
639 1217 862 1269 Capitolino
892 1220 1024 1272 Coss]
1060 1221 1228 1263 Horum
1259 1229 1269 1235 *

341 1282 588 1322 consulatus
625 1281 779 1322 incidit
811 1282 855 1322 in
881 1295 1037 1325 annum
1054 1286 1228 1326 tertium

341 1350 417 1385 aut
435 1344 632 1385 ultimum
655 1345 926 1398 Olympiadis
945 1353 1080 1388 sextae
1097 1361 1229 1401 supra

343 1409 638 1448 centesimam.
694 1408 908 1461 Josephus
946 1416 1092 1451 narrat
1112 1412 1228 1464 apud

341 1483 488 1511 omnes
499 1471 542 1510 iu
555 1469 749 1511 confesso
760 1471 924 1524 haberi,
935 1471 1228 1515 Alexandrum

344 1533 450 1576 vivis
466 1535 704 1575 excessisse
720 1535 978 1588 Olympiade
992 1539 1230 1580 centesima

342 1602 390 1637 et
426 1596 594 1638 decima
628 1602 794 1650 quarta.
846 1599 978 1640 Libro
1014 1612 1048 1641 1.
1078 1607 1230 1642 contra

339 1660 618 1714 Appionem:
677 1660 933 1715 Ἀλέξανδρον
971 1661 1014 1704 δὲ
1053 1663 1230 1705 τεθνάναι

339 1722 488 1765 ’πάντες
521 1725 759 1775 ὁμολογοῦσι
791 1725 854 1765 ἐπὶ
893 1728 966 1775 τῆς
1014 1727 1229 1777 ἑκατοστῆς

338 1777 766 1843 τεσῖσερεσκαιδεκάτης
807 1790 1081 1842 Ὀλυμπιάδος,
1139 1793 1230 1834 He-

346 1854 489 1905 gestas
509 1858 612 1893 tunc
632 1853 807 1894 Archon
828 1861 939 1897 erat.
994 1855 1132 1909 AEque
1170 1857 1231 1897 in-

343 1923 413 1958 ter
434 1929 581 1958 omnes
613 1923 800 1969 constat,
828 1930 939 1960 anno
967 1919 1070 1960 vitae
1100 1921 1231 1972 trige-

339 1980 452 2020 'simo
472 1981 602 2021 tertio
620 1993 719 2021 eum
744 1981 914 2022 obiisse.
969 1982 1130 2023 Scribit
1149 1984 1232 2023 Ar-

345 2045 490 2084 rianus
524 2045 712 2085 occisum
743 2056 837 2085 esse
869 2044 1119 2098 Philippum
1153 2046 1232 2087 sub

345 2106 608 2159 Pythodemi
653 2107 923 2159 magistratu,
969 2108 1232 2160 Olympiade

341 2169 575 2209 undecima
599 2174 646 2209 et
666 2170 915 2221 centesima,
934 2182 1016 2222 quo
1037 2175 1232 2223 tempore

346 2230 600 2272 Alexander
635 2244 838 2272 annorum
872 2233 1049 2273 circiter
1081 2233 1234 2285 viginti

342 2293 442 2334 fnit.
495 2295 541 2335 Si
577 2295 632 2335 ab
661 2307 714 2334 ea
741 2295 1003 2347 Olympiade
1022 2301 1140 2337 retro
1159 2309 1235 2336 nu·

346 2369 488 2398 meres
521 2369 655 2398 annos
686 2358 853 2410 viginti,
873 2358 927 2398 ad
948 2364 1111 2399 sextam
1133 2371 1234 2400 cen-

348 2421 551 2464 tesimam
568 2421 789 2472 devenies,
819 2422 939 2473 cujus
969 2433 1078 2462 auno
1098 2423 1234 2474 primo

343 2489 471 2525 natus
487 2490 554 2526 est
565 2484 828 2537 Alexander,
837 2485 1032 2538 Elpinice
1042 2484 1235 2527 Archon-

347 2553 405 2588 te.
460 2546 537 2588 Ab¹
567 2560 619 2587 eo
653 2549 850 2589 Praetore
890 2548 945 2589 ad
983 2549 1235 2602 Hegesiam,

347 2609 429 2650 sub
446 2622 531 2663 quo
561 2616 741 2650 mortem
761 2610 884 2662 obiit,
918 2611 1018 2651 anni
1036 2618 1137 2653 sunt
1153 2613 1236 2652 duo

349 2678 396 2713 et
433 2673 614 2725 triginta
650 2673 806 2714 solidi:
853 2679 1046 2715 mortuus
1089 2675 1236 2728 itaque

347 2748 459 2780 anno
478 2738 618 2778 aetatis
649 2737 867 2789 trigesimo
888 2738 1034 2778 tertio.
1089 2737 1236 2791 Atque

348 2800 442 2841 haee
471 2805 570 2840 sunt
597 2799 712 2853 apud
745 2812 893 2841 omnes
921 2799 1236 2852 ὁμολογούμεναι

342 2864 475 2916 juxta
510 2865 724 2905 calculum
752 2877 854 2905 vero
884 2866 1068 2917 Nepotis
1096 2865 1236 2906 minus

350 2927 499 2979 etiam,
531 2940 659 2981 quam
695 2928 872 2980 triginta
899 2940 1030 2969 annos
1064 2929 1238 2970 vixerit.

342 2988 391 3030 Ἀ
411 2990 587 3043 Nepote
603 2990 777 3031 videtur
803 2993 1027 3044 sumpsisse
1043 2991 1237 3045 Agellius

342 3054 428 3094 'lib.
449 3064 566 3094 xvn.
595 3054 754 3106 capite,
774 3067 856 3107 quo
877 3056 1067 3107 exponit,
1085 3057 1238 3109 quibus

351 3117 619 3170 temporibus
657 3122 755 3170 post
798 3118 976 3158 Romam
1023 3119 1237 3159 conditam

352 3180 500 3221 Graeci
536 3181 803 3234 Romanique
832 3181 1021 3222 illustres
1058 3182 1135 3221 viri
1162 3180 1237 3222 flo-

353 3243 533 3284 ruerint.
589 3243 641 3283 Iu
670 3256 722 3284 eo
755 3244 903 3296 capite
928 3244 1079 3296 tradit,
1106 3243 1239 3285 Alex-

356 3305 535 3345 andrum
573 3313 722 3347 natum
762 3308 878 3347 circa
914 3315 1067 3347 annum
1107 3307 1239 3348 Urbis

344 3368 539 3409 -conditae
572 3370 1053 3422 quadringentesimum.
1083 3371 1238 3411 Corne-

347 3432 458 3472 ·lium
480 3432 693 3483 Nepotem
721 3434 779 3473 ibi
812 3434 854 3473 in
886 3434 1109 3476 chronicis
1129 3435 1237 3476 citat

716 216 897 255 No'rAE
939 216 1272 257 VAR10RUM
1315 218 1380 257 IN
1425 220 1478 258 G.
1522 220 1786 259 NEPOTIS

1288 336 1383 378 loco
1403 349 1487 378 nou
1506 350 1606 379 uno.
1659 338 1724 378 M.
1751 336 1906 377 Fabius
1935 334 2171 378 Ambustus

1286 401 1433 441 consul
1470 400 1553 442 fuit
1583 402 1741 442 iterum
1770 413 1867 440 cum
1898 400 1963 441 M.
1987 399 2175 454 Popilio,

1288 475 1398 503 anno
1427 465 1617 506 secundo
1648 464 1927 517 Olympiadis
1961 464 2175 517 sexagesi-

1287 537 1367 565 mae
1404 531 1554 578 sextae,
1585 527 1702 567 circa
1735 539 1891 566 annum
1925 526 2058 567 Urbis
2086 532 2175 567 tre-

1288 587 1568 628 centesimum
1626 589 1950 640 nonagesimum
1999 599 2174 629 nonum.

1287 649 1411 690 Idem
1453 651 1604 692 Fabius
1639 654 1786 692 consul
1817 653 1948 693 tertio
1975 651 2059 692 fuit
2077 664 2175 693 cum

1287 715 1341 755 T.
1361 715 1567 758 Quinctio
1599 717 1858 770 Capitolino,
1887 729 1999 758 anno
2030 716 2179 768 Urbis,

1281 776 1412 829 juxta
1442 779 1625 831 Livium,
1653 781 2073 833 quadringentesimo
2091 780 2179 834 pri·

1288 850 1372 881 mo.
1429 842 1494 881 Eo
1521 842 1614 893 ipso
1643 854 1753 883 anuo
1782 843 1954 896 quidam
1982 842 2175 884 Annales

1289 916 1374 945 non
1390 905 1541 946 Titum
1569 907 1836 957 Quinctium,
1862 908 1937 948 sed
1957 908 2174 962 Popilium

1289 969 1506 1010 consulem
1537 982 1634 1011 cum
1669 970 1881 1012 Ambusto
1910 970 2174 1013 referebant.

1290 1030 1464 1072 Livius:
1502 1032 1515 1055 ‘
1535 1033 1685 1074 Creati
1714 1034 1918 1075 Consules
1945 1033 2073 1075 ambo
2093 1033 2178 1075 Pa-

1290 1093 1417 1135 tricii.
1470 1095 1534 1134 Μ.
1555 1095 1712 1136 Fabius
1736 1095 1990 1149 Ambustus,
2007 1107 2081 1137 111.
2121 1097 2177 1140 Τ.

1290 1157 1534 1200 Quinctius.
1572 1159 1623 1199 Iu
1649 1159 1904 1213 quibusdam
1924 1158 2177 1212 Annalibus,

1289 1232 1370 1272 pro
1387 1221 1436 1262 T.
1457 1222 1679 1274 Quinctio,
1704 1224 1767 1264 M.
1786 1223 2002 1276 Popilium
2024 1236 2177 1265 consu-

1289 1284 1376 1324 lem
1405 1285 1606 1327 invenio?
1660 1286 1759 1327 Hoc
1791 1298 1980 1327 errorem
2005 1284 2175 1340 quibus·

1290 1345 1391 1386 dam
1408 1348 1598 1400 potuerit
1615 1348 1825 1401 objicere,
1853 1349 1898 1389 in
1918 1348 2178 1401 assignando

1291 1409 1532 1451 Alexandri
1567 1413 1722 1452 natalis
1743 1425 1870 1463 anno,
1899 1412 1974 1465 qui
2003 1413 2177 1453 tertium

1291 1472 1413 1513 Fabii
1450 1472 1654 1515 Ambusti
1696 1476 1966 1516 consulatum
2002 1487 2083 1527 pro
2111 1488 2178 1516 se-

1291 1535 1432 1575 cundo
1462 1536 1728 1588 acciperent,
1747 1538 1964 1590 praecipue
1985 1550 2112 1591 quum
2133 1538 2180 1578 iu

1291 1603 1478 1651 utroque
1496 1600 1721 1640 consulatu
1753 1601 1958 1652 collegam
1989 1601 2054 1641 illi
2073 1600 2180 1642 dent

1292 1661 1357 1702 M.
1392 1662 1608 1715 Popilium
1645 1663 1816 1716 quidam
1836 1663 2043 1704 Annales.
2098 1663 2179 1704 His

1292 1726 1419 1778 adde,
1433 1726 1566 1780 quod,
1577 1728 1706 1780 juxta
1719 1727 1830 1768 Livii
1844 1733 1890 1768 et
1903 1727 2081 1768 aliorum
2093 1729 2182 1768 cal-

1293 1791 1451 1839 culum,
1472 1790 1632 1831 Fabius
1666 1791 1942 1831 ille'secundo
1955 1790 2097 1832 factus
2114 1797 2181 1832 est

1292 1854 1441 1893 consul
1457 1865 1569 1893 anno
1585 1853 1717 1895 Urbis
1732 1854 2038 1894 trecentesimo
2049 1865 2181 1894 nona-

1293 1917 1457 1968 gesimo
1475 1928 1602 1959 nono.
1657 1917 1724 1956 Ex
1745 1928 1830 1957 aera
1848 1928 2014 1970 quoque
2033 1916 2182 1969 Nepo-

1294 1981 1367 2032 tis,
1387 1981 1458 2034 qui
1478 1980 1645 2021 dnobus
1666 1982 1787 2022 annis
1803 1981 2017 2035 posterius
2033 1981 2181 2021 condi-

1294 2049 1382 2084 tam
1413 2044 1574 2085 Urbem
1606 2044 1775 2095 statuit,
1802 2044 1955 2085 tertius
1987 2043 2182 2097 ejusdem

1295 2107 1416 2148 Fabii
1435 2108 1680 2148 consulatus
1699 2108 1743 2148 in
1762 2120 1919 2148 annum
1942 2108 2074 2149 Urbis
2094 2112 2181 2148 tre-

1297 2171 1581 2212 centesimum
1599 2172 1918 2224 nonagesimum
1939 2182 2096 2212 nonum
2111 2183 2181 2212 ca·

1296 2233 1375 2274 dit.
1435 2235 1492 2275 Et
1511 2234 1678 2275 fortean
1699 2236 1867 2287 Nepos,
1885 2247 2013 2288 quum
2031 2241 2182 2274 uatum

1298 2298 1594 2339 Alexandrum
1623 2300 1666 2339 in
1689 2299 1911 2339 chronicis
1938 2299 2063 2349 dixit,
2074 2310 2182 2338 cou-

1291 2361 1439 2400 *sulatu
1466 2362 1530 2402 M.
1563 2360 1687 2400 Fabii
1710 2359 2003 2411 Ambusti,·de
2036 2372 2186 2401 secun-

1298 2424 1354 2464 do
1385 2424 1480 2477 ejus
1525 2426 1753 2465 consulatu
1787 2424 2020 2475 intellexit,
2054 2435 2182 2477 quem

1299 2489 1495 2542 plerique
1523 2489 1742 2547 assignant
1771 2488 1825 2528 ad
1844 2501 2000 2529 aunum
2033 2500 2182 2528 secun-

1300 2552 1400 2593 dum
1437 2551 1711 2606 Olympiadis
1751 2553 1998 2594 centesimae
2029 2558 2182 2593 sextae.

1300 2616 1467 2658 Salmas.

1354 2680 1521 2720 Publius
1552 2680 1753 2720 Terentius
1783 2678 1980 2732 Scipionis
1997 2677 2184 2728 Africani

1297 2747 1336 2783 et
1367 2744 1458 2783 Caii
1489 2743 1610 2784 Laelii
1644 2741 1825 2795 aqualis]
1873 2741 2000 2784 Quod
2033 2746 2184 2782 contra

1299 2807 1601 2847 Fenestellam.
1656 2805 1785 2846 vide
1815 2805 1998 2846 eundem
2039 2805 2182 2845 locum

1299 2870 1474 2921 Donati,
1503 2871 1589 2922 vel,
1623 2876 1672 2911 ut
1692 2870 1765 2910 alii
1784 2870 1946 2921 volunt,
1973 2868 2184 2909 Suetonii.

1299 2934 1563 2975 Kenchenius.
1604 2933 1719 2976 Quin
1733 2933 1878 2985 potius
1897 2937 2080 2984 utroque
2095 2943 2183 2971 ma·-

1289 2996 1363 3048 jor
1382 3001 1498 3036 natu.
1558 2996 1697 3037 Natus
1731 2995 1843 3035 enim
1877 2994 2119 3046 Terentius,
2147 2994 2184 3034 si

1299 3057 1439 3098 eidem
1480 3057 1650 3098 Donato
1695 3057 1803 3098 fides
1843 3056 2055 3107 habenda,
2090 3056 2181 3112 Cn.

1294 3121 1498 3161 Cornelio
1542 3121 1740 3172 Lentulo,
1785 3120 1840 3161 P.
1886 3119 1997 3160 AElio
2042 3119 2185 3170 Poeto,

1300 3183 1422 3224 Coss.
1443 3195 1571 3235 anno,
1591 3185 1631 3223 ni
1652 3183 1793 3233 fallor,
1818 3187 1912 3223 653.
1934 3187 2034 3235 post
2053 3181 2109 3222 U.
2129 3181 2180 3222 C.

1298 3247 1500 3287 Mortuus
1517 3260 1619 3287 vero
1633 3249 1710 3288 Cn.
1726 3247 1924 3288 Cornelio
1934 3245 2183 3297 Dolabella,

1300 3311 1362 3350 M.
1385 3311 1534 3351 Fulvio
1552 3311 1776 3352 Nobiliore
1792 3311 1908 3351 Coss.
1924 3321 2033 3350 anuo
2053 3310 2109 3349 U.
2129 3309 2181 3351 C.

1299 3376 1394 3413 595.
1453 3373 1599 3425 Scipio
1639 3385 1741 3412 vero
1771 3370 2000 3411 Africanus
2031 3371 2182 3423 minor,

1300 3443 1423 3476 natus
1444 3435 1587 3488 Appio
1603 3434 1780 3474 Claudio
1794 3434 1968 3483 Pulcr6‚
1984 3434 2045 3474 Μ.
2061 3434 2182 3475 Sem·
