2306 3900
646 303 803 361 xxv.
868 302 1174 353 ATrlcuM,
1214 302 1348 341 cAr.
1387 287 1477 341 10.

146 425 294 466 leiusz·
319 423 332 446 ‘
355 423 474 464 Uxor
507 421 683 463 Antonii
720 421 890 471 Fulvia,
926 419 1032 461 nihil

145 487 353 531 muliebre
411 490 574 539 praeter
632 496 792 536 corpus
844 482 1031 536 gerens.’

145 553 262 603 Lege
290 550 425 591 Dion.
450 549 524 589 lib.
548 558 694 589 xnvu.
724 546 884 588 Zonar.
917 545 1032 587 Ann.

148 619 178 655 t.
197 626 251 656 11.
271 613 315 655 in
335 613 412 654 vit.
432 612 482 654 C.
503 610 697 653 Octavii.

201 671 250 719 P.
268 689 359 719 vero
382 674 603 727 Volumnio]
641 675 723 716 Est
755 674 832 715 ille
866 674 917 714 P.
945 673 1035 714 Vo-

146 740 328 782 lumnius
364 739 622 791 Eutrapelus
675 736 911 790 praefectus
954 738 1035 778 Fa·

147 804 290 854 hrum,
308 801 361 845 ad
393 814 521 855 quem
553 800 720 854 scripta
750 805 818 842 est
849 801 1036 852 epistola

148 865 300 908 ultima
317 869 363 910 et
382 864 617 917 penultima
636 863 712 905 lib.
732 874 817 904 vu.
837 863 891 904 ad
911 863 1032 906 Fam.

119 934 124 939 '
147 929 350 972 Meminit
377 932 594 982 praeterea
611 929 704 982 eJus
723 929 878 970 Cicero
896 929 1036 981 Epist.

148 993 226 1035 lib.
246 1003 312 1034 1¹.
336 995 403 1033 26.
432 992 445 1015 ‘
464 991 608 1043 Audi,'
634 992 789 1046 inquit,
815 993 828 1014 ‘
847 993 1037 1048 reliqua3

149 1055 262 1098 infra
286 1056 569 1109 Eutrapelum
601 1056 775 1109 Cyteris
805 1054 1039 1098 accubuit?

152 1121 294 1162 Eme.

210 1184 266 1224 Ut
297 1182 445 1224 nauum
467 1182 538 1223 illa
571 1182 723 1224 stiterit
751 1183 1038 1238 vadimonium]

146 1250 159 1273 ‘
180 1249 340 1291 Sistere
360 1249 671 1293 vadimonium'
693 1254 776 1303 est,
792 1251 904 1304 quod
922 1251 1039 1292 datis

150 1312 332 1355 vadibus
351 1313 626 1365 promiserat,
644 1326 692 1354 se
718 1314 763 1355 in
775 1313 944 1367 judicio
962 1315 1039 1356 sis·

150 1377 350 1418 tere.'Et
366 1377 431 1418 sic
450 1377 463 1401 ‘
483 1376 670 1418 liberare
690 1376 852 1418 vades?
879 1377 1037 1419 Cicero

151 1452 232 1494 pro
251 1441 480 1483 Quinctio:
497 1442 511 1463 ‘
526 1439 662 1481 Venit
679 1441 861 1481 Romam
881 1439 1038 1483 Quinc·

153 1505 252 1556 tius,
262 1504 548 1546 vadimonium
563 1503 708 1545 sistit.’
725 1505 784 1545 Et
795 1504 906 1546 Cato
920 1503 1038 1556 apud

153 1566 370 1621 Agellinm
398 1567 475 1610 lib.
493 1579 545 1608 11.
566 1571 633 1609 14.
665 1568 679 1590 ‘
699 1566 830 1611 Quod
857 1567 894 1608 si
924 1566 1040 1609 vadi-

151 1631 339 1673 monium
378 1631 525 1684 capite
571 1630 774 1672 obvoluto
820 1629 1038 1672 stitisses.’

152 1694 334 1736 Lambin.
352 1694 508 1736 Schott.
527 1693 673 1735 Savor.
696 1692 899 1736 Gebhard.

211 1758 379 1800 Eminet
395 1757 441 1800 in
455 1757 579 1811 diem]
605 1757 667 1798 Ut
695 1757 885 1798 solveret
915 1761 1040 1800 certo

153 1825 368 1873 tempore.
424 1821 645 1873 Frequens
675 1824 744 1860 est
774 1819 819 1860 in
845 1821 1041 1863 omnibus

152 1882 468 1935 contractibus,
485 1882 574 1925 diei
595 1883 663 1924 vel
683 1882 940 1926 conditionis
966 1885 1041 1926 ad·

149 1947 303 2000 jectio.
333 1947 540 1989 Emstius.

207 2011 412 2064 Simulque
429 2010 603 2064 aperire]
621 2011 791 2064 Supra
780 2023 824 2052 ιιι
845 1967 1043 2054 Conone.

157 2073 169 2096 ‘
191 2074 349 2129 Neque
393 2086 496 2115 vero
540 2086 629 2116 non
669 2073 756 2116 fuit
801 2075 1045 2128 apertum?

157 2138 436 2191 perspicuum
481 2149 533 2180 ac
583 2139 761 2180 clarum.
840 2139 1044 2183 Gebhard.

157 2201 413 2253 Sigbicellus
432 2202 610 2255 mavult,
626 2215 830 2256 apparere.

212 2264 290 2305 Ille
323 2267 456 2305 autem
489 2265 554 2306 sui
579 2264 748 2320 judicii]
811 2266 897 2310 Qui
928 2271 1047 2309 esset

158 2327 282 2368 homo
316 2327 383 2368 sui
407 2327 580 2380 Judicii,
615 2327 698 2370 hoc
731 2334 816 2381 est,
855 2330 929 2384 qui
960 2343 1047 2372 non

158 2397 248 2431 tam
265 2389 464 2442 aliorum,
483 2402 610 2443 quam
641 2403 718 2433 suo
745 2391 912 2445 judicio
936 2393 1047 2435 nite·

159 2457 292 2494 retur.
347 2453 491 2493 Homo
511 2453 738 2507 suijudicii
764 2453 949 2497 fortasse
978 2463 1048 2498 est

157 2517 209 2566 is,
225 2529 353 2571 quem
375 2517 522 2559 Graeci
533 2517 800 2572 ἰδωγνῶμονα,
814 2532 890 2562 seu
904 2522 1048 2574 potius

159 2579 450 2634 αὐτογνόμονα,
469 2583 707 2634 appellant.
747 2583 932 2626 Lambini.

215 2644 327 2685 CA».
348 2647 416 2687 10.
451 2645 507 2684 Ut
535 2646 734 2687 Antonius
759 2647 882 2687 rediit
900 2647 944 2687 in
962 2647 1048 2688 Ito-

162 2706 277 2758 liam]
309 2707 380 2748 De
401 2707 523 2760 cujus
543 2707 689 2750 reditu
715 2709 907 2750 Velleius
926 2710 1046 2751 Hist.

163 2782 215 2811 ιι.
232 2773 300 2812 76.
321 2769 335 2794 ⁴
357 2769 584 2812 Adventus
612 2770 770 2813 deinde
801 2772 845 2812 in
876 2770 1048 2822 Italiam

162 2831 358 2884 Antonii,
385 2838 741 2887 praeparatosque
767 2838 921 2876 contra
950 2845 1048 2875 eum

163 2895 348 2937 Caesaris
365 2895 514 2937 habuit
530 2896 631 2937 belli
649 2901 838 2951 metum:
869 2896 944 2939 sed
964 2909 1049 2952 pax

162 2959 275 3000 circs
292 2959 581 3000 Brundusium
600 2960 867 3014 composita!

217 3022 284 3064 Ad
303 3026 510 3064 adventum
542 3024 848 3077 Imperatorum]
884 3024 949 3066 M.
969 3024 1051 3066 Le·

165 3085 271 3137 pidi,
296 3087 362 3128 M.
379 3086 575 3140 Antonii,
591 3094 636 3129 et
655 3087 833 3129 Octavii
853 3088 1050 3140 Caesaris,

166 3149 282 3188 inter
297 3161 403 3201 quos
423 3150 529 3190 inita
548 3156 639 3191 tum
667 3151 872 3204 temporis
900 3157 1051 3205 poten·

167 3213 241 3253 tiae
275 3213 475 3254 societas.
517 3214 632 3254 Vide
658 3215 858 3263 Dionem,
883 3216 1050 3268 ‘Appia-

167 3286 284 3324 num,
304 3275 494 3325 Florum,
507 3275 735 3317 Velleium.
763 3277 914 3318 Florus
927 3288 992 3319 ιν.
1008 3282 1048 3319 6.

169 3337 226 3378 de
245 3338 517 3378 triumviratu
533 3351 544 3378 z
574 3338 587 3361 ‘
603 3338 656 3379 In
675 3339 754 3380 boc
772 3340 890 3380 velut
909 3339 1051 3381 foedns

169 3412 254 3451 pax
301 3400 415 3441 inter
451 3405 540 3441 tres
585 3400 719 3441 duces
764 3402 1051 3454 componitur.

173 3461 300 3514 Apud
330 3463 610 3506 Confluentes
642 3464 755 3505 inter
780 3465 976 3508 Prusiam
1004 3471 1051 3509 et

172 3526 405 3569 Bononiam
419 3528 610 3582 jungunt
628 3528 807 3571 manus.’

1868 286 1975 341 687

1153 419 1307 460 Timens
1320 418 1660 472 proscriptionem]
1681 418 1818 461 Quam
1840 418 1980 472 primo

1095 483 1375 524 aversabatur
1405 483 1633 535 Octavius,
1659 482 1737 523 sed
1763 482 1982 536 inceptam

1095 552 1279 599 utroque
1311 546 1510 587 acerbius
1548 545 1758 587 exercuit.
1803 545 1983 589 Sueton.

1095 608 1172 650 Καὶ
1203 607 1310 660 εἶχεν
1341 608 1462 651 οὕτως
1498 608 1524 658 ἦ
1555 608 1775 662 προγραφὴ
1824 608 1984 662 Μάρκος

1094 671 1268 724 Λέπιδος,
1305 670 1462 724 Μάρκος
1507 671 1725 721 Ἀντώνιος,
1756 671 1985 715 Ὀκταούϊος

1097 737 1263 787 Καῖσαρ,
1290 735 1327 776 οἱ
1351 733 1686 788 χειροτονηθέντες
1712 735 1876 789 ἁρμόσαι
1909 737 1976 779 καὶ

1096 802 1294 854 διορθῶσαι
1324 799 1378 840 τὰ
1405 799 1528 851 κοινὰ,
1549 804 1680 841 ΟΤΤΩ
1718 805 1984 846 til-:romum

1099 863 1286 918 Appian.
1342 864 1452 906 Haec
1482 869 1552 905 est
1583 864 1657 905 illa
1692 864 1858 907 nefaria
1890 878 1988 918 pro·

1095 927 1294 980 scriptio,
1313 938 1398 981 qua
1417 927 1571 968 Cicero
1589 939 1688 968 cum
1705 926 1812 979 filio,
1833 927 1987 982 fratre,

1095 989 1327 1045 fratrisque
1338 990 1644 1042 filio,omnibus
1658 991 1844 1045 denique
1859 992 1990 1034 clien-

1098 1055 1211 1098 tibus
1230 1061 1277 1098 et
1289 1055 1440 1097 amicis
1457 1056 1725 1109 proscriptus
1744 1055 1843 1098 fuit.
1889 1058 1987 1099 Flo-

1098 1132 1171 1162 rus
1189 1120 1408 1163 Sullanam
1424 1125 1566 1172 vocat,
1579 1120 1633 1162 ob
1649 1120 1877 1162 immanem
1892 1121 1989 1175 eJus

1098 1182 1432 1236 crudelitatem;
1459 1184 1579 1236 quus
1607 1185 1807 1237 exemplo
1826 1185 1990 1227 instau-

1098 1252 1240 1289 ratum
1257 1248 1430 1289 malum.
1471 1247 1675 1291 Keuchen.

1155 1311 1280 1364 Opem
1298 1310 1466 1363 tulerat]
1508 1311 1680 1365 Supra:
1709 1312 1724 1336 ‘
1743 1312 1795 1354 P.
1811 1312 1991 1354 Volum-

1098 1373 1169 1416 nio
1195 1386 1249 1416 ea
1282 1374 1455 1426 tribuit,
1489 1379 1540 1416 nt
1577 1375 1704 1428 plura
1743 1388 1771 1416 a
1806 1381 1992 1428 parente

1099 1437 1316 1491 proficisci
1337 1450 1423 1478 non
1442 1438 1694 1490 potuerint.'
1742 1441 1851 1481 Post
1868 1451 1991 1492 vero,

1098 1500 1113 1524 ‘
1131 1499 1379 1542 Praefectus
1426 1500 1594 1543 fabrum
1637 1500 1845 1544 Antonii’
1886 1502 1996 1544 dici-

1101 1569 1187 1608 tur.
1227 1565 1381 1608 Senon.

1155 1629 1279 1671 Modo
1310 1629 1368 1683 hi,
1397 1631 1508 1671 modo
1538 1630 1621 1684 illi]
1662 1630 1882 1684 Tanquam
1903 1630 1993 1672 cal-

1103 1690 1204 1743 culi,
1221 1697 1273 1732 ut
1292 1692 1517 1745 eleganter
1535 1693 1695 1745 Polyb.
1717 1692 1793 1734 lib.
1815 1704 1860 1734 v.
1890 1694 1994 1736 Bos.

1160 1755 1214 1801 Q.
1253 1753 1427 1797 Gellium
1463 1754 1652 1808 Canium]
1709 1755 1764 1796 In
1803 1757 1890 1797 Ms.
1924 1761 1995 1798 est

1107 1817 1260 1860 Canum
1293 1817 1461 1860 duabus
1509 1819 1713 1872 syllabis:
1783 1820 1915 1862 etiam
1948 1821 1996 1862 in

1104 1882 1370 1923 Manutianis
1400 1882 1600 1934 schedis;
1629 1884 1692 1924 sic
1722 1884 1835 1924 enim
1860 1884 1996 1937 legit:

1103 1944 1339 1998 habebatque
1371 1958 1501 1986 secum
1539 1947 1594 1992 Q.
1630 1946 1804 1987 Gellium
1844 1948 1997 1988 Canum

1104 2011 1304 2060 oequawm.
1359 2010 1428 2051 De
1462 2011 1543 2051 hoc
1580 2011 1814 2061 Martialis,
1851 2011 1929 2052 lib.
1960 2023 1994 2054 ι.

1106 2073 1345 2120 ‘Gaudent
1364 2074 1529 2126 jocosae
1557 2074 1691 2115 Canio
1719 2087 1796 2115 suo
1817 2074 1996 2126 Gade83

1107 2136 1302 2178 Emerita
1318 2137 1517 2178 Deciano
1536 2137 1662 2178 meo!
1708 2138 1767 2178 Et
1786 2143 1885 2190 post
1902 2150 1990 2180 non

1105 2202 1235 2254 longe
1268 2201 1448 2243 Canium
1482 2200 1687 2243 nominat.
1752 2202 1811 2241 Et
1847 2202 1997 2255 Epigr.

1106 2264 1180 2307 lib.
1211 2276 1282 2306 111.
1316 2267 1386 2306 20.
1425 2270 1473 2306 et
1498 2267 1566 2306 22.
1622 2263 1802 2305 Canium
1832 2263 1998 2306 Rufum·

1107 2328 1272 2370 laudat.
1316 2329 1375 2369 Et
1402 2328 1552 2381 Epigr.
1580 2327 1654 2369 lib.
1672 2339 1760 2370 vn.
1780 2331 1848 2370 68.
1866 2334 1912 2369 et
1924 2332 1997 2372 78.

1108 2393 1168 2434 Et
1185 2391 1369 2444 epistola
1387 2391 1552 2432 Valerii
1571 2391 1626 2432 ad
1646 2390 1863 2444 Rufinum,
1881 2392 1998 2433 inter

1108 2467 1180 2496 eas
1199 2468 1296 2510 quae
1329 2456 1385 2498 D.
1404 2455 1672 2508 Hieronymi.
1724 2455 1925 2496 Meminit
1951 2459 1999 2496 et

1109 2520 1263 2560 Cicero
1291 2531 1428 2572 saepe,
1457 2524 1509 2560 ut
1540 2518 1681 2571 Epist.
1708 2519 1784 2559 lib.
1805 2528 1911 2560 xm.
1929 2522 1999 2559 31.

1109 2581 1200 2622 Ubi
1220 2582 1382 2623 Canum
1402 2581 1446 2621 in
1461 2580 1633 2634 optimis
1647 2581 1766 2621 libris
1785 2582 1999 2633 scriptum

1110 2642 1347 2685 affirmant:
1377 2648 1425 2684 et
1442 2643 1585 2695 Epist.
1607 2643 1680 2684 lib.
1697 2654 1801 2684 1111.
1818 2646 1888 2683 41.
1917 2643 2002 2683 Ca·

1110 2720 1208 2749 nam
1227 2707 1359 2748 filiam
1378 2709 1470 2762 ejus
1487 2707 1543 2750 Q.
1565 2707 1763 2748 Ciceroni
1784 2706 1872 2747 filio
1891 2718 1999 2760 nup-

1112 2780 1203 2812 tum
1241 2771 1347 2812 dare
1381 2771 1584 2822 voluisse,
1621 2770 1828 2822 colligere
1864 2770 1999 2821 licet3

1113 2835 1228 2888 quod
1264 2846 1318 2875 an
1351 2845 1375 2875 e
1401 2846 1447 2874 re
1464 2833 1597 2885 foret,
1615 2833 1789 2874 Atticus
1809 2833 1998 2885 dubitat,

1114 2899 1255 2952 Epist.
1273 2899 1350 2939 lib.
1373 2909 1447 2939 xv.
1468 2902 1536 2939 21.
1580 2897 1734 2938 Schott.

1169 2963 1265 3003 Em·
1294 2966 1404 3003 tanto
1430 2962 1518 3003 odio
1542 2961 1752 3012 ferebatur
1776 2962 1819 3002 in
1842 2961 2000 3003 Cicero·

1112 3026 1218 3079 nem]
1240 3026 1377 3080 Lege,
1395 3027 1430 3067 si
1445 3026 1581 3078 lubet,
1597 3025 1863 3068 Velleianam
1883 3026 2001 3068 illam

1111 3090 1417 3142 egressionem,
1438 3102 1522 3144 qua
1547 3090 1623 3131 lib.
1645 3102 1696 3131 ιι.
1716 3090 1760 3130 in
1780 3091 1842 3130 M.
1864 3089 2001 3131 Anto·

1112 3155 1229 3194 nium
1249 3153 1479 3205 invehitur,
1496 3158 1543 3193 et
1572 3152 1826 3194 Ciceronem
1852 3150 2002 3193 defen·

1114 3217 1181 3258 dit
1198 3218 1242 3258 in
1262 3228 1440 3257 numero
1460 3215 1812 3268 proscriptorum.
1852 3214 2002 3256 Tertio

1114 3279 1285 3322 demum
1318 3279 1406 3330 die,
1445 3277 1787 3331 repugnantibus
1821 3289 1901 3330 per
1937 3277 2003 3318 bi-

1114 3341 1246 3381 duum
1276 3339 1470 3392 collegis,
1496 3350 1704 3381 concessa
1737 3338 2001 3392 proscriptio

1115 3409 1196 3454 est,
1223 3415 1346 3456 quam
1375 3402 1559 3443 scelesta
1578 3413 1683 3443 voco
1708 3403 2002 3455 proclamabat

1115 3466 1348 3527 Antonius.
1399 3465 1509 3509 Vide
1545 3466 1665 3508 Plut.
1697 3467 1742 3508 in
1774 3467 2001 3509 Cicerone.

1116 3529 1381 3571 Keuchenius.
