2306 3900
598 289 794 328 xxm.
859 289 1302 340 HANNlssALEM,
1342 291 1475 329 (ιιι).
1512 276 1563 329 4.

169 409 289 450 ἰΙΙιιιιι
307 407 516 461 Polybius
543 412 590 448 et
618 406 763 450 Livius
796 405 840 446 in
871 406 952 447 boc
973 418 1047 458 ap-

167 473 345 524 pellant.
394 473 557 513 Contra
571 470 797 524 Appianas
812 470 1047 524 Ἀννιβαῖκῇ·

166 535 334 578 Σκιπίων
352 534 395 576 δὲ
412 535 543 576 αι’ποῖε
573 534 755 585 ἑπόμενος
780 533 845 575 καὶ
876 548 1050 586 παρακα-

164 601 258 651 λῶν,
278 598 417 650 ὀλίγου
446 597 520 649 μὲν
543 596 679 647 ἐδέησε
704 596 862 651 τρωθεὶς
891 599 1048 649 διαφθα-

164 664 288 714 ρῆναι,
311 661 426 712 μόλις
441 662 475 702 δ’
493 661 534 703 ἐς
551 663 733 714 Κρεμῶνα
748 660 907 709 διεσόθη
935 659 1048 713 φερό-

163 740 292 775 μενος.
346 725 514 766 Tantus
543 731 684 766 autem
713 732 852 766 terror
880 736 935 764 ex
965 724 1046 765 bac

165 789 288 830 clade
305 790 481 831 Romam
499 790 692 842 perlatus
710 794 790 841 est,
807 794 857 830 ut
878 789 969 842 jam
990 787 1045 829 ad

166 853 330 894 Urbem
349 852 581 894 crederent
600 851 767 894 infestis
795 853 926 905 signis
953 852 1046 892 bos·

165 921 253 957 tem
285 922 544 966 venturum;
583 928 664 957 nec
694 916 921 969 quicquam
949 914 1044 968 spei

164 986 239 1020 aut
259 979 407 1021 auxilii
423 986 557 1031 esset,
585 992 670 1033 quo
689 992 715 1021 a
730 981 866 1033 portis
897 979 1045 1020 moeni·

163 1042 326 1096 busque
355 1043 440 1084 vim
470 1049 684 1085 arcerent.
739 1044 839 1085 Uno
858 1043 1044 1085 Consule

160 1106 375 1158 (aiebant)
391 1107 446 1149 ad
464 1107 663 1148 Ticinum
683 1107 816 1159 victo,
833 1109 972 1150 altero
985 1119 1043 1149 ex

162 1170 309 1211 Sicilia
325 1176 545 1220 revocato,
558 1171 727 1212 duobus
739 1171 862 1212 Coss.
877 1170 1043 1212 duobus

164 1234 466 1275 consularibus
479 1234 743 1275 exercitibus
766 1234 912 1286 victis,
937 1246 1043 1287 quos

163 1296 270 1337 alios
287 1297 435 1348 duces,
454 1309 559 1350 quas
589 1298 693 1338 alias
713 1298 901 1350 legiones
933 1309 1044 1350 esse,

164 1371 261 1412 quae
295 1361 642 1401 arcesserentur?
696 1361 854 1414 Neque
900 1367 1043 1402 tamen

162 1423 256 1466 haec
273 1423 528 1465 Hannibalis
554 1424 738 1465 victoria
756 1425 798 1464 ei
815 1423 1041 1464 admodum

162 1487 264 1528 laeta
281 1485 389 1537 fuit;
430 1492 662 1539 propterea
679 1487 791 1540 quod
810 1487 884 1527 nix
903 1491 950 1528 et
966 1485 1042 1527 fri·

161 1561 238 1602 gns
270 1556 318 1592 et
346 1550 601 1592 turbulenta
628 1555 862 1603 tempestas
886 1550 1043 1590 multos

162 1613 368 1667 homines,
400 1615 584 1667 plurima
617 1614 832 1667 jumenta,
864 1619 911 1655 et
955 1614 1042 1655 ele·

162 1677 344 1729 phantos
363 1690 499 1731 prope
528 1689 673 1718 omnes
697 1677 1043 1730 consumpsisset.

162 1740 320 1794 Polyb.
340 1741 499 1782 Livius.
551 1740 639 1782 sed
658 1740 744 1781 dno
762 1741 912 1793 praelia
929 1753 1043 1782 com-

162 1803 290 1844 missa
334 1809 452 1855 sunt,
491 1808 720 1857 antequam
763 1803 818 1844 ad
863 1804 1042 1856 Ligures

162 1866 382 1907 Hannibal
418 1868 681 1920 perveniret,
709 1873 757 1908 et
785 1869 830 1909 in
861 1874 1043 1922 utroque

164 1931 363 1982 Romani,
397 1931 657 1984 Sempronio
701 1932 824 1984 duce,
852 1932 1044 1986 superati

163 2000 279 2038 suut.
333 1994 489 2036 Tradit
518 1994 633 2035 enim
662 1994 823 2045 Livius,
846 1995 1044 2050 Sempro·

164 2057 281 2098 nium
314 2057 461 2110 priore
491 2058 644 2110 praelio
676 2066 938 2112 superatum,
957 2061 1044 2102 Ro·

161 2123 277 2161 mani
306 2122 489 2174 venisse,
515 2121 674 2163 deinde
703 2135 799 2164 cum
836 2125 973 2165 Roma
999 2124 1043 2164 iu

162 2189 305 2225 castra
332 2184 546 2236 rediisset,
562 2185 618 2225 ad
649 2185 920 2227 Placentiam
952 2198 1044 2227 rur-

163 2259 256 2289 sum
268 2259 365 2288 cnm
379 2247 623 2289 Hannibale
637 2248 894 2291 conflixisse.
906 2249 1045 2291 Lamb.

219 2311 318 2352 Inde
331 2323 404 2363 per
420 2311 607 2365 Ligures]
657 2312 714 2352 Τ.
733 2312 906 2354 Liviusz
932 2314 946 2336 ⁴
965 2313 1045 2353 Se-

162 2373 349 2416 cundum
387 2386 482 2416 cam
519 2387 704 2428 pugnam
739 2375 959 2417 Hannibal
998 2376 1042 2417 in

161 2436 356 2490 Ligures,
371 2438 648 2490 Sempronius
676 2438 912 2481 Lucaniam
944 2450 1044 2480 con·

161 2499 318 2541 cessit!
387 2500 565 2553 Ligures
596 2500 691 2542 imis
722 2500 899 2554 Alpium
922 2502 1042 2555 jugis

159 2563 441 2605 adhaerebant
463 2563 578 2604 inter
603 2564 767 2604 Varum
786 2569 833 2606 et
847 2564 1043 2606 Macram

161 2624 337 2668 flumen.
389 2626 544 2667 Tutum
571 2626 677 2667 locis
697 2633 744 2668 et
762 2625 878 2679 fuga,
892 2628 1042 2670 durum

160 2695 291 2744 atque
311 2691 436 2731 velox
455 2702 603 2743 genus,
625 2702 681 2731 ex
710 2691 936 2733 occasione
954 2705 1043 2734 ma·

162 2754 227 2807 gis
258 2753 497 2806 latrocinia,
528 2765 655 2807 quam
688 2754 805 2795 bella
836 2754 1040 2797 faciebat.

161 2818 328 2859 Florus.
369 2818 587 2858 Caeterum
605 2817 689 2858 iste
709 2816 915 2869 Ligurum
930 2823 1042 2860 trac·

163 2886 231 2922 tus
247 2881 363 2922 inter
379 2881 542 2921 Varum
573 2886 621 2921 et
652 2880 851 2921 Macram
880 2879 1040 2923 flumen

159 2943 290 2984 latins
321 2943 478 2996 patuit,
507 2955 633 2995 quam
664 2943 847 2985 tradidit
877 2945 1040 2987 Florus.

161 3007 336 3059 Quippe
372 3011 491 3046 trans
526 3004 659 3059 Alpes
695 3006 751 3048 ad
785 3006 1039 3049 Rhodanum

160 3081 292 3122 usque
310 3081 415 3122 gens
428 3069 501 3110 illa
513 3071 743 3123 occupavit
754 3071 854 3112 olim
868 3083 1038 3114 omnem

161 3132 346 3174 Galliam
377 3133 716 3176 Narbonensem.
780 3134 894 3176 Vide
929 3135 1038 3177 auti·

159 3195 403 3248 quissimam
422 3195 755 3249 Geographiam.

216 3257 480 3310 Apenninum]
534 3257 622 3300 Qui
652 3270 771 3300 mous
801 3259 1039 3313 longissimi

161 3325 338 3372 tractus,
356 3320 527 3360 Italiam
545 3319 777 3361 secundum
810 3322 1039 3374 longitudi-

159 3393 259 3424 nem
274 3383 367 3434 ejus
387 3382 608 3423 dirimens.
663 3380 800 3422 Addit
818 3382 980 3431 Livius,
996 3384 1038 3423 in

161 3444 343 3485 transitu
385 3444 672 3486 Hannibalem
708 3444 817 3485 adeo
849 3450 1039 3486 atrocem

162 3510 466 3558 tempestatem
507 3506 702 3548 adoriam
736 3517 848 3558 esse,
880 3513 928 3549 nt
970 3508 1042 3549 Al-

1883 277 1992 329 651

1111 406 1230 459 pium
1284 405 1523 449 foeditatem
1579 417 1716 461 prope
1761 407 1989 459 superarit.

1111 471 1123 493 ‘
1143 471 1287 511 Vento
1305 471 1457 512 mistus
1485 470 1622 512 imber
1651 470 1879 524 [Histoi-ici
1898 483 1992 512 ver·

1110 532 1167 573 ba
1196 533 1316 586 suut]
1350 545 1449 574 cum
1481 533 1669 575 ferretur
1698 534 1744 574 in
1773 534 1870 587 ipsa
1902 546 1994 587 ora,

1110 594 1307 647 primum,
1340 595 1442 648 quia
1481 601 1558 636 aut
1592 608 1711 637 arma
1755 597 1994 639 emittenda

1109 664 1253 708 erant,
1284 664 1358 699 aut
1390 665 1543 699 contra
1579 660 1796 701 enitentes
1826 661 1992 703 vortice

1108 715 1257 762 intorti
1275 720 1592 774 affligebantur,
1616 724 1878 775 constitere3
1916 725 1994 766 de·

1108 785 1330 837 inde,›cum
1342 787 1435 838 jam
1451 786 1649 838 spiritum
1664 788 1996 841 intercluderet,

1108 861 1190 890 nec
1225 849 1498 902 reciprocare
1531 849 1714 890 animam
1743 850 1924 902 sineret,
1951 863 1995 891 a·

1110 912 1221 952 versi
1255 925 1282 953 a
1312 918 1443 954 vento
1479 924 1713 966 parumper
1743 914 1993 956 consedere.

1105 975 1219 1016 Tum
1238 987 1342 1017 vero
1357 975 1524 1028 ingenti
1556 988 1660 1018 sono
1692 977 1850 1018 coelum
1881 982 1992 1019 stre-

1107 1050 1230 1092 pere,
1250 1045 1297 1080 et
1310 1039 1426 1080 inter
1442 1039 1680 1081 horrendos
1698 1039 1894 1093 fragores
1915 1041 1994 1082 mi-

1106 1115 1209 1145 care
1230 1103 1383 1156 igues3
1425 1104 1544 1156 capti
1574 1104 1750 1146 auribus
1781 1109 1830 1147 et
1857 1106 1994 1147 oculis

1106 1170 1226 1207 metu
1245 1178 1393 1208 omnes
1411 1171 1619 1220 torpere.’
1642 1168 1826 1211 Lambin-

1158 1228 1270 1270 Adeo
1296 1230 1416 1280 gravi
1442 1230 1574 1271 morbo
1590 1233 1761 1286 qffi'citur
1777 1232 1992 1285 oculorum]

1105 1294 1154 1336 Τ.
1181 1295 1327 1336 Livius
1355 1294 1429 1336 lib.
1457 1306 1576 1336 xxn.
1602 1299 1615 1320 ‘
1639 1296 1740 1348 Ipse
1773 1296 1994 1338 Hannibal

1111 1369 1226 1410 aeger
1242 1358 1395 1409 oculis,
1411 1369 1465 1398 ex
1487 1371 1618 1399 verna
1643 1360 1827 1412 primum
1842 1360 1994 1401 intem·

1106 1419 1226 1471 perie
1262 1419 1457 1461 variante
1499 1420 1668 1462 labores
1716 1421 1993 1475 frigoraque3

1105 1481 1354 1534 elephanto,
1363 1483 1436 1536 qui
1450 1495 1556 1523 unus
1570 1483 1864 1536 superfuerat,
1876 1485 1993 1538 quod

1105 1546 1234 1586 altius
1266 1558 1322 1586 ex
1353 1559 1464 1600 aqua
1492 1552 1704 1599 exstaret,
1720 1552 1900 1588 vectus:
1929 1547 1995 1588 vi·

1106 1608 1218 1661 giliis
1238 1615 1399 1661 tamen,
1417 1615 1463 1651 et
1482 1615 1695 1652 nocturno
1712 1611 1904 1663 humore,
1915 1621 1993 1664 pa-

1105 1673 1314 1726 lusti-ique
1349 1674 1457 1715 coelo
1504 1679 1712 1726 gravante
1755 1678 1905 1727 caput,
1945 1677 1993 1714 et

1106 1737 1207 1790 quia
1232 1736 1434 1777 medendi
1453 1749 1532 1778 uec
1568 1738 1686 1779 locus
1705 1749 1787 1778 nec
1819 1742 1992 1791 tempus

1106 1804 1216 1850 erat,
1235 1800 1373 1840 altero
1393 1800 1516 1840 oculo
1534 1800 1738 1852 capitur.’
1777 1800 1989 1853 Polybius

1104 1862 1183 1903 lib.
1205 1874 1276 1904 111.
1291 1861 1476 1909 Ἀννίβας
1499 1862 1544 1903 δὲ
1572 1861 1686 1913 μόλις
1702 1862 1769 1904 ἐπὶ
1789 1863 1862 1905 τοῦ
1887 1878 1993 1916 περι-

1103 1924 1330 1977 λειφθέντος
1361 1926 1493 1980 θηρίου
1515 1927 1679 1976 διεσώθη
1709 1926 1810 1978 μετὰ
1835 1928 1992 1975 πολλῆς

1103 1989 1378 2041 ταλαιπωρίας·
1399 1989 1622 2042 ὑπεραλγὴς
1648 1989 1701 2030 ὃν
1725 1989 1788 2030 διὰ
1816 1989 1894 2039 τὴν
1920 1992 1992 2036 βω-

1103 2052 1254 2105 phu-m
1268 2055 1341 2101 ‘nis
1357 2052 1628 2104 ἀνενεχθείσης
1641 2052 1858 2105 ὀφθαλμία*
1872 2052 1992 2104 οὔτιν’,

1105 2116 1218 2165 δι’,ζῆν
1234 2117 1299 2158 καὶ
1314 2116 1432 2158 τέλος
1447 2116 1635 2169 ἐστερήθη
1655 2119 1728 2165 τῆς
1745 2118 1835 2166 μιᾶς
1853 2115 1990 2168 ὄψεως,

1104 2182 1176 2223 οὐκ
1193 2181 1466 2233 ἐπιδεχομένου
1480 2182 1554 2222 τοῦ
1570 2182 1701 2234 καιροῦ
1726 2181 1948 2231 καταμονὴν
1963 2181 1991 2230 ἦ

1104 2244 1319 2298 θεραπείαν,
1341 2244 1403 2286 διὰ
1418 2244 1467 2286 τὸ
1482 2246 1554 2293 τῆς
1570 2243 1835 2298 περιστάσεως
1850 2244 1991 2286 ἀδύνα-

1104 2324 1188 2351 τον.
1216 2310 1400 2351 Lambin.

1163 2373 1220 2414 Ut
1249 2377 1382 2425 postea
1399 2385 1595 2424 utinquam
1613 2373 1754 2412 dextro
1771 2385 1881 2424 oeque
1899 2372 1992 2413 bene

1104 2447 1197 2477 ustas
1238 2434 1314 2487 sit]
1385 2435 1512 2478 Quod
1561 2435 1991 2477 dehonestamentum

1105 2498 1207 2550 oris,
1235 2498 1412 2551 quidam
1441 2498 1550 2539 simii
1588 2498 1875 2550 posteriorum
1913 2498 1990 2539 du·

1105 2573 1200 2601 cum
1219 2560 1275 2601 ad
1295 2561 1480 2612 gloriam
1498 2560 1580 2600 sibi
1600 2560 1846 2601 trahebant.
1912 2562 1992 2602 Ta·

1105 2624 1182 2666 cit.
1214 2624 1385 2665 Histor.
1405 2623 1478 2665 lib.
1498 2635 1562 2663 ιν.
1593 2627 1659 2663 13.
1686 2624 1699 2646 ‘
1716 2623 1804 2663 Sed
1825 2623 1989 2670 Civilis,

1103 2687 1220 2727 ultra
1252 2698 1380 2740 quam
1400 2686 1593 2726 barbaris
1621 2687 1809 2733 solitum,
1839 2688 1990 2728 sollers

1102 2749 1291 2802 ingenio,
1308 2755 1354 2790 et
1372 2748 1614 2790 Sertorium
1645 2761 1693 2789 se
1724 2755 1800 2789 aut
1825 2749 1990 2790 Hanni·

1102 2813 1242 2854 balem
1275 2811 1417 2853 ferens
1453 2811 1580 2852 simili
1608 2811 1695 2852 oris
1737 2811 1990 2853 debonesta-

1101 2875 1279 2920 mento?
1337 2874 1449 2915 Vide
1481 2873 1665 2915 eundem
1687 2873 1803 2915 Anu.
1837 2875 1912 2915 lib.
1935 2886 1989 2917 ιι.

1100 2944 1141 2982 9.
1172 2950 1245 2980 ιιι.
1272 2942 1341 2979 2⁰.
1370 2938 1426 2979 de
1445 2938 1634 2979 Decrio:
1681 2937 1898 2981 Justinnm
1916 2949 1988 2981 rx.

1100 3002 1155 3043 de
1185 3002 1407 3054 Philippo.
1454 3001 1655 3041 Gebhard.
1711 3000 1839 3043 Unde
1863 3002 1988 3055 Saty-

1099 3066 1214 3108 ricus
1246 3075 1291 3107 x.
1330 3068 1343 3089 ⁸
1363 3065 1404 3106 Ο
1435 3064 1572 3118 qualis
1602 3062 1753 3115 facies,
1782 3069 1829 3104 et
1869 3064 1986 3117 quali

1098 3128 1230 3181 digna
1271 3126 1449 3179 tabella,
1482 3127 1591 3167 Cum
1627 3127 1789 3166 Getula
1833 3126 1986 3167 ducem

1098 3195 1291 3245 portaret
1304 3191 1448 3231 bellua
1460 3190 1624 3229 luscum
1639 3188 1666 3227 ε’
1696 3189 1767 3228 De
1780 3199 1865 3241 quo
1879 3199 1990 3230 som·

1098 3255 1217 3296 nium
1236 3254 1331 3306 ejus
1351 3252 1489 3294 refert
1507 3253 1604 3293 Val.
1620 3251 1839 3292 Maximus
1858 3251 1934 3293 lib.
1949 3262 1984 3295 ι.

1099 3321 1142 3358 7.
1195 3316 1308 3357 Vide
1337 3321 1386 3356 et
1424 3317 1468 3355 in
1508 3314 1641 3355 Fabio
1672 3314 1983 3359 Plutarchums

1102 3379 1249 3431 plures
1269 3376 1509 3419 istiusmodi
1528 3373 1821 3428 μονοφθάλμους
1851 3377 1985 3421 duces

1101 3440 1318 3482 invenias:
1348 3440 1595 3492 Philippum
1616 3440 1904 3482 Macedonum
1920 3453 1986 3483 re-

1104 3516 1216 3557 gem,
1235 3504 1290 3545 de
1309 3516 1394 3558 quo
1415 3503 1582 3545 Gellius
1603 3515 1656 3546 ιι.
1676 3508 1745 3548 27.
1775 3506 1929 3549 Sckote.

1157 3602 1225 3626 ’ν
