2306 3900
326 287 434 342 ’710

436 413 642 454 Cortum..
662 412 782 453 NEP.
802 410 1111 454 FRAGMENTA,
1183 463 1187 467 ν

327 477 485 517 Incerta
514 475 664 528 partim
693 487 766 526 quo
784 474 881 513 libro
898 474 1042 525 posita,
1062 471 1212 524 partim

523 538 661 591 quibus
676 536 803 577 verbis
818 541 1012 589 concepta.

381 657 446 686 Vl.
479 647 528 685 C.
549 645 732 696 Loelium]
763 645 852 687 Qui
874 644 988 683 iuter
1003 642 1213 683 Oratores

327 721 355 749 a
373 708 540 748 Velleio
560 715 820 747 numeratur.
876 706 943 745 De
962 706 1035 745 illo
1056 704 1211 756 passim

328 772 511 822 Seneca,
532 778 575 811 et
591 772 742 811 Cicero
764 783 841 822 pro
860 769 1036 810 Archia.

379 835 616 886 Puteolano]
643 835 769 885 Vide,
796 846 891 886 quae
911 833 982 874 Fr.
1011 832 1213 872 Schottus

326 897 371 938 in
402 897 532 938 Urbis
551 899 700 938 Romae
721 895 982 936 admirandis
1012 895 1214 935 disseruit

328 960 382 1000 ad
399 960 529 1000 Card.
551 959 875 1000 Bellarminum.

384 1022 472 1063 Gal.
492 1022 679 1074 Martiis]
715 1022 824 1064 Quae
856 1020 1119 1061 Matronalia
1149 1019 1211 1060 di-

326 1087 551 1129 cebantur.
608 1085 780 1126 Horatii
795 1084 1050 1125 Scholiastes
1065 1084 1110 1124 in
1125 1083 1210 1124 Od.

325 1158 400 1191 111.
428 1152 467 1189 8.
523 1149 640 1190 Hinc
671 1149 884 1189 Martialis
911 1149 1080 1190 easdem
1111 1148 1210 1188 ‘Sa-

328 1213 516 1253 turnalia
534 1212 780 1252 muliebria'
799 1216 941 1261 vocat,
960 1217 1006 1251 et
1022 1211 1051 1253 J
1057 1222 1210 1250 uvena·

328 1276 399 1326 lis,
435 1276 651 1316 Kalendas
697 1275 877 1315 Martias
921 1275 934 1297 ‘
963 1273 1211 1314 t'oemineasss

327 1340 417 1382 Adi
450 1341 623 1380 Festum
653 1343 698 1380 et
725 1338 938 1379 Tibullum
965 1338 1047 1384 lib.¹
1061 1348 1134 1377 111.
1165 1341 1211 1377 et

328 1417 392 1447 lv.

387 1468 611 1520 Temporius
627 1471 672 1507 ut
688 1466 961 1518 discumberet]
1001 1464 1072 1506 Sic
1105 1464 1212 1504 editi

330 1545 491 1574 omnes.
546 1533 745 1572 Schottus
776 1537 918 1571 tamen
948 1529 1097 1570 maluit
1116 1532 1212 1568 tem·

327 1596 475 1648 perius,
519 1600 570 1634 ut
614 1595 727 1646 apud
774 1593 977 1634 Plautum
1021 1592 1212 1643 temperi;

328 1658 444 1705 nulla
462 1657 738 1697 necessitate.
777 1657 854 1695 Est
871 1655 981 1695 enim
1002 1667 1027 1694 a
1042 1659 1214 1706 tempore

330 1720 663 1772 comparativus,
697 1732 746 1760 ac
774 1719 839 1759 ita
866 1717 980 1770 apud
1001 1717 1212 1758 Columel-

327 1784 429 1834 lam,
449 1783 670 1833 Ovidium,
700 1788 746 1822 et
777 1782 821 1821 in
853 1781 1019 1822 Glossis
1043 1793 1211 1833 quoque

329 1846 551 1887 veteribus
571 1846 778 1897 scriptum
795 1845 1020 1896 reperitur.
1054 1844 1212 1884 Rosius.

384 1909 437 1950 L.
470 1909 666 1949 Otacilius
696 1908 860 1959 Pilitus]
910 1908 995 1951 Qui
1029 1909 1212 1960 primum

331 1972 532 2012 ostiarius
562 1974 701 2011 veteri
723 1984 843 2011 more
862 1972 906 2011 in
926 1976 1081 2011 catena
1099 1969 1210 2011 fuit:

330 2040 381 2075 ut
411 2034 575 2074 ibidem
608 2035 837 2086 Suetonius
870 2040 1072 2087 testatur,
1098 2034 1212 2086 apud

332 2110 459 2151 quem
478 2097 604 2149 longe
635 2098 762 2138 aliter
789 2098 882 2138 haec
911 2098 1050 2139 omnia
1068 2099 1214 2150 legun-

332 2171 418 2204 tur.

386 2226 551 2267 Primus
593 2226 764 2266 omnium
808 2225 1094 2277 libertinorum]
1141 2225 1214 2266 Sic

331 2290 574 2339 Terentius,
592 2290 604 2310 ‘
619 2289 797 2329 Servum
814 2289 1028 2329 hominem
1043 2301 1213 2329 caussas

333 2365 456 2393 orare
475 2353 590 2404 leges
611 2365 692 2392 non
711 2352 885 2392 sinunt!
914 2352 1069 2392 Schott.

387 2416 588 2456 Literatos
614 2417 729 2466 vulgo
758 2416 948 2467 appellari
975 2415 1035 2455 ait
1053 2427 1129 2466 eos,
1147 2415 1215 2466 qui

332 2480 484 2532 aliquid
510 2480 724 2530 diligenter
755 2484 795 2519 et
833 2483 947 2519 acute
975 2478 1217 2530 scienterque

329 2545 482 2597 possint
499 2549 567 2584 aut
584 2544 710 2584 dicere
725 2547 798 2584 aut
825 2543 1012 2596 scribere]
1050 2543 1216 2582 Iterum

335 2608 478 2661 aliqua
497 2607 668 2648 desunt.
723 2607 795 2647 Sic
821 2607 935 2646 enim
964 2605 1214 2646 Suetonius:

333 2669 346 2692 ‘
368 2671 497 2711 Corn.
519 2671 668 2721 Nepos
697 2669 741 2709 in
771 2669 932 2721 libello,
963 2681 1049 2722 quo
1068 2667 1218 2708 distin-

336 2734 429 2786 guit
473 2734 689 2774 literatum
722 2733 777 2773 ab
811 2732 995 2783 erudito,
1021 2732 1218 2771 literatos

334 2797 466 2848 vulgo
499 2796 671 2849 quidem
701 2795 908 2847 appellari
938 2795 999 2834 ait
1027 2806 1116 2845 eos,
1146 2794 1219 2848 qui

337 2858 497 2911 aliquid
517 2858 775 2910 diligenter,'
793 2860 874 2898 &c.
911 2857 996 2897 Ubi
1015 2857 1219 2897 Schottus

335 2921 521 2973 putabat
553 2920 796 2973 legendum,
812 2921 939 2960 libello
955 2922 1121 2972 quodam
1138 2919 1219 2960 dis-

333 2985 512 3036 tinguit,·
540 2997 589 3025 ac
618 2984 819 3024 mendum
837 2995 861 3022 e
888 2983 1140 3034 compendio
1171 2982 1219 3021 li·

336 3053 527 3089 terarum
556 3054 720 3087 natum.
778 3047 872 3086 Nec
904 3046 1016 3084 enim
1047 3045 1217 3084 titulum

335 3110 453 3161 libri,
471 3109 624 3163 inquit,
640 3108 749 3149 tueri
768 3120 820 3148 ea
840 3106 1032 3159 ἐπιγραφὴ
1048 3111 1220 3158 potest:

335 3175 348 3197 ‘
371 3174 504 3214 Liber
524 3186 607 3226 quo
627 3171 906 3224 distinguitur
938 3171 1135 3210 literatus
1164 3170 1219 3210 ab

337 3236 534 3276 erudito.'
588 3236 675 3276 Sed
690 3247 772 3275 non
792 3234 1044 3274 recordatus
1059 3239 1126 3274 est
1144 3235 1221 3274 Vir

338 3298 624 3349 doctissimus,
655 3300 781 3350 plane
807 3298 957 3338 eodem
976 3299 1101 3340 modo
1121 3299 1222 3341 Plu·

336 3361 529 3401 tarchum
560 3363 823 3412 inscripsisse
856 3374 1026 3402 suorum
1059 3375 1219 3413 unum;

336 3425 418 3482 πῶς
439 3422 487 3463 ἄν
503 3438 563 3463 τις
588 3423 779 3475 διακρίνειε
805 3423 876 3464 τὸν
901 3423 1054 3464 κόλακα
1071 3426 1144 3465 τοῦ
1159 3423 1222 3476 φί-

338 3494 427 3527 λου.
483 3487 543 3526 Ut
576 3492 739 3526 taceam
771 3487 931 3526 similes
959 3489 1134 3528 aliorum
1161 3488 1222 3527 in-

339 3550 607 3602 scriptiones.
662 3547 799 3588 Addit
815 3549 1069 3591 Suetonius:
1099 3551 1111 3573 ‘
1129 3562 1221 3591 eos·

709 296 890 336 NOTAE
931 293 1264 336 VARIORUM
1307 293 1372 332 IN
1415 295 1464 332 C.
1504 291 1766 331 NEPO'rlS

1273 397 1370 438 dem
1402 397 1598 437 literatos
1634 391 1875 435 vocitatos!
1944 392 2069 444 Quoe,
2113 392 2150 432 si

1274 467 1451 513 recepta
1465 461 1596 500 lectio
1613 471 1715 499 vera
1730 451 1813 508 est,
1835 456 2001 508 pariter
2017 467 2042 495 a
2060 455 2150 496 Ne·

1274 531 1393 576 pote,
1438 535 1575 576 eoque
1621 521 1908 573 superioribus
1952 517 2151 559 addenda

1275 594 1387 628 sunt.
1423 587 1509 628 Sed
1527 593 1644 626 recte
1663 586 1934 625 observatum
1955 583 2152 632 Schotto,

1272 652 1364 691 haec
1397 651 1451 691 ad
1489 651 1713 703 sequentia
1746 649 1977 700 pertinere.
2036 645 2148 685 Vide

1274 727 1370 755 eum
1391 715 1762 754 Obs.human.111.
1778 716 1843 753 14.
1865 711 2024 751 Rosius.
2080 709 2150 749 Ad

1274 778 1594 830 intelligendam
1615 789 1730 824 vero,
1758 787 1881 828 quam
1902 775 2013 814 inter
2032 773 2152 814 Lite-

1276 846 1390 881 ratos
1409 847 1454 882 et
1472 839 1785 880 Grammaticos
1813 836 2041 889 exequitur
2068 836 2152 876 dis-

1273 904 1553 956 crepantiam,
1569 901 1780 954 dignabor
1798 900 2045 940 adscribere
2062 911 2154 939 ver-

1232 963 1235 966 ’
1273 967 1329 1008 ba
1345 966 1503 1007 vossii.
1531 963 1752 1017 Γράμματα,
1769 964 1922 1016 inquit,
1940 967 1987 1002 et
1998 962 2155 1012 litera,

1272 1043 1387 1071 nunc
1415 1031 1552 1082 prima
1569 1034 1723 1069 notant
1740 1028 1968 1078 elementa,
1983 1031 2035 1066 ut
2055 1037 2152 1067 cum

1272 1093 1493 1133 literarum
1526 1091 1630 1131 alias
1655 1090 1836 1130 dicimus
1855 1099 1948 1128 esse
1967 1088 2154 1136 vocales,

1273 1156 1378 1196 alias
1398 1159 1680 1195 consonantes
1697 1166 1708 1192 ς
1738 1164 1849 1192 nuuc
1869 1162 1971 1191 vero
1984 1161 2154 1191 sumun-

1271 1224 1345 1259 tur
1370 1230 1448 1271 pro
1467 1219 1687 1258 literarum
1708 1215 1876 1266 studiis,
1902 1214 2010 1254 utin
2040 1219 2158 1253 vete-

1272 1283 1310 1323 ri
1327 1282 1531 1322 Senario:
1562 1281 1736 1320 Διπλοῦν
1754 1281 1890 1332 ὁρῶσιν
1915 1277 1952 1318 οἱ
1967 1276 2155 1328 μαθόντες

1271 1343 1491 1397 γράμματα.
1549 1343 1772 1386 Quomodo
1805 1344 1906 1383 item
1924 1341 2085 1382 Tullius
2104 1340 2155 1380 li-

1273 1415 1388 1450 teras
1408 1408 1560 1448 dividit
1579 1408 1620 1447 in
1638 1408 1855 1459 vulgares,
1867 1411 1913 1446 et
1929 1405 2155 1445 interiores

1274 1472 1363 1512 sive
1399 1470 1675 1510 reconditas:
1721 1470 1782 1508 ita
1816 1476 1861 1509 et
1893 1465 2157 1520 γραμματικὴ,

1274 1549 1368 1589 quae
1383 1534 1459 1575 ἀπὸ
1473 1536 1554 1574 τῶν
1567 1531 1805 1585 ’γραμμάτων
1819 1532 1951 1580 dicta,
1967 1541 2078 1570 nunc
2097 1530 2157 1569 le-

1274 1597 1748 1651 gendi,scribendique‚
1762 1596 1829 1635 vel
1851 1594 1959 1634 bene
1978 1595 2156 1646 loquen-

1275 1661 1320 1702 di
1339 1666 1472 1702 artem
1491 1660 1719 1712 designat;
1746 1670 1858 1698 nunc
1872 1669 1974 1697 vero
1994 1662 2157 1708 praeter

1274 1736 1384 1774 eam,
1402 1722 1670 1762 historiarum
1704 1733 1754 1761 ac
1783 1716 2022 1759 fabularum
2047 1718 2157 1758 noti-

1274 1787 1377 1828 tiam
1418 1783 1772 1838 comprehendit:
1824 1781 2080 1835 quandoque
2113 1793 2158 1820 e-

1274 1851 1378 1891 tiam
1413 1851 1598 1903 plurium
1639 1848 1795 1888 artium
1841 1850 1886 1886 et
1926 1845 2154 1884 multarum

1274 1927 1416 1955 rerum
1462 1913 1682 1954 scientiam
1725 1916 1772 1950 et
1815 1908 2156 1949 efflorescentem

1272 1978 1372 2018 inde
1391 1976 1646 2017 facultatem
1665 1971 1891 2015 enarrandi
1909 1971 2160 2023 scriptores,

1275 2047 1321 2081 et
1346 2040 1574 2093 judicandi
1605 2038 1660 2078 de
1692 2049 1838 2077 eorum
1876 2034 2067 2086 scriptis,
2096 2034 2159 2074 lo-

1273 2106 1422 2158 cisque
1445 2103 1673 2155 corruptis.
1727 2100 1872 2152 Atque
1907 2099 1987 2138 hoc
2025 2103 2157 2150 pacto

1275 2180 1372 2208 cum
1392 2167 1607 2207 sententia
1625 2170 1774 2205 nostra
1793 2161 2012 2203 conciliari
2031 2172 2158 2214 posse

1276 2231 1463 2271 arbitror
1483 2230 1726 2282 opinionem
1750 2232 1960 2276 veterum,
1979 2225 2052 2277 qui
2071 2225 2161 2264 late

1275 2295 1384 2334 adeo
1405 2293 1725 2334 Grammaticen
1746 2290 2000 2338 extendunt,
2013 2292 2158 2327 utnon

1276 2369 1361 2398 una
1380 2356 1436 2396 sit
1455 2355 1653 2404 scientia,
1683 2353 1758 2401 sed
1781 2351 2051 2392 scientiarum
2070 2351 2160 2389 cin·

1276 2432 1369 2460 nus,
1433 2419 1531 2459 Hoc
1565 2418 1657 2458 sine
1695 2415 1825 2456 dubio
1863 2418 2160 2465 argumentum

1278 2481 1363 2522 fnit
1394 2480 1576 2532 Telephi
1615 2477 1896 2519 Grammatici
1939 2476 2052 2517 libro
2090 2487 2161 2526 eo,

1280 2558 1364 2598 quo
1379 2544 1583 2593 ostendit,
1614 2540 1719 2582 πόσα.
1735 2539 1814 2593 χρὴ
1833 2537 1967 2579 εἰδέναι
1987 2553 2162 2592 γραμμα-

1278 2607 1401 2659 τικὸν,
1419 2611 1534 2647 teste
1553 2604 1700 2646 Suida.
1737 2603 1775 2643 A
1795 2604 1912 2643 varia
1932 2602 2003 2655 qui
2024 2601 2163 2642 scien·

1280 2672 1342 2712 tia
1379 2668 1796 2718 commendarentur,
1834 2664 2164 2718 appellabantur

1279 2733 1546 2785 πολυΐστορες.
1578 2732 1639 2772 Ut
1656 2729 1898 2770 Alexander
1914 2728 2162 2769 Cornelius:

1279 2800 1384 2839 item
1442 2797 1582 2849 Apion
1628 2793 1960 2842 Alexandrinus,
2015 2796 2166 2831 contra

1279 2873 1404 2915 quem
1414 2858 1586 2899 Flavius
1598 2857 1626 2899 J
1631 2856 1813 2908 osephus
1826 2854 2014 2906 scripsit.
2041 2852 2166 2893 Dicti

1281 2935 1448 2978 quoque
1468 2919 1688 2974 φιλολόγοι,
1717 2925 1764 2959 ut
1794 2918 2099 2958 Eratosthenes
2117 2923 2165 2956 et

1281 2987 1480 3028 Atteius:
1513 2985 1568 3024 de
1590 2983 1743 3036 quibus
1761 2994 1800 3022 c.
1817 2986 1883 3022 10.
1939 2980 2083 3020 Etiam
2102 2980 2165 3019 di-

1283 3049 1490 3090 cebantur
1504 3046 1747 3094 πολυμαθεΐς.
1801 3043 2086 3095 studiumque
2103 3041 2168 3094 ip-

1283 3124 1375 3152 sum
1394 3110 1655 3150 nominatum
1674 3105 1924 3156 πολυμάθεια.
1967 3106 2079 3146 Haec
2096 3105 2165 3146 ln·
2207 3147 2214 3163 Ι

1283 3172 1585 3225 comparabilis
1618 3171 1790 3212 Vossius.

1338 3236 1510 3289 Proprie
1554 3235 1613 3275 sic
1661 3232 1909 3286 appellandos
1949 3228 2167 3269 Poetarum

1283 3297 1535 3351 interpretes]
1618 3297 1743 3337 Unde
1802 3295 1968 3334 Seneca
2028 3291 2167 3343 Epist.

1284 3372 1517 3402 Lxxxvru.
1567 3359 1580 3382 ‘
1609 3353 1956 3404 Grammaticus,'
2013 3354 2168 3407 inquit,

1285 3426 1426 3466 ‘circa
1459 3435 1603 3464 curam
1633 3420 1839 3461 sermonis
1868 3422 2095 3467 versatur3
2123 3423 2170 3459 et

1284 3488 1320 3528 si
1339 3487 1466 3527 latius
1485 3484 1660 3537 evagari
1681 3483 1787 3529 vult,
1807 3481 1923 3521 circa
1939 3478 2169 3520 Historias.

1286 3551 1315 3593 J
1322 3563 1389 3590 am
1425 3554 1474 3589 ut
1505 3546 1751 3600 longissime
1785 3544 1892 3585 fines
1913 3555 2009 3584 suos
2028 3540 2172 3596 profc-
