2306 3900
721 285 943 326 RERUM
987 286 1062 324 ET
1104 286 1467 327 VERBORUM.

179 406 363 448 Ceterum
393 406 506 461 (sed)
550 407 660 455 xviii,
675 411 702 448 8
747 414 900 448 ceterus
935 409 1062 462 regius

231 461 363 501 cultus
381 460 593 515 (reliquus)
618 461 698 508 xiV,
713 465 738 502 3
766 467 897 501 cetera
909 461 1063 503 Graecia

237 514 409 567 (reliqua
426 527 513 568 pars
532 513 682 568 Graec.)
708 514 760 562 iv,
777 519 805 555 2

178 568 379 632 Cethegus
393 569 442 609 P.
461 568 582 610 eom.
597 580 680 609 cos.
705 567 816 615 xxiii,
836 572 887 609 13

178 620 367 661 Chabrias
383 621 531 662 Athen.
547 621 697 675 (clarus
708 620 871 662 invento

229 674 274 767 irtr
287 674 562 769 1eroelio)toxiib
556 679 574 716 1
607 675 703 715 item
715 675 834 770 9⁶¹3ss
845 675 902 770 {2¹1}
941 688 1062 768 ιιι-(ἐρα

227 740 499 875 ξρριὲωεξιῖνῆἷ
514 741 837 876 ειζὲἑὲδιὲξιιω
845 742 1063 877 12³thss

228 846 298 881 ιιι,
431 848 594 875 unmum
630 849 656 876 a
705 849 746 876 ra
894 850 932 884 a,
965 849 979 875 ι
1007 849 1020 876 ι
1049 864 1062 876 .

228 887 317 928 telis
334 848 505 928 anitium
522 890 626 942 perit
651 890 719 937 xii,
739 894 766 932 4
791 849 844 889 Pa

174 939 421 982 Chalcioecus
447 941 503 990 iv,
521 948 546 983 6
576 940 703 996 (aedes
723 943 916 982 Minervae
938 943 1062 984 Lace-

228 995 426 1043 daemone,
451 996 506 1035 ita
524 996 633 1036 dicta
663 997 772 1050 quod
800 1009 943 1036 aereum
960 1005 1064 1037 esset

229 1049 436 1101 templum,
472 1057 518 1090 ut
552 1049 687 1090 Livius
722 1051 792 1097 ait,
829 1051 913 1090 sive
953 1052 1061 1104 quod

228 1102 464 1143 aedificatum
482 1116 508 1143 a
522 1103 828 1144 Chalcidiensib.
846 1103 937 1144 Nisi
950 1105 1061 1144 malis

227 1155 356 1207 ipsius
373 1156 474 1196 Deae
509 1170 655 1197 nomen
689 1170 804 1206 esse;
850 1169 944 1198 sane
961 1158 1063 1211 ἱερὸν

224 1209 298 1256 τῆς
334 1209 500 1259 Ἀθηνᾶς
532 1212 607 1258 τῆς
640 1210 870 1262 χαλκιοίκου
916 1220 1059 1253 vocant

224 1261 409 1317 ¹l'.⁸hucyd.
422 1264 492 1304 lib.
511 1268 551 1304 1.
569 1264 693 1304 Diod.
720 1265 785 1305 Sic
805 1265 1060 1306 ILThemis·

176 1360 177 1363 Ἴ
225 1316 320 1356 toci.
336 1317 453 1369 epist.
464 1321 506 1359 2.
520 1317 702 1371 Polyaen.
714 1322 754 1359 8.
773 1319 944 1359 Pausan.
954 1321 1060 1359 Pho·

226 1369 335 1416 eicis,
353 1377 395 1409 et
424 1370 632 1411 Laconicis
668 1371 743 1412 &c.
775 1371 846 1412 τὸν
877 1372 970 1414 ναὸν
985 1376 1060 1422 τῆς

224 1423 1059 1530 ῗέῗῗωέῗ“ἔέἒο’7ῗῖιῗί,“ἒέρέ3.ῗῖῗὲῗῗὲἳ

224 1528 348 1571 Rom.
379 1537 423 1572 et
455 1531 525 1571 lib.
558 1531 612 1571 de
645 1532 896 1572 fluminibus:
943 1533 1059 1573 sicuti

223 1582 274 1624 τὸ
303 1586 379 1633 τῆς
408 1583 637 1637 χαλκωίκου
662 1583 824 1637 τέμενος
853 1586 998 1640 Polyb.
1016 1591 1060 1628 4.

223 1637 406 1692 Polyaen.
423 1643 463 1680 2.
507 1645 551 1678 et
577 1639 685 1679 Plut.
701 1639 745 1679 in
762 1641 952 1692 apophth.
980 1641 1056 1680 La-

224 1704 316 1732 con.
344 1692 374 1739 i,
393 1695 434 1733 3.
478 1691 681 1732 Describit
696 1693 912 1734 Pausanias
931 1693 1058 1735 Laco-

920 623 1061 662 uodam

226 1757 326 1785 nrcrs
729 1772 736 1777 ·

172 1745 456 1851 Chalcis)(urbs
469 1797 652 1853 Euboeae)
678 1800 762 1847 xiii,
780 1804 806 1841 3

171 1852 354 1892 Chaones
370 1852 488 1906 (gens
505 1852 727 1906 Epirotica)
753 1854 834 1901 xiii,
852 1857 880 1895 2

171 1906 319 1947 Chares
344 1905 512 1946 Athenis
529 1907 740 1947 honoratus
757 1914 800 1947 et
815 1914 958 1960 potens
986 1908 1053 1957 xii,

222 1963 249 2000 3
291 1959 500 2012 plurimum
519 1959 562 1999 in
581 1961 699 2013 Sigeo
716 1960 829 2008 vixit,
856 1961 955 2002 ibid.
983 1964 1053 2002 ad-

224 2025 356 2053 versus
373 2027 464 2053 eum
481 2014 667 2054 subornat
695 2014 939 2055 Phocionem
969 2016 1054 2056 De·

225 2067 448 2108 mosthenes
487 2066 567 2115 xix,
603 2072 630 2109 2
675 2081 756 2108 non
791 2069 884 2109 satis
929 2070 970 2109 iu
1007 2084 1054 2110 eo

222 2121 392 2173 praesidii
411 2121 581 2161 creditur
606 2121 689 2169 xiii,
705 2125 730 2163 3

173 2174 364 2215 Charonis
380 2174 526 2228 (Theb.
543 2175 705 2227 domus)
732 2174 812 2223 xvi,
830 2179 858 2216 2

175 2228 439 2268 Chersonesus
457 2227 533 2282 (sc.
549 2228 725 2268 Thraciae
742 2229 950 2281 peninsula
967 2230 1055 2270 κατ’

222 2280 367 2333 &faxim
394 2281 451 2321 sic
475 2280 583 2321 dicta
597 2281 800 2334 Straboni)
827 2295 968 2336 magna
984 2298 994 2323 :
1013 2283 1055 2323 in

223 2347 312 2375 eam
328 2334 526 2375 coloniam
554 2335 719 2375 deducit
743 2334 964 2384 Miltiades,
993 2343 1055 2377 to-

141 2434 144 2436 ,
225 2394 346 2442 taque
385 2388 545 2442 regione
574 2389 723 2442 potitur
760 2389 790 2436 i,
810 2393 832 2430 1
870 2396 1055 2443 perpetu-

223 2456 286 2482 am
297 2442 354 2481 ibi
367 2442 672 2483 dominationem
687 2442 841 2484 obtinet
855 2443 886 2492 i,
905 2448 932 2485 8
959 2444 1053 2485 inde

223 2495 402 2536 Athenas
415 2496 606 2549 demigrat
630 2497 660 2543 i,
677 2500 704 2536 3

172 2549 417 2591 chiliarchus
449 2549 691 2589 Tithraustes
719 2550 934 2589 secundum
967 2562 1053 2602 gra-

224 2605 320 2644 dum
336 2602 489 2655 imperii
505 2608 615 2643 tenet
630 2603 760 2656 (apud
772 2602 929 2655 Persas)
954 2603 1008 2651 ix,
1026 2607 1052 2645 3

223 2657 284 2720 (v.
299 2655 472 2696 Freinsh.
490 2655 582 2696 Ind.
596 2654 744 2710 Curtii)

172 2711 316 2751 Chium
331 2716 565 2762 oppugnant
577 2709 725 2750 Athen.
739 2709 925 2763 (insulam
938 2711 1052 2750 maris

224 2763 419 2804 mediterr.
433 2776 522 2816 quae
539 2763 658 2803 hodie
683 2763 774 2804 Scio
791 2763 956 2818 dicitur)
982 2765 1049 2812 xii,

172 2871 357 2911 chorda:
403 2871 454 2910 ad
484 2871 713 2911 chordarum
744 2884 882 2911 sonum
911 2871 1051 2912 saltare

225 2925 403 2978 (citharoe
421 2924 526 2974 scil.)
552 2939 616 2972 xv,
634 2928 661 2966 2

173 2976 330 3018 Cibaria
366 2985 479 3019 cocta
510 2977 660 3018 dierum
694 2979 831 3019 decem
884 2977 990 3025 xviii,
1023 2982 1050 3020 8

225 3031 309 3085 (usi
333 3037 375 3071 et
406 3032 546 3072 Cicero
578 3045 625 3072 ac
656 3032 788 3073 Caesar
816 3033 890 3072 hac
925 3045 1047 3072 voce:

227 3097 270 3124 v.
282 3084 399 3124 Thes.
417 3085 571 3125 Buchn.
590 3085 798 3126 Frontinus
815 3086 932 3125 etiam
951 3086 1051 3125 dixit

225 3141 267 3179 4.
285 3151 323 3178 c.
340 3137 413 3177 ult.
433 3139 578 3177 cibaria
607 3151 754 3192 parare.
807 3139 991 3179 Sallustio
1010 3146 1051 3179 et

223 3191 368 3231 Plauto
396 3203 462 3243 ap.
489 3191 655 3232 Varron.
676 3196 717 3233 6.
751 3193 803 3232 de
820 3193 868 3233 L.
886 3193 973 3233 Lat.
991 3198 1051 3233 est

224 3245 334 3285 cibus
352 3242 509 3297 coctus)

174 3296 311 3339 Cicero
344 3298 428 3353 (M.
455 3297 559 3337 Tull.
577 3298 737 3359 aequalis
753 3297 879 3339 Attici
896 3304 938 3337 et
953 3298 1050 3337 ami-

225 3352 501 3447 &30:13⁹ss
524 3352 1049 3446 9υηῖὖῖζέῗὲωὲἳὲῃὲΞέ

724 3434 736 3453 D

229 3458 270 3496 in
288 3459 391 3512 eloq.
408 3473 481 3500 ειη
525 3473 569 3499 us
596 3473 686 3507 xxv,
703 3465 728 3499 5
757 3459 902 3500 invisus
919 3458 1046 3498 Anto-

229 3511 296 3562 nio
323 3518 363 3552 et
380 3513 550 3555 infensus
597 3527 685 3561 xxv,
720 3517 784 3555 10.
829 3516 857 3552 9
918 3512 1046 3553 sutura

1864 278 2010 331 xxiii

1175 409 1371 461 praedixit,
1404 418 1448 450 ut
1473 416 1580 450 vates
1626 425 1713 458 xxv,
1749 415 1802 452 16
1847 415 2006 465 quando

1177 463 1339 514 primam
1356 477 1510 504 causam
1524 463 1667 516 judicii
1694 465 1843 517 publici
1869 468 2006 520 egerit,

1175 515 1239 554 Er.
1257 518 1283 557 4
1329 518 1596 557 defensionem
1623 531 1693 569 pro
1713 519 1897 559 Cornelio
1916 521 2006 561 iisd.

1175 581 1290 660 zaipe
1307 571 1448 622 verbis,
1463 571 1572 623 quib.
1588 572 1695 612 edita
1713 579 1786 620 est,
1799 573 2007 625 peroravit,

1173 634 1188 660 1
1216 635 1229 660 l
1259 647 1271 661 s

1123 674 1298 715 Ciconiae
1316 675 1359 714 in
1377 676 1528 715 deliciis
1547 677 1734 725 ciborum,
1763 678 1826 718 Fr.
1848 684 1900 721 10

1122 728 1266 768 Cilices
1284 728 1329 781 (e
1348 729 1502 776 Cilicia,
1529 743 1611 783 reg.
1636 730 1742 770 Asiae
1761 733 1855 771 min.
1874 733 2005 773 oriun-

1174 780 1238 875 (ἐξ)
1265 782 1344 888 xivg,
1363 787 1390 824 8
1418 783 1568 824 ciliciae
1586 791 1709 837 portae
1737 785 1816 833 xiv,
1835 791 1861 827 7
1903 787 2007 840 (vid.

1215 842 1308 875 ortae

1122 887 1264 930 Cimon
1281 888 1513 930 Atheniens.
1549 891 1601 930 ob
1621 887 1792 943 parentis
1819 893 2002 933 mulctam

1174 943 1216 981 in
1249 943 1407 983 vincula
1424 951 1652 996 compactus
1691 959 1730 991 v,
1761 950 1782 986 1
1831 960 1855 985 a
1873 960 2001 987 sorore

1174 996 1372 1044 liberatur,
1391 996 1487 1036 ibid.
1515 999 1566 1036 ad
1587 998 1849 1050 principatum
1868 1013 2006 1052 perve-

1175 1050 1235 1088 nit
1261 1064 1298 1096 v,
1321 1054 1347 1091 2
1374 1050 1460 1102 ejus
1475 1065 1538 1090 res
1551 1058 1687 1104 gestae,
1702 1052 1799 1092 ibid.
1826 1055 2006 1094 ostracis·

1172 1116 1238 1143 mo
1256 1104 1410 1156 ejicitur
1436 1117 1475 1151 v,
1493 1109 1518 1146 3
1561 1112 1763 1145 revocatur
1787 1120 1827 1154 v,
1847 1111 1872 1148 3
1917 1107 2005 1159 ejus

1173 1156 1382 1197 liberalitas
1410 1172 1447 1204 v,
1467 1162 1493 1198 4
1521 1172 1621 1198 mors
1649 1173 1688 1204 v,
1707 1163 1732 1199 3

1121 1209 1322 1250 Cinnanus
1353 1211 1541 1250 tumultus
1577 1212 1623 1265 (a
1656 1213 1703 1251 L.
1735 1212 1855 1252 com.
1874 1214 2005 1254 Cinna

1174 1264 1294 1304 Cons.
1309 1265 1500 1304 excitatus
1516 1280 1525 1304 :
1559 1280 1595 1304 v.
1615 1273 1697 1305 not.
1716 1266 1884 1319 Ernstii)
1913 1282 2003 1316 xxv,

1173 1321 1200 1358 2
1228 1318 1418 1358 Cinnanae
1438 1325 1566 1369 partes
1585 1319 1674 1372 (qui
1690 1320 1828 1360 Cinnae
1846 1333 2003 1361 causam

1174 1371 1418 1422 tuebantur),
1433 1372 1529 1411 ibid.

1120 1423 1259 1464 Circa:
1290 1424 1356 1476 qui
1376 1425 1478 1464 circa
1495 1431 1587 1464 sunt
1603 1425 1756 1479 (antea,
1784 1426 1867 1480 sui)
1894 1428 2004 1476 xviii,

1173 1481 1225 1517 10
1254 1478 1314 1529 (οἱ
1327 1477 1418 1530 περί
1439 1492 1540 1518 τινα.
1568 1479 1633 1518 Sic
1650 1479 1784 1519 Livius
1811 1479 1839 1526 i,
1858 1484 1913 1522 40
1953 1483 2005 1521 de

1171 1531 1357 1571 comitatu
1389 1531 1590 1583 Tarquinii
1619 1532 1741 1583 regis:
1790 1534 1882 1585 ‘qui
1902 1535 2006 1574 circa

1171 1590 1282 1623 erant
1295 1585 1321 1624 ι’
1349 1600 1385 1624 v.
1403 1586 1572 1626 Casaub.
1585 1587 1635 1625 ad
1654 1587 1816 1625 Sueten.
1843 1587 1945 1627 Caes.
1964 1602 2002 1630 c.

1170 1642 1238 1678 27.
1277 1645 1319 1677 et
1334 1639 1450 1678 Thes.
1469 1639 1624 1678 Buchn.
1640 1639 1797 1679 Terent.
1815 1639 1918 1680 Eun.
1947 1642 2005 1687 iii,

1172 1695 1214 1738 5,
1258 1695 1311 1732 35
1369 1698 1381 1715 ‘
1395 1705 1485 1745 quae
1516 1694 1661 1733 circum
1691 1693 1799 1733 illam
1833 1702 1964 1734 essent
1979 1697 2005 1734 :'

1170 1743 1309 1785 Senec.
1341 1753 1517 1786 controv.
1549 1750 1614 1787 11.
1659 1747 1742 1786 ‘illi
1771 1747 1875 1787 circa
1893 1756 2004 1792 erant

1169 1799 1362 1852 sodales')

1117 1849 1281 1892 Circiter
1292 1866 1416 1893 annos
1434 1853 1634 1905 octoginta
1659 1853 1766 1901 nir,
1785 1858 1812 1895 2
1850 1854 2004 1896 circiter

1169 1905 1291 1946 millia
1310 1913 1484 1947 trecenta
1510 1907 1618 1953 xxiii,
1637 1911 1664 1947 6

1116 1957 1294 2000 Circulus
1320 1975 1385 2007 xv,
1403 1964 1428 2000 3
1447 1959 1541 2012 (Gr.
1567 1960 1724 2001 κύκλος.
1742 1967 1865 2001 coetus
1882 1962 2002 2015 vulgo

1169 2013 1241 2053 coe
1248 2015 1396 2053 uatium
1415 2027 1461 2053 ac
1473 2014 1746 2061 fabulantium,
1761 2015 1828 2067 qui
1847 2015 2000 2055 collatis

1172 2066 1364 2118 capitibus
1381 2068 1561 2106 videntur
1574 2067 1694 2106 veluti
1709 2069 1841 2107 orbem
1859 2069 2004 2119 facere3

1172 2118 1228 2157 ait
1242 2119 1412 2174 Lipsius.
1458 2119 1669 2159 Notandus
1686 2121 1751 2160 hic
1771 2134 1852 2160 mos
1870 2122 1911 2161 in
1930 2123 2004 2163 cir·

1172 2173 1272 2212 culis
1332 2174 1636 2227 philosophandi
1693 2174 2003 2228 disserendique,

1171 2225 1364 2279 Sophistis
1384 2228 1560 2267 usitatus.
1579 2228 1620 2267 hi
1649 2228 1754 2267 enirn
1773 2229 1842 2268 ubi
1860 2230 2004 2270 scirent

1171 2282 1382 2322 convenire
1397 2282 1622 2334 frequenter
1633 2281 1826 2329 homines,
1839 2283 1881 2322 in
1899 2283 2002 2331 foro,

1169 2334 1211 2372 in
1241 2335 1410 2383 circulis,
1428 2335 1715 2388 disputationes
1733 2341 1775 2375 et
1804 2336 2002 2388 ἐπιδείξεις

1171 2401 1260 2428 suas
1278 2389 1507 2429 recitabant.
1524 2390 1600 2430 hoc
1617 2389 1777 2429 Senecae
1795 2402 1860 2442 ep.
1877 2393 1931 2431 40
1960 2397 2003 2431 et

1171 2445 1238 2482 54.
1252 2450 1313 2483 est
1328 2442 1519 2490 circulari,
1538 2443 1624 2483 scil.
1638 2443 1791 2483 circulis
1805 2457 1847 2482 se
1864 2445 2002 2484 vendi·

1171 2501 1268 2542 tare,
1288 2503 1371 2543 aut,
1397 2502 1439 2535 ut
1455 2495 1564 2548 Lips.
1583 2502 1687 2536 recte
1714 2497 1902 2548 explicat,
1927 2498 2002 2536 cir-

1171 2549 1281 2588 culos
1312 2561 1499 2602 quaerere,
1524 2556 1594 2587 aut
1610 2550 1763 2589 facere:
1809 2550 2000 2602 accipitur

1170 2602 1274 2641 enim
1291 2601 1506 2643 circulandi
1522 2614 1597 2641 vox
1616 2602 1668 2642 de
1695 2601 1910 2649 erronibus,
1930 2616 1999 2642 va-

1170 2657 1430 2710 gantibusque
1447 2655 1644 2708 sophistis,
1658 2655 1727 2707 qui
1735 2655 1999 2708 eloquentiam

1168 2722 1277 2749 suam
1309 2723 1380 2763 per
1423 2710 1534 2749 urbes
1567 2709 1901 2749 circumferebant.
1947 2711 1999 2750 de

1167 2763 1308 2815 quibus
1323 2778 1360 2803 v.
1380 2763 1542 2804 Cresoll.
1562 2763 1700 2802 theatr.
1718 2762 1839 2803 Rhet.
1857 2764 1884 2802 Ι.
1902 2766 1942 2804 3.
1960 2778 1999 2804 c.

1166 2820 1206 2857 3.
1234 2830 1351 2869 quern
1364 2817 1450 2856 loca
1467 2818 1624 2856 Senecae
1643 2816 1863 2856 distinxisse
1880 2830 1998 2857 accu-

1168 2871 1286 2910 ratius
1304 2871 1471 2910 mallem.
1518 2870 1613 2909 Non
1632 2870 1737 2909 enim
1756 2868 1884 2909 statim
1904 2877 1997 2910 sunt

1165 2923 1402 2977 περιοδευταὶ
1420 2924 1489 2977 qui
1516 2923 1777 2963 circulantur:
1814 2930 1856 2963 et
1872 2937 1996 2974 genus

1166 2979 1349 3018 dictionis
1366 2985 1407 3018 et
1422 2978 1663 3018 consuetudo
1682 2977 1895 3017 disserendi
1914 2991 1995 3016 ma-

1167 3032 1239 3083 gis,
1271 3046 1387 3084 quam
1406 3045 1530 3083 genus
1559 3031 1664 3077 vitae,
1690 3031 1918 3083 exprimitur
1933 3031 1993 3069 in-

1169 3087 1319 3126 terdum
1348 3086 1510 3125 notione
1547 3084 1832 3124 circulantium.
1887 3083 1994 3122 Boe-

1166 3139 1256 3178 cler.

1113 3138 1362 3233 Circum)dare
1391 3192 1548 3231 domum
1570 3190 1817 3230 multitudine
1837 3188 1994 3241 (cinge-

1166 3245 1229 3297 re)
1258 3245 1362 3292 xxiii,
1384 3248 1434 3286 12
1460 3243 1687 3285 circumdari
1703 3242 1870 3282 amiculo
1884 3243 1995 3295 (ves-

1166 3298 1251 3350 tiri)
1277 3299 1357 3344 xiv,
1376 3301 1401 3338 3
1429 3298 1688 3337 circumdatur
1704 3302 1838 3349 portus
1856 3297 1992 3337 moeni-

1165 3352 1238 3390 bus
1265 3351 1308 3398 ii,
1327 3355 1354 3390 6

1112 3404 1431 3445 Circumfundere
1460 3404 1629 3457 aliquem
1658 3416 1746 3444 cera
1774 3402 1845 3457 (de
1874 3404 1991 3443 cada·

1163 3457 1274 3510 vere)
1318 3458 1410 3506 xvii,
1438 3462 1464 3500 8
1508 3458 1765 3500 circumfundi
1800 3470 1991 3498 concursu

1163 3513 1263 3552 host.
1292 3510 1356 3561 xii,
1374 3515 1399 3553 4
