2306 3900
755 288 972 327 RERUM
1017 287 1092 326 ΕΤ
1135 288 1500 330 VERBORUM.

265 412 306 447 et
318 406 405 447 Ter.
415 407 560 451 Heaut-
587 421 626 455 v,
643 414 685 455 5.
702 410 765 461 2.)
800 411 1095 452 conciliantfor-

266 466 398 499 tunam
416 462 474 500 sui
493 462 633 513 cuique
650 475 774 502 mores
804 463 1012 516 (efficiunt,
1039 473 1093 512 et,

265 519 325 551 ut»
344 513 439 553 alibi
471 515 655 567 loquitur,
699 515 874 568 fingunt)
914 530 1004 563 xxv,
1042 522 1094 558 19

263 567 518 607 conciliantur
550 568 642 608 huic
681 568 856 608 homines
896 570 1094 609 amiciores

263 619 464 672 (benevoli
498 619 732 672 redduntur)
772 622 865 668 xvii,
883 625 910 662 2
955 622 1092 674 (quam

262 671 470 712 lectionem
495 673 634 713 frustra
659 673 828 714 solicitat
853 675 1063 714 Lambinus
1085 692 1094 714 :

263 724 350 765 Cic.
368 738 438 776 pro
457 725 590 765 Deiot.
618 731 631 750 ‘
646 739 816 778 quocum
834 727 928 766 mihi
939 730 1092 780 respub.

261 777 467 817 amicitiam
485 779 732 819 conciliavit!
761 780 896 819 Idem:
926 785 939 804 ⁸
958 781 1093 821 Virtus

260 835 303 868 et
336 830 522 871 conciliat
551 832 738 872 amicitias
774 839 816 872 et
843 835 1092 886 conservat’).

258 883 456 924 conciliari
483 885 577 924 mihi
606 886 724 924 talem
750 886 874 925 virum
892 887 1010 938 cupio
1028 888 1092 950 (a-

198 965 215 977 .
258 936 538 990 micum-fieri).
558 938 600 984 ii,
620 942 672 979 10
714 939 920 978 conciliare
936 946 1093 991 nuptias

259 1002 349 1035 xxv,
368 994 394 1030 5
431 990 657 1030 conciliator
683 991 904 1043 nuptiarum
930 1005 1019 1039 xxv,
1040 997 1091 1034 12

258 1042 464 1094 (paratius,
491 1043 737 1095 προξειηιτής.
765 1045 870 1084 bono
894 1051 936 1084 et
951 1046 1091 1085 hones·

259 1100 300 1133 to
318 1095 549 1147 significatu.
567 1098 630 1136 Sic
649 1098 742 1136 alii:
772 1111 811 1139 v.
824 1098 991 1138 Mercer.
1008 1105 1092 1138 not.

259 1148 370 1187 adN
372 1149 504 1188 onium
522 1163 615 1202 pag.
633 1150 709 1202 96)

205 1199 425 1245 Concilium
439 1202 649 1242 amicorum
659 1203 802 1241 habere
813 1202 1091 1256 (conventum)

258 1267 324 1301 xv,
359 1258 400 1298 8,
431 1255 638 1295 concilium
682 1256 820 1308 populi
853 1257 1016 1296 habetur
1049 1259 1091 1295 in

257 1307 408 1347 theatro
440 1308 622 1361 (concio)
650 1321 714 1355 xx,
730 1313 758 1349 4
786 1309 981 1361 (similiter
1004 1309 1090 1348 Liv.

256 1360 362 1408 xxiv,
375 1365 426 1401 37
444 1376 454 1400 :
483 1362 562 1401 vid.
578 1361 751 1401 Gronov.
765 1363 815 1400 ad
827 1362 912 1400 Liv.
939 1362 1032 1409 xliv,
1049 1367 1091 1402 2.

256 1413 326 1452 ubi
340 1414 486 1465 prolixe
499 1415 683 1460 ostendit,
697 1414 894 1465 quomodo
908 1414 1091 1454 differant

257 1466 462 1505 consilium
490 1473 533 1506 et
562 1467 785 1514 concilium,
811 1479 901 1518 qnae
926 1480 1030 1519 saepe
1048 1467 1089 1506 in

254 1518 351 1558 libb.
368 1519 680 1571 confunduntur)

205 1571 499 1613 communitas:
526 1573 806 1613 videcomitas

203 1625 429 1666 concinnus
459 1626 502 1664 in
532 1625 719 1666 brevitate
736 1626 998 1677 respondendi
1023 1639 1087 1672 xv,

255 1683 281 1719 5
315 1677 451 1731 (cujus
486 1680 602 1719 breve
635 1691 859 1730 responsum
894 1679 1089 1729 aptissime

256 1732 463 1784 congruit3
490 1732 679 1784 appositae
706 1731 973 1783 responsiones
1000 1745 1090 1771 cum

256 1784 446 1824 suavitate
495 1786 590 1825 dicti
642 1790 838 1824 notantur.
890 1785 1088 1835 ἀποφθεγ-

253 1836 415 1888 ammos
470 1837 619 1878 Graecis
667 1845 769 1877 esset
822 1836 911 1876 talis
957 1839 1087 1877 horno.

254 1891 575 1932 Boecler.—Cic.
588 1891 711 1930 Bruto
729 1905 740 1929 ε
769 1895 781 1913 ⁴
800 1889 1003 1929 senoentiae
1022 1904 1087 1930 ve-

256 1950 383 1984 nustae
420 1949 461 1983 et
495 1943 723 1984 concinnae-³
777 1943 915 1981 Horat.
950 1943 1031 1982 Sat.
1059 1945 1088 1991 i,

255 2001 281 2037 3
312 2003 324 2021 ‘
337 1996 550 2038 concinnus
565 1997 696 2037 amicis
708 1996 887 2036 Postulat
898 2001 943 2034 ut
954 1996 1088 2036 videa-

254 2050 343 2090 tur-⁹
368 2050 527 2103 Lamb.)

202 2103 352 2145 Concio
370 2110 604 2144 convocatur
627 2103 772 2156 (coetus
789 2101 949 2155 populi)
975 2102 1043 2149 vii,
1061 2107 1088 2143 6

256 2156 394 2197 concio
429 2157 566 2208 populi
605 2170 670 2203 xx,
703 2162 727 2195 5
780 2156 825 2194 in
861 2155 1088 2195 concionem

256 2315 350 2361 lico,
376 2315 484 2367 quod
500 2315 543 2354 in
560 2315 750 2356 concione
766 2327 822 2354 sc.
853 2313 1087 2368 habebatur)

254 2368 299 2416 ii,
318 2371 341 2408 1
1023 2399 1025 2402 ⁴

204 2421 410 2462 Concitare
426 2433 569 2474 equum
587 2422 628 2463 in
645 2421 814 2474 aliquem
839 2420 919 2467 xvi,
937 2425 962 2461 5
991 2433 1086 2460 con-

252 2475 374 2516 citato
389 2487 492 2527 equo
504 2476 592 2515 vehi
607 2476 820 2515 adhostem
846 2474 965 2520 xiv,4
992 2486 1086 2513 con-

256 2528 381 2568 citant
413 2539 504 2567 vasa
529 2528 640 2579 jacta
673 2526 789 2566 risum
824 2527 1086 2577 pugnantibus

256 2580 457 2633 (movent)
484 2580 589 2626 xxiii,
603 2583 652 2620 11
681 2579 772 2631 (ubi
780 2579 897 2629 vulgo
915 2584 976 2617 est
993 2584 1005 2602 ‘
1021 2591 1088 2617 ex-

256 2632 450 2673 citarunt?
502 2633 567 2671 Sic
598 2639 639 2671 et
666 2632 751 2671 Cic.
778 2631 830 2669 de
855 2630 965 2670 Orat.
983 2631 1083 2670 etin

257 2686 377 2726 eund.
410 2685 569 2724 modum
600 2684 680 2731 alii,
708 2689 720 2706 ‘
741 2684 934 2723 concitare
965 2683 1087 2731 iram,’

256 2738 354 2791 διο.)
371 2739 543 2778 concitat
553 2737 685 2778 odium
699 2736 930 2776 Hamilcaris
943 2736 1087 2776 bellum

258 2792 399 2832 Punic.
426 2805 475 2830 ιι.
499 2790 677 2843 (conflat,
703 2795 933 2836 commovet,
961 2795 1015 2837 et,
1045 2796 1089 2828 ut

258 2845 392 2885 Livius
438 2844 621 2896 loquitur,
660 2843 827 2889 conciet,
868 2854 984 2882 causa
1028 2848 1088 2881 est

259 2898 364 2951 odii)
409 2898 500 2943 xxii,
516 2901 543 2937 4
585 2897 780 2936 concitata
822 2895 1029 2934 multitudo
1064 2908 1088 2935 a

255 2950 514 2991 Themistocle
531 2950 572 2989 in
589 2949 798 2989 Aristidem
825 2948 883 2995 iii,
904 2952 926 2988 1

205 3003 404 3044 Conclave
428 3017 469 3050 x,
482 3008 510 3044 9
538 3003 708 3055 (Donat.
728 3002 780 3041 ad
795 3001 882 3040 Ter.
901 3001 1003 3040 Eun.
1030 3000 1088 3048 iii,

260 3061 302 3103 6,
316 3060 367 3097 35
397 3062 409 3080 ⁸
429 3056 627 3097 conclave
658 3062 718 3095 est
747 3054 955 3107 separatior
978 3054 1087 3094 locus

257 3108 300 3147 in
318 3109 525 3148 interiorib.
541 3108 770 3156 tectis,'.&c.
824 3107 954 3147 Gloss.
977 3106 1087 3146 Grae-

260 3161 378 3223 colat.
405 3159 507 3202 οῒκος
535 3161 606 3201 ὑπὸ
634 3161 726 3211 μίαν
754 3161 907 3213 κλεῖδα,
932 3160 1087 3200 concla-

207 3214 451 3308 Coiilgludere
486 3279 564 3306 uno
598 3265 792 3305 volumine
838 3264 1087 3325 (complecti)

258 3334 323 3367 xv,
341 3324 368 3360 4
397 3319 593 3360 conclusio
621 3319 712 3370 (pro
730 3317 954 3368 obsidione)
983 3317 1088 3363 xviii,

260 3376 286 3412 5
314 3373 400 3426 (Sic
433 3374 532 3413 Caes.
565 3373 614 3411 B.
644 3371 760 3411 civil.
790 3374 816 3411 2
859 3375 871 3393 ‘
891 3368 1088 3409 conclusio

260 3425 426 3465 Manu:
454 3426 564 3465 Male
583 3424 790 3465 Lambinus
807 3436 896 3477 exp.
924 3427 935 3447 ‘
956 3422 996 3461 in
1015 3422 1089 3462 hoc

264 3478 445 3520 concluso
463 3479 586 3531 loco')

1893 280 2038 334 xxix

1155 413 1440 466 Concupiscere
1451 410 1596 463 majora
1609 410 1662 458 iv,
1673 415 1695 452 1
1724 410 1887 465 majores
1897 424 1958 453 res
1967 425 2038 466 sp-

1207 473 1339 518 petere
1365 467 1420 513 iv,
1436 470 1463 506 2
1491 465 1564 518 (de
1577 464 1839 506 molitionibus
1849 467 2038 506 elatorum

1206 525 1249 557 et
1264 519 1475 559 incivilium
1492 518 1706 565 hominum,
1737 518 1806 570 qui
1836 531 1910 559 sno
1932 525 2038 560 statu

1207 583 1287 610 non
1301 571 1490 618 contenti,
1507 571 1708 611 ambitiose
1722 584 1782 611 res
1794 585 1916 612 novas
1929 585 2038 625 qnae-

1205 630 1308 664 runt.
1321 623 1481 675 Boecl.)
1522 624 1645 675 plura,
1658 637 1771 675 quam
1787 625 1874 676 quis
1887 626 2039 665 efficere

1206 677 1330 727 possit
1371 676 1540 729 (moliri)
1583 677 1637 722 ix,
1670 682 1694 717 5
1739 678 2040 729 intemperanter

1204 730 1479 782 concupiscere
1488 729 1636 780 aliquid
1643 729 1931 784 (vehementer)
1948 745 2038 778 ιιν,

1206 784 1258 821 13
1301 782 1391 834 (ubi
1409 782 1475 821 alii
1491 783 1606 828 male,
1622 781 1869 833 imperanter,
1884 783 1947 823 vel
1965 785 2036 823 inr—

1206 834 1400 887 perative)
1453 833 1728 886 concupiscere
1791 836 2037 887 tyrannidem

1206 886 1395 939 (aspirare
1413 888 1464 926 ad
1479 887 1578 940 tyr.)
1604 887 1671 934 vii,
1690 891 1716 928 7

1155 939 1391 981 Concurrere
1435 941 1486 979 ad
1531 940 1828 991 opprimendum
1863 939 2033 992 aliquem

1205 993 1402 1046 (certatim
1439 1006 1597 1044 operam
1627 992 1822 1045 conferre)
1866 993 1974 1041 xviii,
2010 999 2036 1035 3

1205 1059 1431 1086 concurrere
1449 1058 1537 1084 cum
1556 1046 1686 1097 aliquo
1704 1046 1777 1098 (de
1795 1046 2036 1099 μονομαχίᾳ)

1205 1100 1312 1145 xviii,
1328 1102 1354 1139 4
1382 1099 1423 1137 in
1441 1111 1578 1138 navem
1597 1099 1697 1150 regis
1716 1099 1816 1151 (una
1829 1098 2037 1146 incurrere,

1207 1152 1327 1192 veluti
1371 1152 1525 1203 agmine
1560 1151 1664 1190 facto
1701 1151 1842 1191 adoriri
1876 1153 2037 1204 navem)

1204 1205 1311 1252 xxiii,
1324 1209 1378 1246 1⁰
1405 1210 1673 1244 concurrentes
1689 1204 1932 1245 insidiatores
1956 1206 2037 1254 xiv,

1152 1310 1373 1351 Concursus
1391 1322 1554 1362 magnus
1575 1315 1637 1350 est
1661 1308 1821 1362 (populi
1845 1311 1928 1350 scil.
1953 1318 2037 1351 stu-

1205 1362 1272 1402 dio
1290 1362 1515 1415 spectandi)
1542 1362 1620 1409 xiv,
1639 1367 1665 1403 3
1707 1363 1800 1402 Sic:
1828 1377 2037 1404 concursus

1206 1416 1337 1467 magni
1355 1416 1456 1454 fiunt
1480 1415 1559 1460 xix,
1576 1419 1603 1455 4
1643 1414 1822 1467 (Laetitia
1849 1423 2038 1456 connota-

1203 1474 1292 1506 tur:
1321 1468 1376 1506 sic
1393 1480 1459 1519 ap.
1485 1467 1627 1507 Vellei.
1665 1467 1708 1514 ii,
1729 1471 1823 1515 103,
1840 1471 1867 1509 4
1910 1474 1923 1492 ‘
1941 1483 2038 1509 con·

1203 1533 1335 1560 cursus
1350 1519 1565 1572 civitatis’).
1595 1533 1676 1558 uno
1693 1532 1882 1561 concursu
1900 1521 2040 1575 (unica

1202 1586 1311 1665 ,¹:23²
1312 1572 1760 1678 233203111123321315
1760 1587 1919 1672 ⁰:³33?ss
1937 1588 2037 1667 {¹303}

1202 1678 1245 1718 in
1271 1691 1460 1719 concursu
1489 1678 1561 1730 (de
1590 1678 1723 1730 praelio
1752 1679 1902 1732 navali)
1930 1681 2038 1728 xxiii,

1203 1736 1253 1772 11
1291 1732 1335 1770 in
1370 1744 1559 1770 concursu
1594 1731 1718 1782 praelii
1743 1731 1827 1779 viii,
1845 1737 1868 1773 1
1909 1739 2038 1772 motus

1205 1797 1491 1836 concursusque
1537 1783 1723 1836 (militum
1758 1786 2038 1839 pugnantium)

1203 1838 1256 1884 xi,
1275 1842 1299 1878 l

1151 1891 1371 1932 concutere
1389 1902 1484 1942 opes
1500 1888 1665 1941 alicujus
1682 1888 1937 1942 (labefactare
1964 1904 2038 1944 po-

1204 1942 1386 1995 tentiam)
1414 1956 1482 1989 xv,
1499 1946 1527 1983 6

1152 1994 1422 2048 condiscipuli
1447 2009 1512 2041 xv,
1527 1998 1566 2034 2.
1593 2007 1684 2042 xxv,
1701 1999 1723 2035 1
1753 1995 2038 2048 condiscipula-

1205 2056 1267 2088 tus
1296 2046 1604 2102 (σνμμαθητεία)
1631 2061 1720 2094 ιιν,
1739 2052 1763 2087 5
1793 2048 1882 2100 (ubi
1907 2055 2038 2088 tamen

1203 2102 1283 2148 alii,
1311 2100 1560 2152 discipulatu,
1586 2100 1649 2140 vel
1663 2100 1970 2152 condisciplina:
1999 2115 2038 2142 v.

1172 2153 1175 2156 ’
1205 2161 1288 2194 not.
1317 2153 1475 2195 Ernstii.
1517 2153 1622 2193 Usus
1652 2162 1695 2192 et
1724 2153 1869 2194 sustin.
1906 2154 1975 2202 xii,
1992 2158 2038 2202 6,

1150 2208 1338 2302 Conditio
1372 2263 1466 2314 (pro
1497 2258 1729 2313 pactione):
1772 2257 2037 2300 conditionem

1202 2314 1286 2354 acci
1422 2313 1499 2366 (sc.
1544 2313 1687 2352 oblatae
1734 2313 1862 2364 pacis)
1907 2313 1987 2359 xiv,
2007 2317 2034 2352 8

1202 2367 1375 2420 (Donat.
1392 2367 1444 2405 ad
1459 2366 1547 2405 Ter.
1572 2365 1698 2405 Andr.
1726 2365 1756 2413 i,
1773 2369 1812 2412 1,
1829 2369 1882 2405 52
1911 2370 1922 2387 ‘
1943 2378 2038 2404 con-

1201 2420 1301 2460 ditio
1332 2425 1392 2460 est
1421 2419 1556 2488 pactio
1588 2425 1730 2458 certam
1768 2418 1891 2470 legem
1922 2418 1963 2456 in
1995 2431 2038 2458 se

1202 2473 1418 2512 continens.
1435 2472 1455 2523 )
1481 2471 1566 2513 Sic:
1594 2471 1839 2511 conditiones
1851 2483 1932 2508 non
1942 2483 2037 2509 con-

1205 2525 1366 2565 veniunt
1394 2525 1469 2577 (sc.
1499 2523 1591 2562 belli
1619 2521 1903 2574 componendi)
1930 2523 2037 2568 xxiii,

1203 2582 1231 2617 6
1259 2577 1318 2629 (v.
1334 2577 1405 2616 inf.
1423 2574 1677 2626 Convenire).
1701 2576 1760 2614 his
1778 2574 2037 2614 conditionib.

1202 2642 1337 2682 pacem
1346 2628 1440 2668 fecit
1456 2628 1572 2674 viii‚s
1600 2627 1777 2667 alibizhis
1789 2626 1938 2678 legibus
1954 2627 2039 2674 xiii,

1203 2687 1230 2724 2
1258 2683 1309 2722 de
1325 2681 1613 2722 conditionibus
1632 2686 1794 2720 tractare
1822 2682 1899 2731 (sc.
1924 2680 2037 2719 dedi-

1204 2735 1322 2776 tionis
1338 2733 1549 2785 faciendae)
1577 2733 1682 2780 xviii,
1702 2739 1726 2773 5
1767 2732 2035 2772 conditionem

1202 2801 1363 2880 ¹sequiumt
1372 2799 1533 2893 ver)surae
1563 2799 1644 2880 rign
1672 2787 1815 2825 habere
1843 2784 2034 2838 (copiam,

1218 2855 1291 2882 acu
1309 2849 1346 2880 ta
1364 2854 1423 2880 em
1474 2853 1563 2886 xxv,

1152 2894 1336 2936 conditio
1365 2893 1438 2945 (de
1466 2890 1756 2945 matrimonio):
1784 2890 1928 2932 nullius
1955 2904 2036 2931 non

1205 2946 1438 2987 conditionis
1473 2951 1705 2998 potestatem
1743 2946 1886 2986 habere
1921 2943 2036 2998 (nus-

1206 3014 1322 3053 quam
1366 2999 1558 3052 repulsam
1611 2998 1802 3050 metuere)
1855 3010 1945 3044 xxv,
1984 3001 2035 3037 12

1205 3053 1466 3094 conditionem
1484 3053 1599 3092 talem
1614 3052 1806 3103 aspernari
1818 3051 1895 3102 (sc.
1907 3050 2037 3096 matri-

1203 3107 1374 3147 monium
1391 3106 1543 3151 sororis,
1569 3104 1738 3157 pecunia
1760 3110 1918 3148 emtum,
1946 3114 2036 3140 cum

1203 3159 1361 3199 homine
1390 3171 1471 3198 non
1501 3165 1578 3197 tam
1605 3169 1804 3208 generoso,
1832 3167 1948 3206 quam
1965 3166 2037 3206 pe-

1203 3210 1386 3262 cunioso)
1413 3224 1452 3257 v,
1473 3214 1494 3250 1
1531 3210 1615 3261 (Sic
1645 3209 1747 3248 enirn
1775 3209 1879 3247 hunc
1908 3206 2037 3246 locum

1205 3277 1293 3304 cum
1331 3262 1461 3305 Gebh.
1505 3261 1668 3313 accipio.
1721 3260 1871 3300 Passim
1904 3266 2036 3299 autem

1203 3317 1260 3355 ita
1283 3316 1494 3366 loquuntur
1522 3322 1687 3360 veteres,
1714 3313 1873 3355 Sueton.
1907 3311 2037 3352 Galba

1206 3382 1242 3408 c.
1260 3373 1301 3409 5.
1321 3367 1386 3406 alii
1404 3382 1414 3408 t
1443 3367 1496 3406 ita
1520 3366 1709 3406 dicimus:
1739 3366 1829 3407 filiae
1843 3365 2035 3407 conditio-

1205 3434 1293 3459 nem
1311 3433 1494 3472 quairere,
1511 3418 1608 3471 διο.)

1155 3473 1344 3514 Conditor
1374 3473 1524 3514 urbium
1554 3473 1657 3514 visus
1686 3472 1888 3515 Timoleon
1920 3469 2034 3524 (quin
