2306 3900
343 193 451 246 690

344 326 560 379 Antiquus
593 337 788 366 nummus
820 324 1227 367 Clement.Teveni-

345 390 416 430 ni:
447 401 499 432 m.
517 400 684 430 Aaron.
713 401 816 430 nm».
842 401 913 430 ιη.
941 400 1038 429 vin.
1057 400 1102 430 R.
1123 400 1166 429 Ρ.
1187 400 1227 429 c.

344 456 403 495 Et
423 454 527 494 alius
546 468 556 493 ι
585 465 814 494 ANTomvs
842 466 912 494 111.
933 465 1030 494 vm.
1061 464 1106 493 n.
1124 464 1166 494 Ρ.
1186 463 1227 493 c.

343 517 455 557 Vide
475 530 570 569 quae
588 516 680 557 fuse
709 529 764 557 ex
796 516 1144 568 inscriptionibus
1173 516 1224 556 ad

343 580 456 620 hunc
476 582 618 620 locum
638 586 759 620 notat
775 579 1020 621 Lambinus.
1059 580 1227 620 Trium-

341 643 448 683 viris
468 644 560 684 istis
582 649 633 684 ut
665 648 710 684 et
741 644 1041 694 dic-tatoribus,
1068 643 1226 683 similes

342 707 457 759 apud
480 707 659 747 Graecos
678 706 818 757 fuere,
851 707 924 760 qui
957 707 1131 747 turbato
1163 707 1225 747 in-

341 771 511 811 testinis
531 772 652 813 malis
683 772 882 823 Reipubl.
904 777 1038 823 statu,
1057 773 1112 812 ad
1132 784 1224 811 eam

341 835 694 875 constituendam»
740 835 854 882 soliti
908 835 1063 875 creari.
1132 834 1225 874 Hos

339 897 531 938 Thessali
563 896 723 950 ἀρχοὺς,
756 890 1070 938 Lacedae‘mouii
1112 896 1226 949 ἁρμο-

340 957 439 1000 στὰς
465 962 753 1012 appellarunt,
779 962 1016 1012 φοβούμενοι
1045 957 1227 1006 βασιλεῖέ

341 1022 367 1070 ἦ
383 1023 590 1076 τυράννους
604 1018 754 1076 ὶεαλεῖν,
769 1024 832 1064 ait
849 1024 1085 1077 Dionysius
1096 1024 1225 1064 -Hali-

341 1100 615 1138 carnassaeus‚
630 1089 713 1128 etsi
733 1100 884 1129 revera
904 1089 1129 1140 tyrannica
1148 1092 1224 1128 aut

340 1151 463 1202 regia
494 1156 714 1204 potestate
747 1156 872 1192 erant
903 1150 1091 1203 praediti.
1150 1151 1226 1190 Ca·

339 1215 447 1255 saub.

395 1279 538 1319 Studio
556 1281 694 1320 ductus
714 1277 996 1330 Philosophiae]
1026 1275 1224 1318 Saufeius

342 1343 569 1394 Epicureae
595 1346 725 1383 sectae
746 1342 1048 1393 Philosophus,
1064 1341 1108 1380 in
1139 1352 1224 1393 qua

340 1406 491 1447 haeresi
509 1405 594 1446 fuit
623 1412 669 1446 et
695 1405 885 1454 Atticus,
909 1404 1046 1456 Epist.
1067 1403 1140 1443 lib.
1158 1414 1222 1443 lv.

340 1475 381 1511 6.
414 1475 460 1510 et
491 1469 569 1509 lib.
589 1473 719 1509 ν.19.
750 1474 796 1508 et
828 1467 902 1508 lib.
922 1479 1003 1507 vu.
1024 1470 1062 1507 1.
1088 1471 1135 1507 et
1169 1465 1222 1505 ad

341 1532 493 1573 Famil.
527 1531 665 1583 Epist.
698 1531 774 1571 lib.
804 1542 910 1571 xm.
943 1534 981 1570 1.
1027 1530 1222 1569 Schot'tus.

340 1595 521 1635 Plurimi
543 1600 686 1635 autem
707 1595 995 1633 Romanorum
1020 1593 1114 1644 ejus
1134 1602 1225 1631 sec-

341 1664 397 1699 tae
417 1658 660 1698 assensores
690 1656 868 1696 fuerunt
887 1661 933 1696 et
953 1660 1219 1696 sectatores:

341 1717 453 1775 quod
474 1722 566 1773 ejus
587 1721 749 1773 placita
763 1720 909 1760 nescio
924 1731 1030 1772 quas
1045 1718 1224 1758 delicias

340 1791 384 1826 et
403 1784 565 1837 εὐζωῒαν
581 1783 708 1837 Vulgo
725 1784 864 1837 prima
883 1782 1029 1823 fronte
1051 1782 1226 1835 pollice·

339 1855 504 1903 rentur.
575 1849 756 1889 Causam
803 1847 994 1898 suggerit
1027 1847 1224 1886 Lactaut.

338 1913 411 1957 lib.
430 1924 503 1953 111.
523 1916 588 1953 17.
646 1911 756 1951 Vide
777 1910 1068 1963 nuperrimam
1094 1909 1224 1949 histo-

339 1976 445 2015 riam
474 1974 816 2027 philosophicam
846 1973 1022 2025 Georgii
1057 1971 1226 2025 Hornii,

337 2039 412 2079 lib.
433 2051 503 2080 111.
530 2043 595 2079 17.

397 2103 475 2151 Εα,
494 2115 569 2154 qua
588 2106 669 2142 tum
698 2114 760 2142 res
775 2098 1031 2151 gerebantur]
1074 2099 1227 2141 Horat.

340 2165 481 2216 Epist.
504 2166 577 2206 lib.
598 2176 628 2205 1.
652 2169 716 2206 17.
736 2166 748 2187 ‘
769 2166 854 2204 Res
876 2174 1045 2214 gerere,
1063 2167 1108 2202 et
1125 2175 1226 2214 cap-

341 2234 407 2269 tos
429 2228 657 2269 ostendere
677 2228 842 2268 civibus
856 2228 1015 2277 hostes,
1035 2226 1227 2278 Attingit

337 2293 487 2333 solium
533 2293 693 2342 Jovis,'
718 2297 764 2331 et
811 2290 1006 2330 coelestia
1052 2288 1225 2328 tentat!

340 2356 457 2396 Hinc
484 2357 495 2376 ‘
513 2356 714 2395 Dictator
734 2354 795 2394 rei
814 2353 1017 2405 gerundae
1035 2351 1047 2370 '
1075 2353 1224 2393 Romae

339 2419 478 2458 creari
497 2418 736 2458 dicebatur.
767 2417 922 2457 Schott.

391 2481 441 2521 L.
459 2481 612 2521 dulium
639 2479 856 2531 Calidium]
911 2478 982 2519 Ita
1010 2479 1117 2520 Mss.
1151 2477 1226 2519 Gi·

337 2545 424 2586 fan.
446 2551 492 2585 et
512 2545 696 2592 Schotti,
713 2548 845 2596 atque
866 2541 987 2583 editi.
1042 2540 1130 2582 Alii
1149 2542 1225 2580 Ca‘

338 2607 474 2659 lidum,
507 2613 557 2649 ut
588 2607 755 2660 opinor,
774 2605 959 2646 rectius:
999 2616 1097 2645 nam
1119 2606 1224 2645 Cali-

339 2673 429 2713 dius
474 2684 628 2713 nomen
665 2670 820 2722 gentis,
855 2682 941 2710 non
988 2680 1224 2720 cognomen

340 2734 439 2775 fuit.
487 2734 646 2775 Bosius.
702 2733 840 2774 Notat
873 2732 1004 2773 alium
1035 2731 1090 2772 ad
1122 2732 1224 2771 emi-

338 2798 530 2838 nentium
574 2795 844 2848 ingeniorum
878 2801 1077 2846 tempora
1108 2794 1222 2834 Vell.

338 2862 559 2903 Patercul.
592 2862 665 2901 lib.
682 2872 735 2902 11.
790 2862 862 2901 De
892 2872 975 2912 quo
1007 2859 1160 2900 Cicero
1180 2859 1224 2899 in

337 2926 463 2967 Brut.
485 2931 530 2965 et
560 2926 705 2966 Caesar
733 2923 787 2964 de
814 2924 866 2965 B.
889 2924 936 2966 C.
957 2924 1032 2964 lib.
1056 2935 1087 2965 1.
1141 2922 1224 2962 Ille

337 2994 433 3029 erat
451 2987 829 3040 praestantissimus
845 2986 1025 3039 Orator,
1035 2986 1104 3025 hic
1121 2986 1224 3025 mul-

337 3058 383 3094 to
403 3051 742 3103 elegantissimus
763 3050 916 3090 Poeta.

390 3118 429 3158 A
467 3117 518 3156 Ρ.
561 3114 780 3164 Volumnio,
817 3112 1004 3165 praefecto
1039 3111 1224 3163 fabrum]

331 3181 532 3232 Ἔπαρχος
562 3180 642 3218 τῶν
673 3178 877 3228 τεχνιτῶν.
938 3175 1085 3215 Fabris
1113 3176 1223 3214 enini

339 3243 383 3281 in
405 3243 516 3283 bello
537 3254 659 3293 opus,
678 3241 750 3293 qui
769 3239 984 3280 machinas
1014 3237 1223 3288 facerent,

340 3305 423 3343 &c.
478 3304 639 3342 Eorum
675 3308 820 3354 caput,
840 3301 1070 3353 operisque
1102 3312 1224 3341 cura-

339 3369 407 3405 tor
449 3370 494 3404 et
542 3371 732 3416 exactor,
770 3363 1003 3416 praefcctus
1041 3363 1223 3403 fabrum.

338 3424 450 3468 Vide
472 3425 662 3478 Lipsium
679 3426 912 3468 Poliorcet.
930 3437 1000 3469 ιιι.
1017 3429 1056 3466 6.
1088 3427 1223 3467 Boecl.

729 208 909 248 NoTAE
954 183 1286 248 VARionum
1328 207 1393 248 m
1436 209 1485 246 c·
1525 207 1789 247 Narows

1345 325 1453 366 CAP-
1476 328 1538 366 13.
1580 326 1705 366 Nemo
1725 323 1956 375 illuminas]
2011 324 2170 365 Hacte-

1291 398 1369 428 nus
1391 387 1445 427 de
1466 387 1637 440 publica
1656 388 1773 435 vita;
1814 398 1928 427 nunc
1946 386 2001 426 de
2033 387 2172 439 priva-

1291 455 1334 490 ta
1351 464 1362 490 2
1407 463 1585 503 quarum
1605 452 1677 491 illa
1695 451 1747 490 ad
1767 449 1986 502 πολιτικὴν,
2006 450 2101 493 haec
2115 451 2171 491 ad

1289 511 1526 562 οἰκονομικὴν
1582 513 1903 565 Philosophiam
1924 511 1933 521 ‘
1965 514 2170 566 pertinet.

1291 577 1469 616 Catonis
1499 582 1567 617 est
1598 581 1880 629 praeceptum,
1907 576 2042 628 magis
2075 587 2173 616 ven-

1290 639 1440 680 dacem
1473 652 1601 693 quam
1635 652 1824 680 emacem
1854 645 2058 691 oportere
2078 651 2173 680 esse

1288 702 1522 753 agricolam
1558 710 1604 743 et
1644 701 2010 755 patremfamilias.
2083 701 2176 742 Pli-

1289 766 1384 805 nius
1416 765 1494 805 lib.
1525 776 1657 805 xvm.
1689 770 1732 805 5.
1785 767 1845 806 Et
1865 765 2022 806 Cicero
2049 776 2173 817 para-

1288 828 1399 868 doxo
1422 839 1483 868 v1.
1511 828 1524 850 ‘
1548 828 1648 868 Nou
1678 839 1771 868 esse
1801 839 2009 879 emacem,
2040 828 2172 869 vecti-

1287 891 1356 943 gal
1376 891 1475 931 est.'
1505 890 1658 931 Schott.

1341 955 1482 995 Minus
1495 953 1727 1007 ‹iz-distentor]
1757 954 2034 1006 Epigramma
2045 952 2172 1003 ,θνη-

1287 1032 1384 1060 cum
1418 1020 1490 1061 lib.
1515 1019 1787 1070 Ἀνθολογίαςε
1843 1017 2011 1068 Σῶματα
2040 1017 2173 1058 πολλὰ

1285 1081 1454 1136 τρέφειν,
1471 1082 1538 1124 καὶ
1555 1083 1714 1134 δώματα
1730 1082 1850 1123 πολλ’
1866 1082 2090 1135 ἀνεγείρειν,
2106 1082 2172 1121 Ἀ-

1285 1147 1431 1200 τραπὸε
1453 1148 1492 1189 ἐς
1505 1147 1638 1196 πενίην
1655 1147 1765 1188 ἐστὶν
1780 1144 2026 1198 ἑτοιμοτάτη.
2045 1147 2172 1187 Idem,

1287 1214 1389 1254 Non
1419 1215 1554 1264 solum
1578 1213 1676 1253 boni
1696 1211 2066 1260 Patresfamilias3
2096 1211 2171 1252 sed

1288 1277 1419 1317 etiam
1439 1277 1612 1330 quidam
1638 1276 1864 1328 Principes
1883 1274 1938 1315 de
1957 1273 2172 1315 aedifican-

1289 1340 1332 1380 di
1367 1341 1470 1380 luxu
1501 1341 1830 1381 abhorruerunt.
1909 1337 2084 1379 Tacitus
2116 1336 2172 1376 de

1287 1403 1466 1443 Tiberio
1499 1402 1613 1444 Ann.
1648 1414 1712 1443 vi.
1741 1403 1917 1442 ‘Tanto
1952 1401 2173 1453 acceptius

1286 1467 1329 1507 in
1360 1467 1736 1519 vulgum,-quanto
1769 1465 1961 1506 modicus
1992 1464 2170 1517 privatis

1287 1529 1678 1571 aedificationibus.'
1707 1529 1875 1568 Plinius
1895 1528 2171 1579 Panegyrico

1287 1605 1383 1644 cap.
1406 1597 1476 1633 51.
1503 1594 1517 1616 ‘
1536 1592 1659 1633 Idem
1682 1598 1770 1632 tam
1799 1604 1954 1644 parcus
1973 1591 2017 1631 in
2037 1588 2170 1630 aedifi-

1287 1655 1450 1706 cando,’
1491 1655 1544 1695 de
1564 1654 1766 1707 Trajano.
1817 1655 2011 1695 Lacones
2038 1653 2073 1694 si
2097 1653 2172 1693 cui

1287 1719 1398 1758 mala
1427 1718 1658 1770 imprecari
1693 1717 1954 1769 cogitarent,
1986 1721 2172 1770 quatuor

1286 1783 1368 1834 ipsi
1388 1783 1835 1835 accidere¹optabaut.
1890 1781 2101 1832 Primum,
2117 1792 2174 1821 ae-

1288 1844 1491 1886 dificandi
1510 1846 1770 1886 desiderium
1788 1859 1800 1885 2
1843 1842 2094 1892 secundum,
2113 1843 2174 1883 di-

1287 1909 1491 1949 lationem
1510 1921 1521 1948 2
1565 1909 1758 1960 tertium,
1774 1920 1904 1961 equos
1925 1906 2068 1947 alendi
2084 1913 2174 1947 stu-

1288 1973 1433 2014 dium:
1475 1978 1685 2025 quartum,
1703 1977 1752 2012 ut
1784 1982 1961 2011 uxorem
1994 1969 2174 2010 haberet

1289 2036 1542 2076 adulteram.
1597 2036 1736 2076 Locus
1764 2039 1908 2074 exstat
1939 2032 2053 2084 apud
2082 2031 2173 2071 Sui-

1288 2100 1385 2140 dam
1404 2113 1414 2141 ε
1436 2099 1627 2151 Οἶκόδομά
1641 2113 1686 2140 σε
1700 2096 1816 2145 λάβοι
1829 2096 1895 2138 καὶ
1905 2095 2079 2146 ἁμβολὰ,
2094 2094 2116 2135 ὅ
2127 2110 2174 2134 τε

1284 2162 1416 2214 ἵππος,
1442 2161 1496 2203 ‘A
1515 2179 1562 2203 τε
1579 2162 1680 2214 ’γυνά
1692 2177 1754 2202 τοι
1771 2158 2030 2212 μοιχὸνὲχοι.
2060 2159 2173 2200 Nam

1288 2227 1374 2266 ista
1393 2234 1574 2280 quatuor
1604 2228 1743 2267 omnia
1775 2226 1883 2265 δοκεῖ
1907 2222 2104 2275 δαπανηρὰ
2122 2220 2173 2261 εἶ-

1287 2304 1361 2329 ναι.
1417 2291 1475 2329 Et
1495 2289 1617 2330 addit
1635 2289 1816 2330 Suidas:
1846 2289 1897 2331 ὡς,
1913 2285 2060 2326 τούτων
2076 2283 2173 2325 πάν-

1284 2368 1366 2393 των
1405 2355 1631 2405 δαπανηρῶν
1673 2352 1794 2392 ὄντων
1837 2348 1905 2391 καὶ
1949 2348 2172 2401 {ms-melem.

1288 2416 1490 2458 Gebhard.

1341 2480 1515 2520 Domum
1551 2478 1689 2519 habuit
1726 2479 1770 2518 in
1810 2478 1918 2518 Colle
1948 2476 2169 2529 Quirinali]

1285 2541 1642 2595 Antiquissimum
1686 2541 1809 2593 hujus
1847 2540 1968 2581 collis
2015 2552 2172 2581 nomen

1285 2607 1478 2659 loquitur
1497 2604 1637 2646 foedus
1656 2605 1772 2646 inter
1790 2615 1914 2655 reges
1945 2603 2171 2643 Romulum

1289 2674 1334 2709 et
1353 2667 1528 2710 Tatium
1551 2668 1723 2718 initum,
1754 2669 1910 2719 passim
1942 2664 2056 2718 apud
2089 2664 2174 2705 his-

1287 2734 1463 2776 toricos.
1521 2734 1632 2775 Nam
1663 2732 1780 2774 facta
1809 2732 1924 2773 inter
1944 2737 2174 2784 utrumque

1286 2798 1493 2850 populum
1514 2795 1747 2837 concordia
1768 2807 1850 2836 non
1880 2795 2026 2835 domos
2044 2793 2172 2834 modo

1285 2862 1494 2912 privatas,
1527 2859 1603 2900 sed
1650 2865 1696 2900 et
1740 2858 1857 2900 aedes
1898 2868 2040 2898 sacras
2079 2856 2173 2896 Diis

1286 2928 1537 2963 erexerunt.
1613 2921 1723 2962 Vide
1769 2921 2057 2973 Onuphrium‚
2103 2919 2173 2960 Li·

1274 2986 1418 3047 ·vium,
1463 2985 1733 3036 Eutropium,
1779 2983 2007 3031 Ovidium,
2049 2982 2170 3024 alios.

1287 3049 1440 3089 Kench.
1496 3048 1549 3089 P.
1577 3047 1731 3088 Victor
1764 3047 1806 3087 in
1839 3051 1964 3087 sexta
1997 3046 2171 3099 regione

1287 3111 1433 3151 statim
1463 3116 1563 3162 post
1594 3110 1799 3162 templum
1832 3109 2016 3160 Quirini,
2040 3110 2171 3149 collo-

1287 3179 1359 3214 cat
1375 3172 1490 3213 aedes
1512 3172 1660 3213 Attici.
1716 3173 1773 3212 Et
1794 3172 1948 3213 Cicero
1977 3172 2032 3213 de
2068 3173 2168 3224 Leg.

1289 3248 1320 3277 ι.
1341 3237 1540 3289 idemque
1567 3238 1695 3288 juxta
1714 3235 1871 3276 Salutis
1891 3235 2007 3275 aedes
2026 3233 2168 3284 Epist.

1286 3300 1364 3340 lib.
1385 3312 1448 3341 ιν.
1465 3303 1503 3340 1.
1522 3305 1567 3340 et
1586 3299 1660 3340 lib.
1682 3310 1764 3339 xn.
1783 3302 1851 3339 45.
1871 3298 2052 3337 vicinum
2074 3297 2169 3337 Cae-

1290 3375 1429 3403 sarem
1450 3369 1595 3411 vocat3
1636 3362 1756 3412 cujus
1777 3365 1920 3400 statua
1940 3359 1981 3398 in
2000 3359 2168 3400 Quirini
2203 3408 2205 3410 v

1290 3426 1453 3478 templo
1472 3425 1622 3479 posita.
1664 3423 1780 3465 Dion
1800 3420 1874 3462 lib.
1894 3430 2024 3463 xuu.
2070 3421 2166 3465 Quo
