2306 3900
773 161 1071 201 CORNELI!
1117 159 1401 207 NEPOTIS.
1887 148 1998 201 735

298 330 485 382 AETAs
521 331 583 381 v.
621 309 1559 380 STAVEmo-HEUSINGERIANA
1600 308 1997 383 1734--1747—

914 426 1261 479 1755—1789.
1288 455 1292 459 -

165 547 522 611 Conjungimus
567 542 884 598 adversarios,
930 556 1136 604 quorum
1203 539 1466 588 certamina
1511 537 1739 604 profuere
1797 540 1997 590 lectioni

235 626 471 684 Bosianae,
496 624 717 689 quamvis
742 622 790 672 in
823 621 991 686 paucis
1022 618 1362 670 emendandae.
1399 619 1598 669 Scilicet
1621 621 1880 684 Augustin.
1904 638 1996 671 van

230 707 478 764 Staveren,
526 705 612 770 qui
658 720 755 753 non
815 702 963 751 modo
1003 701 1252 765 aliquibus
1299 699 1463 749 eodd.
1506 701 1635 749 Mss.
1680 709 1859 764 praeter
1886 703 1994 765 jam

232 786 432 835 collatas
448 803 476 836 a
501 784 832 850 superioribus
856 782 997 832 editt.
1023 781 1246 847 quamvis
1272 779 1402 829 haud
1438 780 1553 829 satis
1575 780 1838 846 diligenter
1861 799 1994 842 usus,

231 865 320 915 sed
340 874 391 916 et
412 883 503 930 pro
526 864 770 929 excerptis
810 880 836 911 a
865 861 1146 911 Keuchenio
1170 861 1382 925 integras
1408 860 1649 909 variorum
1685 868 1827 909 notas
1860 863 1996 912 colli-

233 962 347 1008 gere
382 946 552 1003 voluit,
594 945 747 1008 iisque
781 958 894 991 suas
933 940 1123 990 addidit
1161 956 1242 989 an.
1271 947 1416 996 1734.
1463 940 1519 988 In
1554 954 1651 1004 qua
1689 938 1999 1005 locupletior-i

232 1025 444 1074 editione
474 1025 607 1094 ‘quid
649 1023 743 1072 sibi
781 1023 1080 1087 displiceret,
1143 1037 1259 1069 cum
1304 1021 1386 1070 Jo.
1430 1019 1588 1068 Mich.
1648 1019 1995 1086 Heusingerus,

236 1106 417 1154 Rector
440 1104 756 1162 Isenacensis‚
783 1103 831 1151 in
857 1101 1120 1167 Spicilegio
1143 1100 1385 1150 Emendd.
1410 1116 1488 1149 an.
1518 1107 1663 1156 1744.
1683 1101 1995 1161 ostendisset,

233 1184 376 1243 rixari
393 1185 541 1249 coepit
560 1184 807 1234 Staverius
832 1183 881 1230 in
915 1181 1069 1230 Obss.
1098 1180 1311 1231 Miscell.
1355 1179 1683 1229 Dorvillianis.
1721 1182 1997 1247 Heusinge-

234 1280 316 1312 rus
343 1281 456 1313 vero
480 1265 628 1314 etiam
665 1262 942 1312 instructior
970 1277 999 1309 a
1025 1259 1367 1309 collationibus
1405 1260 1506 1308 Ms.
1529 1259 1766 1308 Axeniani
1790 1268 1840 1310 et
1875 1262 1996 1330 edd..

233 1344 425 1408 priscis,
450 1344 579 1393 haud
605 1352 764 1393 tamen
804 1341 1155 1391 Ascensianam
1200 1355 1240 1390 1.
1283 1348 1335 1390 et
1374 1339 1605 1388 Aldinam
1634 1341 1995 1405 superantibus,

233 1423 324 1471 nisi
346 1422 395 1471 in
421 1423 519 1471 vita
534 1422 686 1472 Attici
708 1422 789 1471 ed.
827 1423 972 1470 Rom.
993 1426 1138 1477 1490.
1162 1418 1366 1468 accessit
1388 1419 1452 1468 ad
1470 1419 1723 1468 Bosianam
1751 1434 1816 1470 11.
1832 1421 1995 1471 denuo

229 1503 594 1561 recensendam,
639 1503 704 1551 ab
739 1517 797 1550 ea
835 1500 987 1549 rarius
1025 1498 1333 1557 dissentiens,
1382 1506 1596 1548 ceterum
1628 1499 1701 1547 sic
1737 1499 1998 1551 illustravit

230 1583 355 1632 notis
394 1588 447 1632 et
489 1582 698 1632 auctiori
740 1583 950 1630 Bosiano
988 1579 1176 1638 Indice,
1223 1586 1276 1628 ut
1316 1579 1476 1644 quoad
1502 1578 1722 1628 criticam
1757 1581 1997 1631 rationem

231 1664 444 1727 palmam
464 1662 773 1728 praeripuisse
790 1660 1008 1709 Staverio
1022 1659 1125 1709 fere
1143 1657 1389 1707 videretur
1411 1665 1556 1716 1747.
1575 1667 1625 1707 et
1648 1666 1793 1716 1755.
1818 1661 1996 1727 Neque

232 1750 394 1791 tamen
416 1742 497 1791 ille
523 1749 638 1806 post
661 1738 1140 1805 Heusingerifatum,
1178 1755 1343 1788 naevos
1365 1739 1484 1789 edit.
1528 1754 1568 1788 1.
1607 1756 1709 1788 suae
1751 1740 1801 1789 in
1842 1742 1999 1792 altera.

236 1827 382 1878 1755.
399 1821 648 1879 abstersit,
682 1819 770 1869 sed
812 1827 863 1868 et
888 1818 1028 1883 quasi
1051 1818 1488 1882 Heusingerianam
1513 1835 1612 1868 non
1643 1819 1836 1882 viderit,
1877 1839 1997 1889 con-

236 1900 362 1948 vicia
404 1902 563 1966 priora
607 1900 821 1965 repetiit,
859 1907 1082 1948 notarum
1126 1898 1412 1964 farraginem
1453 1900 1592 1950 novis
1628 1900 1780 1951 auxit.
1849 1902 1998 1952 Haud

231 1980 451 2030 inutilem
475 1987 589 2044 post
633 1982 719 2029 hos
741 1980 1029 2030 duumviros
1053 1995 1252 2044 operam
1277 1979 1547 2029 consumsit
1577 1981 1692 2030 clar.
1736 1982 1819 2031 Jo.
1861 1983 1996 2032 Frid.

233 2059 446 2119 Fischer,
472 2059 608 2109 Prof.
633 2060 769 2124 Lips.
791 2059 839 2108 in
863 2060 1029 2109 libello
1053 2059 1294 2109 variarum
1318 2060 1581 2109 lectionum
1605 2062 1826 2126 repetitas
1860 2063 1995 2112 Bosii

232 2139 438 2189 editioni
477 2157 562 2189 an.
594 2148 741 2198 1759.
775 2157 887 2191 cum
910 2140 1085 2190 illustr.
1110 2139 1246 2204 praef.
1277 2140 1340 2189 de
1362 2141 1526 2190 Codd.
1562 2149 1613 2190 et
1647 2142 1788 2193 editt.
1828 2143 1997 2208 Nepo-

231 2220 312 2278 tis,
338 2220 619 2284 fragmentis
634 2220 834 2271 duobus
857 2238 917 2269 ex
943 2220 1070 2271 eod.
1097 2221 1412 2286 Guelferbyt.
1438 2237 1467 2271 a
1487 2223 1594 2273 Jac.
1620 2222 1753 2273 Frid.
1789 2224 1996 2274 Heusin-

228 2315 363 2364 gero,
391 2316 451 2348 ex
471 2298 617 2349 fratre
654 2302 735 2350 Jo.
779 2300 937 2350 Mich.
978 2309 1173 2365 nepote,
1211 2300 1417 2359 addito;
1455 2318 1567 2367 quae
1604 2303 1776 2353 iterum
1810 2305 1996 2369 prodiit

235 2379 382 2436 1768.
422 2379 633 2430 auctior.
666 2379 865 2429 Interim
892 2380 1229 2431 Staverianam
1273 2395 1338 2430 11.
1381 2382 1500 2432 clar.
1535 2383 1616 2432 Jo.
1642 2385 1825 2450 Kappii
1865 2386 1993 2436 notis

230 2459 429 2524 suisque
450 2460 795 2524 locupletatam
830 2461 1046 2510 reddidit
1081 2461 1356 2526 philologus
1391 2462 1600 2512 celebris
1622 2462 1843 2529 Theoph.
1872 2466 1995 2516 Chr.

232 2540 406 2588 Har-les
444 2541 666 2603 Erlangae
721 2547 865 2597 1774.
907 2557 1051 2604 quam
1079 2540 1143 2589 ad
1191 2540 1273 2589 ed.
1321 2542 1569 2589 uberiores
1614 2550 1753 2593 notas
1797 2545 1992 2595 criticas

231 2619 421 2682 scripsit
444 2619 574 2669 idem
598 2619 840 2683 Kappius.
877 2619 973 2667 Alii
998 2620 1182 2669 interea
1206 2619 1338 2668 Bosii
1370 2620 1703 2670 recensionem
1740 2626 1896 2672 secuti
1914 2626 1993 2675 vel

232 2698 427 2748 Cellarii
465 2706 620 2758 notaS,
661 2707 717 2748 ut
739 2699 1133 2750 adolescentibus
1158 2700 1395 2759 utilioreS,
1437 2701 1755 2765 repetierunt,
1794 2711 1848 2754 ut
1873 2704 1992 2756 Chr.

230 2779 359 2843 Aug.
403 2778 570 2842 Krigel
616 2778 750 2842 Lips.
800 2785 945 2836 1774.
996 2780 1071 2828 vel
1119 2779 1526 2829 Kenchenianum
1568 2783 1819 2848 exemplar
1864 2802 1905 2835 c.
1942 2802 1991 2837 n.

231 2857 502 2907 Kenchenii
540 2857 770 2907 abscissis
794 2866 844 2907 et
867 2859 978 2918 suis,
1005 2866 1059 2908 ut
1084 2860 1142 2909 Β.
1179 2860 1238 2910 C.
1265 2861 1492 2925 Sandwig
1510 2860 1704 2911 Hafniae
1730 2863 1877 2923 1776.
1914 2868 1990 2915 vel

229 2952 343 2986 cum
383 2937 509 2986 notis
560 2953 591 2986 a
630 2937 824 2988 delectu
854 2939 1080 2999 laudatis,
1103 2946 1157 2989 ut
1179 2941 1227 2990 J.
1254 2942 1305 2991 S.
1331 2941 1426 2999 Ith,
1465 2942 1731 3001 Beruensis‚
1769 2945 1844 2993 vel
1877 2962 1991 2995 cum

230 3015 330 3064 suis
352 3017 480 3066 notis
513 3017 561 3065 in
587 3033 728 3067 usum
752 3018 1047 3078 scholarum,
1070 3035 1162 3084 pro
1201 3036 1290 3068 suo
1313 3020 1552 3086 cujusque
1574 3039 1714 3072 sensu
1734 3022 1992 3075 dederunt.

233 3096 421 3144 Ceterae
450 3098 674 3161 repetitae
709 3098 787 3147 vel
819 3099 1039 3158 leviores,
1080 3108 1135 3149 ut
1179 3117 1239 3149 ex
1264 3101 1420 3150 Gallis
1446 3101 1702 3167 Philippei,
1748 3119 1806 3151 ex
1831 3103 1992 3155 indice

233 3182 518 3225 noscuntur.

173 3261 300 3311 1734
325 3255 550 3319 Lugduni
589 3258 700 3307 Bat.
728 3264 774 3307 8.
821 3257 938 3320 maj.
981 3258 1196 3308 Cornelii
1242 3259 1448 3323 Nepotis
1494 3259 1607 3308 vitae
1647 3259 1992 3314 excellentium

236 3334 588 3400 Imperatorum
627 3352 742 3387 cum
778 3338 975 3403 integris
1003 3339 1128 3387 notis
1151 3339 1260 3388 sani
1286 3339 1559 3398 Gebhardi,
1604 3340 1755 3390 Henr.
1797 3341 1990 3404 Ernstii,
