2306 3900
339 284 448 341 670

341 415 524 460 Claudio
541 415 733 468 Nerone,
759 414 824 455 M.
843 413 966 455 Livio
981 413 1226 498 Salinatore

340 482 459 523 Coss.
492 477 669 519 Lambin.

355 570 357 572 -
396 544 542 583 Castra
557 545 711 583 secutus
744 544 804 582 est
835 541 885 582 C.
919 540 1080 581 Claudii
1102 540 1229 581 Nero·

341 606 425 658 nis]
453 597 558 649 Qui
558 606 722 658 magnis
751 605 948 646 cladibus
976 603 1228 646 Hasdruba-

341 669 428 710 lem
478 681 575 710 cum
610 669 779 710 recenti
832 668 1032 710 exercitu
1075 666 1229 720 Alpeis

342 737 656 783 transgressum
674 730 892 783 fatigavit,
911 743 962 772 ac
982 731 1158 772 tandem
1173 730 1229 771 ad

344 793 540 836 Umbriae
559 792 717 837 flumen
731 795 982 835 Metaurum
994 805 1092 835 cum
1112 793 1232 847 quin-

345 857 551 911 quaginta
569 869 646 898 sex
666 857 854 898 millibus
882 857 1106 903 hominum
1119 857 1232 898 occi·

343 920 426 963 dit.
467 920 555 962 Adi
573 921 741 962 Livium
761 931 912 963 xxvu.
952 920 1126 962 Alludit
1141 921 1234 962 Ho-

345 984 481 1026 ratius
522 984 609 1026 Od.
645 987 775 1037 rv.4.
813 983 963 1026 ‘Quid
1000 983 1178 1035 debeas,
1207 995 1233 1024 o

347 1049 510 1100 Roma,
525 1046 793 1100 Neronibus,
805 1046 947 1091 Testis
982 1046 1234 1091 Metaurum

344 1110 522 1163 flumen,
534 1116 580 1153 et
598 1109 816 1163 Asdrubal
833 1110 1065 1162 Devictus,
1079 1115 1126 1152 et
1141 1111 1237 1162 pul-

346 1174 453 1216 cher
489 1172 652 1226 fugatis
686 1173 770 1214 Ille
807 1172 898 1214 dies
947 1173 1074 1214 Latio
1117 1178 1236 1215 tene-

347 1238 468 1280 bris?
496 1239 635 1279 Boecl.

401 1302 524 1355 Apud
560 1302 724 1355 Senum]
778 1303 919 1346 Quam
953 1300 1239 1355 SenegaIliam

348 1371 476 1409 vocat
494 1366 665 1419 Strabo,
695 1366 986 1419 Senogalliam-
1009 1365 1177 1406 Plinius
1193 1369 1241 1406 et

350 1429 591 1480 Diaconus,
626 1429 784 1470 Senam
832 1429 1049 1470 Gallicam
1087 1428 1238 1469 Ptole·

350 1503 485 1545 maeus
501 1497 547 1532 et
567 1491 713 1533 Silius.
770 1491 976 1544 Polybius
993 1497 1039 1533 et
1057 1491 1240 1544 Stepha-

350 1567 431 1596 nus
453 1567 626 1608 quoque
643 1555 802 1596 Senam
821 1560 994 1608 vocant,
1023 1568 1120 1609 quae
1148 1555 1239 1608 Ap-

352 1620 484 1672 piano
504 1616 644 1666 Σήνας.
699 1618 815 1660 Urbs
845 1619 920 1659 illa
949 1631 1036 1659 non
1068 1620 1196 1671 longe
1216 1632 1243 1660 a

355 1683 562 1724 Metanro
582 1681 759 1722 flumine
776 1682 821 1722 in
839 1682 1037 1735 Umbria,
1056 1682 1242 1729 a-Gallis

356 1745 599 1787 Senonibus
631 1745 811 1786 condita
845 1744 1002 1787 fertur.
1082 1744 1182 1786 Alii
1217 1757 1244 1787 a

355 1811 533 1855 Brenno
569 1814 779 1850 structam
823 1809 1015 1850 tradunt.
1087 1809 1242 1861 Nugae.

355 1873 483 1914 Silius
505 1873 710 1913 Italicus:
739 1872 979 1913 ‘Senonum
998 1871 1053 1912 de
1071 1872 1244 1913 nomine

355 1935 496 1989 Sena!
526 1937 728 1977 Keuchen.
762 1935 874 1977 Inde
896 1936 1050 1977 Cicero
1068 1935 1114 1977 in
1131 1936 1245 1976 Bru-

357 2006 422 2054 to,
449 2000 532 2041 hoc
551 1999 748 2052 praelium
767 2000 958 2040 Senense
976 2002 1111 2040 vocat
1126 2011 1151 2039 a
1169 1999 1247 2040 Se-

356 2078 430 2110 ua.
485 2065 558 2106 Sic
588 2064 701 2105 enim
728 2064 828 2105 ille:
857 2063 1021 2105 ‘Ludis
1040 2063 1248 2116 juveutu-

358 2129 431 2182 tis,
448 2139 553 2182 quos
568 2127 784 2169 Salinator
793 2126 984 2182 *Senensi
1002 2127 1159 2179 praelio
1172 2139 1247 2168 vo-

358 2196 501 2233 verat.
557 2191 812 2232 Ostendant
839 2190 973 2231 etiam
999 2189 1127 2231 hodie
1146 2189 1250 2231 Um·

363 2253 447 2307 bri,
462 2266 546 2307 quo
568 2255 664 2295 loco
693 2265 840 2306 pugna
866 2252 941 2294 illa
972 2251 1108 2295 fuerit
1139 2266 1249 2307 pug-

362 2317 499 2361 nata.’
527 2317 711 2358 Lambin.

421 2381 510 2427 Quo
540 2381 684 2421 cecidit
716 2380 967 2434 Hasdrubal]
1006 2381 1145 2434 Cujus
1178 2393 1249 2423 ca·

362 2444 474 2498 pite,
492 2443 606 2497 quod
621 2456 717 2485 cum
731 2456 835 2486 cura
850 2450 1071 2487 servatum
1090 2443 1253 2498 fuerat,

367 2513 473 2550 ante
503 2507 709 2549 stationes
750 2507 1005 2550 Hannibalis
1041 2509 1252 2562 projecto,

366 2570 444 2615 ille
464 2575 587 2612 tanto
607 2571 731 2612 simul
750 2570 926 2624 publico
950 2570 1254 2626 familiarique

365 2633 479 2677 ictus
499 2635 639 2686 luctu,
673 2634 835 2677 dixisse
866 2633 1026 2687 fertur,
1043 2634 1254 2689 ¹Agnosco

367 2702 432 2748 te,
449 2693 623 2737 fortuna
649 2697 938 2751 Carthaginis.
992 2697 1162 2741 Auctor
1187 2698 1257 2740 Li·

371 2761 469 2805 vius
486 2771 643 2803 xxvix.
670 2761 855 2803 Lambin.
883 2761 1142 2806 Videetiam
1161 2763 1258 2804 Flo·

369 2836 465 2866 rum
485 2835 539 2865 11.
559 2827 601 2866 6.
656 2824 732 2865 Sic
752 2825 1258 2879 Machabaeus.suspenso

371 2887 516 2940 capite
543 2887 790 2930 Nicanoris.
806 2892 848 2930 2.
869 2889 1075 2931 Machab.
1094 2901 1170 2931 xv.
1190 2893 1258 2931 85.

372 2950 556 2992 Hebraei
576 2956 710 3003 caput
723 2943 976 2993 Holofernis
994 2953 1049 2994 de
1068 2952 1260 3006 superio-

374 3012 494 3055 ribus
514 3017 798 3055 ostentantes.
826 3014 993 3066 Sulpic.
1011 3026 1064 3055 ιι.

429 3076 616 3124 Quaestor
651 3077 797 3128 obtigit
830 3078 886 3130 P.
919 3078 1102 3120 Cornelio
1129 3077 1262 3131 Scipi-

375 3140 443 3181 oni
473 3140 670 3190 Africano
693 3140 863 3193 consuli]
904 3140 1035 3182 Anno
1065 3142 1194 3183 tertio
1237 3152 1263 3182 a

378 3204 569 3244 Neronis
615 3209 663 3245 et
707 3203 965 3246 Salinatoris
1021 3206 1261 3246 consulatu.

377 3267 494 3307 Nam
515 3280 627 3311 auno
647 3267 843 3320 proximo
864 3268 1064 3310 consules
1090 3267 1265 3311 fuerant

381 3328 438 3369 Q.
457 3329 660 3373 Caecilius
680 3330 886 3372 Metellus
915 3336 962 3372 et
987 3331 1038 3376 L.
1059 3330 1264 3373 Veturius

381 3388 528 3428 Philo.
567 3391 736 3433 Quibus
754 3394 1010 3446 magistratu
1029 3393 1269 3446 defunctis,

380 3449 438 3493 P.
452 3448 674 3493 Cornelius
692 3455 839 3508 Scipio
873 3455 1102 3498 Africanus
1134 3462 1182 3498 et
1213 3457 1267 3500 P.

383 3513 575 3560 Licinius
640 3517 819 3561 Crassus
865 3519 997 3563 Dives
1059 3520 1267 3565 Consules

723 293 903 336 No'rAE
941 292 1280 334 vAmoRUM
1319 291 1387 333 IN
1428 293 1482 333 Ο.
1522 292 1786 335 NEPo'nS

1287 413 1425 455 creati
1452 417 1569 454 sunt.
1631 412 1707 453 Ita
1739 421 1893 452 xxvrr.
1936 414 2013 452 aut
2047 415 2170 454 certe

1289 486 1459 517 xxvm.
1489 488 1623 517 annos
1650 479 1776 516 natus
1807 478 1904 515 erat
1923 474 2048 526 Cato,
2072 478 2179 517 cum'

1290 545 1477 592 quaestor
1493 538 1632 580 factus
1657 543 1736 580 est.
1790 539 1993 578 Testatur
2022 542 2070 579 et
2099 537 2174 578 n-

1291 603 1400 657 vius,
1447 604 1658 645 Catonem
1682 601 1885 654 Scipioni
1919 605 2173 654 quaestorcm

1290 665 1441 719 fuisse,
1459 667 1525 708 his
1541 665 1702 716 verbis,
1732 664 1849 706 Anu.
1867 674 2003 706 xxix.
2031 662 2046 686 ‘
2063 664 2174 705 Cum

1292 743 1372 773 111.
1391 731 1587 772 rostratis
1602 729 1784 771 navibus
1816 740 1863 770 se
1896 741 1947 770 ac
1967 729 2017 769 1..
2034 727 2176 781 Scipi-

1292 806 1417 837 onem
1449 794 1510 835 abv
1539 793 1696 834 dextro
1715 805 1872 844 cornu,
1894 792 1948 833 ab
1981 791 2093 833 laevo
2113 795 2181 832 to·-

1292 857 1428 898 tidem
1461 856 1656 897 rostratis
1694 855 1747 898 G.
1777 855 1962 897 ‚Laelium
1992 853 2176 908 proefec·

1295 926 1392 962 tum·
1419 919 1572 961 classis
1596 930 1695 960 cum
1724 918 1790 959 M.
1803 928 1810 931 ’
1823 917 1984 959 Porcio
2011 919 2178 960 Catone

1293 985 1506 1038 (quaestor
1525 989 1615 1025 tum
1634 984 1671 1024 is
1690 981 1806 1036 erat)
1832 981 2174 1024 onerariis=fum-

1296 1059 1391 1088 rum
1410 1044 1641 1100 praesidio!
1684 1045 1822 1098 Atqui
1839 1045 1995 1087 Cicero
2012 1045 2062 1086 in
2071 1046 2181 1086 Bru-

1296 1115 1354 1152 tov
1376 1109 1543 1161 scribit,
1568 1109 1640 1150 M.
1673 1109 1884 1150 Catonem
1918 1114 2179 1163 quaestorem

1295 1173 1428 1216 fuisse
1449 1173 1646 1226 Cethego
1664 1178 1710 1214 et
1724 1173 1941 1215 Tuditano
1959 1173 2082 1214 Co‘ss.
2114 1172 2185 1214 xAt

1298 1238 1366 1280 M.
1386 1237 1609 1279 Cornelius
1646 1237 1867 1289 Cethegus
1887 1240 1943 1278 ⁴et
1975 1236 2032 1277 P.
2061 1236 2182 1278 Sem-

1300 1300 1477 1354 pronius
1509 1299 1754 1341 Tuditanus
1799 1310 1910 1340 anno
1954 1310 2039 1339 uno
2085 1303 2188 1351 post

1303 1363 1559 1405 Africanum
1578 1368 1624 1404 et
1636 1363 1841 1404 Crassum
1855 1362 2063 1404 Consules
2081 1361 2198 1404 facti⁴

1301 1434 1414 1470 sunt.
1468 1427 1740 1480 Responderi
1758 1439 1885 1480 posse
1903 1432 2028 1480 puto,
2060 1426 2189 1468 Cato·

1302 1499 1400 1534 nem
1429 1491 1604 1534 factum.
1627 1504 1729 1532 esse·
1752 1492 1909 1533 iterum
1928 1495 2189 1545 quaestorem

1305 1558 1470 1608 Romae,
1505 1555 1699 1607 Cethego
1731 1559 1778 1596 et
1811 1554 2030 1595 Tuditano
2067 1555 2192 1594 Coss.

1304 1625 1587 1673 posteaquam
1619 1622 1808 1671 quaestor
1848 1618 2041 1671 Scipioni
2072 1615 2190 1658 Afri-

1305 1694 1418 1725 cano.
1436 1680 1682 1734 obtigisset.
1709 1680 1893 1722 Lambin.

1274 1793 1282 1801 „
1324 1767 1327 1779 ÷
1359 1746 1446 1787 Pro
1462 1744 1583 1786 sortis
1600 1743 1880 1785 necessitudine
1900 1743 2027 1796 vixit]
2072 1742 2189 1785 Nam

1307 1811 1512 1853 Quaestor
1535 1820 1658 1849 more
1676 1808 1887 1860 majorum
1905 1808 2197 1850 Proetoriaut

1308 1871 1484 1914 Consuli
1504 1875 1574 1912 est
1590 1871 1772 1912 liberum
1791 1872 1900 1913 loco.
1947 1871 2100 1914 Cicero
2116 1873 2205 1914 Di·

1307 1935 1395 1977 vin.
1415 1936 1462 1976 iu
1474 1935 1603 1976 Verr.
1615 1934 1691 1975 lib.
1702 1944 1738 1976 1.
1754 1936 1900 1976 accus.
1911 1940 1957 1976 et
1970 1944 2050 1987 pro
2064 1934 2199 1976 Phn-

1309 2000 1395 2041 cio.
1422 2022 1425 2023 ν
1461 1999 1474 2022 ‘
1491 1998 1630 2039 Sortis
1662 1996 2067 2039 necessitudinem'
2069 2009 2204 2040 enn-

1309 2062 1410 2103 dem
1440 2071 1604 2102 morem
1635 2059 1894 2102 vocat1.in
1923 2059 2047 2104 Verr.
2066 2071 2107 2102 ο
2129 2063 2204 2102 14

1311 2127 1470 2169 Rosius.

1366 2192 1550 2243 Namque
1576 2189 1627 2231 ab
1657 2201 1702 2231 eo
1724 2160 2117 2243 perpetuam
2135 2190 2195 2231 οι·-

1310 2255 1373 2308 ta]
1403 2255 1660 2307 PropterQea
1687 2253 1988 2307 opium-,quod
2018 2253 2074 2295 ad
2093 2254 2197 2295 ami-

1312 2317 1458 2359 citiam
1479 2317 1534 2360 Q.
1553 2316 1676 2357 Fabii
1694 2315 1878 2357 Maximi
1904 2327 1962 2357 se>
1981 2317 2078 2369 jam
2099 2315 2203 2358 ado·

1311 2381 1480 2422 lescens
1499 2379 1756 2433 applicarat.
1811 2379 1867 2422 Q.
1893 2379 2028 2420 Fabio
2053 2384 2201 2422 autem

1313 2455 1411 2486 cum
1428 2443 1633 2496 Scipione
1651 2441 1862 2484 Africano
1875 2453 1961 2484 non
1979 2442 2086 2484 satis
2099 2454 2207 2484 eon-

1313 2506 1534 2549 veniebat.
1550 2506 1677 2548 Licet
1692 2510 1739 2547 et
1753 2517 1809 2546 ex
1821 2506 2060 2548 Plutarcho
2075 2506 2203 2549 intel·

1315 2570 1469 2623 ligere,
1496 2570 1552 2611 P.
1571 2569 1820 2621 Scipionem
1833 2574 1881 2610 et
1905 2570 1971 2612 M.
1991 2569 2201 2612 Catonem

1319 2632 1505 2686 gessisse
1512 2633 1626 2674 inter
1638 2644 1685 2673 se
1705 2632 1979 2675 inimicitias.
1996 2633 2072 2676 Sic
2087 2635 2205 2676 enim

1318 2696 1414 2737 ille:
1442 2693 1505 2735 ἔτι
1516 2694 1549 2735 δ’
1569 2695 1688 2736 αὐτοῦ
1704 2695 1966 2749 διατρίβοντοο
1981 2696 2024 2738 ἐν
2039 2697 2204 2752 Ἰβηρίᾳ,

1320 2758 1486 2802 Σκιπίων
1502 2759 1525 2799 ὁ
1539 2756 1678 2812 μέγας,
1691 2759 1825 2812 ἐχθρὸς
1836 2759 1890 2802 ὢν
1899 2759 1965 2802 καὶ
1972 2759 2206 2812 βουλόμενος

1321 2823 1504 2872 ἐνστῆναι
1531 2824 1793 2876 κατορθοῦντι,
1821 2822 1888 2864 καὶ
1912 2823 1988 2866 τὰς
2011 2823 2220 2878 Ἰβηρικὰς-

1321 2884 1476 2939 πράξεις
1505 2885 1731 2939 ὑπολαβεῖν,
1748 2884 2070 2939 διεπράξατο.τῆς
2086 2887 2203 2940 ἄπαρ-

1322 2948 1416 3001 χίας
1435 2948 1579 2997 ἐκείνης
1595 2949 1867 3000 ἀποδειχθῆναι
1879 2947 2070 3001 διάδοχος.
2088 2949 2207 2992 mb-

1323 3026 1397 3055 σας
1424 3013 1457 3054 δ’
1486 3013 1538 3054 ὣς
1565 3013 1657 3061 ἐνῆν
1686 3011 1879 3065 τάχιστα,
1897 3011 2118 3066 κατέπαυσε
2132 3014 2208 3064 τὴν

1323 3077 1451 3130 ἆρχὴν
1466 3073 1539 3117 τοῦ
1567 3074 1762 3118 Κάτωνος.
1789 3077 1812 3117 δ
1839 3075 1883 3117 δὲ
1899 3078 2036 3124 λαβὸν
2050 3078 2209 3132 σπείρας

1324 3144 1495 3184 ὁπλιτῶν
1519 3141 1652 3196 πέντε,
1682 3142 1748 3185 καὶ
1775 3143 2055 3186 πεντακοσίους
2079 3144 2207 3186 ἱππεῖς

1324 3205 1586 3262 προπομποὺς,
1617 3205 1915 3260 κατεστρέψατο
1952 3207 2027 3258 μὲν
2053 3206 2104 3248 τὸ
2131 3212 2212 3249 Λα-

1325 3271 1519 3311 κεντανῶν
1537 3268 1655 3324 ἔθνος,
1673 3269 1894 3322 ἑξακοσίους
1923 3269 1968 3312 δὲ
1994 3271 2076 3310 τῦν
2089 3269 2205 3319 niv-ro·

1325 3331 1563 3383 μοληκῶτων
1592 3331 1846 3385 κομισάμενος
1876 3331 2111 3374 ἀπέκτεινεν.
2146 3334 2208 3386 ἐφ’

1327 3395 1385 3439 οἷς
1401 3396 1696 3450 σχετλιάζοντα
1719 3396 1792 3437 τὸν
1817 3395 2006 3439 Σκιπίωνα
2029 3411 2209 3451 κατειρυ·

1328 3459 1542 3515 νευόμενος,
1572 3460 1697 3501 οὕτως,
1712 3458 1788 3511 ἔφη
1803 3458 1876 3507 τὴν
1893 3458 2040 3511 Ῥώμην
2055 3459 2210 3503 ἔσεσθαι

1328 3525 1539 3579 μεγίστην,
1568 3526 1647 3567 τῶν
1672 3522 1746 3576 μὲν
1772 3522 1930 3577 ἐνδόξων
1946 3524 2011 3568 καὶ
2027 3523 2210 3579 μεγάλαν
