2306 3900
346 245 449 301 xiv

345 382 560 424 Arbitrium
579 382 767 438 (electio)
793 383 848 432 ix,
867 386 895 426 ⁴1
934 384 1091 426 arbitrio
1110 385 1234 427 alicu-

394 437 464 490 jus
495 451 574 477 rem
609 436 831 490 permittere
850 438 1144 493 (tractationem
1178 441 1234 483 rei

399 491 558 544 penitus
577 491 789 545 committ.)
817 492 912 541 xxii,
932 497 953 534 1
984 493 1141 534 arbitrio
1159 496 1233 534 hu·

393 545 462 597 jus
481 544 598 584 unius
628 546 771 597 geritur
802 559 904 600 resp.
932 545 1001 595 vii,
1032 551 1057 589 7
1100 549 1233 589 omnia

398 605 586 651 geruntur
617 600 691 654 (de
721 613 873 640 summo
908 601 1093 655 imperio)
1132 603 1186 650 ix,
1205 607 1231 644 2

398 652 558 692 arbitrio
585 652 672 705 ejus
695 654 772 694 hoc
802 655 848 693 fit
874 653 932 703 iii,
951 659 976 697 3
1024 655 1153 696 alieno
1173 656 1231 697 vi·

399 713 480 745 tam
499 706 696 748 dimittere
724 707 832 756 xxiii,
854 712 906 750 12

342 760 518 800 Arcades
537 761 732 814 (populus
761 762 925 802 Graeciae
954 763 998 803 in
1027 763 1231 817 Polopon-

398 814 518 868 neso)
546 829 610 863 xv,
629 820 656 856 6
697 816 898 856 Arcadum
925 824 1141 857 conventus
1168 818 1230 872 (v.

398 867 549 922 conv.)
580 883 629 908 ex
647 868 819 909 Arcadia
846 872 989 922 hospes
1009 871 1053 925 (e
1070 871 1230 925 regione

394 921 596 962 Arcadum
614 922 850 976 adveniens)
880 923 949 972 vii,
971 929 1022 965 10

340 973 541 1016 Arcanum
577 976 872 1025 dominationis,
901 978 942 1017 in
977 977 1230 1019 translatione

396 1031 572 1083 gentium
604 1031 853 1071 subactarum
879 1030 910 1079 i,
933 1035 960 1073 4
1002 1033 1169 1085 imperii,
1187 1032 1231 1073 in

400 1085 678 1125 demandanda
695 1084 847 1125 urbium
865 1086 1047 1126 custodia
1073 1087 1102 1133 i,
1122 1091 1147 1128 3

339 1136 549 1179 Arcessere
567 1138 737 1192 aliquem
756 1139 990 1193 (advocare)
1018 1154 1058 1188 x,
1077 1144 1103 1181 2

339 1191 531 1232 Arcessiri
560 1206 650 1232 eum
664 1193 784 1246 jussit
800 1194 852 1233 ad
879 1207 923 1234 se
949 1207 1039 1242 xxV,
1059 1198 1110 1235 21
1141 1175 1238 1248 (ubi

340 1275 344 1278 -
396 1252 528 1286 tamen
541 1246 696 1286 videtur
714 1247 790 1298 leg.
810 1253 822 1271 ‘
835 1247 1007 1288 accersi.’
1022 1248 1101 1287 vid.
1121 1254 1162 1288 et
1179 1250 1231 1288 de

393 1306 561 1353 utroque
579 1302 698 1341 verbo
717 1301 915 1342 Buchner.
927 1302 1045 1342 Thes.
1065 1316 1102 1341 v.
1120 1303 1206 1342 cieo

339 1351 504 1394 Archias
540 1355 663 1408 (unus
698 1369 722 1395 e
757 1355 1046 1408 magistratibus
1080 1356 1205 1396 Theb.

394 1407 474 1455 xvi,
494 1412 518 1449 3
545 1409 645 1462 (nisi
659 1422 804 1448 nomen
823 1423 920 1449 corr.
940 1410 1022 1463 est)

336 1459 503 1502 Archias
521 1461 778 1515 hierophanta
796 1463 964 1516 (Theb.)
983 1462 1063 1510 xvi,
1082 1467 1107 1504 3
1137 1463 1229 1517 (sed

393 1516 549 1556 videtu-r
567 1516 644 1570 leg.
658 1515 835 1556 Archino
854 1517 915 1558 vel
933 1517 1159 1571 Archinoo)

337 1568 605 1610 Archilochus·
635 1570 760 1624 poeta
793 1570 976 1624 (quando
1010 1571 1229 1626 claruerit),

392 1624 495 1664 Frui

336 1676 599 1717 Ardeatinum
613 1677 803 1730 praedium
830 1691 922 1726 xxv,
940 1681 994 1720 14
1022 1677 1114 1733 (sed
1149 1679 1229 1733 leg.

388 1737 453 1771 est
469 1730 720 1786 Arretinum)

336 1786 459 1826 Arete
486 1800 527 1833 x,
549 1790 572 1827 1
714 1814 720 1820 -

334 1839 539 1892 Argentea
556 1839 724 1880 triclinia
741 1839 803 1894 (v.
820 1838 1007 1894 Triclin.)

334 1893 509 1946 Argilius
545 1894 707 1947 quidam
742 1894 1060 1935 adolescentulus
1105 1892 1160 1944 iv,
1195 1898 1224 1936 4

341 1961 344 1966 ’
388 1946 597 2041 ἏΤὶιιιογᾱ.
623 1947 720 2002 ἀνήρ
735 1964 794 1991 τις
821 1949 1034 2002 Ἀρνγίλιος,
1054 1948 1140 1989 scil.
1176 1963 1225 1989 ex

429 2001 527 2054 rgilo
555 2002 766 2043 Thessaliae
801 2004 923 2044 urbe:
963 2016 1094 2057 neque
1119 2003 1225 2044 enim

388 2062 487 2108 puto
506 2069 651 2096 nomen
669 2056 740 2096 viri
767 2056 874 2110 esse)

334 2108 445 2163 Argi,
483 2109 676 2164 oppidum
707 2111 750 2150 in
785 2111 1063 2163 Peloponneso
1090 2110 1170 2158 xxi,
1197 2115 1224 2152 2

389 2164 530 2217 Argivi
573 2163 779 2204 Alcmaeon
815 2172 857 2205 et
889 2165 1047 2205 Orestes
1084 2165 1223 2219 (Argis

386 2219 483 2270 orti)
530 2232 594 2264 xv,
629 2223 657 2260 6
719 2218 763 2258 in
814 2218 982 2272 Argivos
1027 2217 1225 2259 invehitur

389 2272 530 2324 Epam.
553 2272 679 2326 (cives
698 2272 968 2326 Argivorum),
996 2272 1095 2313 ibid.

335 2325 512 2377 Arguere
527 2325 717 2419 §crimini
736 2326 875 2380 dare):
903 2327 1132 2378 arguebant,
1151 2339 1222 2365 no·

389 2379 507 2419 luisse
563 2388 683 2432 ymen
702 2392 842 2432 capere
869 2381 936 2425 vii,
955 2384 981 2420 7
1010 2379 1120 2432 argui
1147 2378 1222 2420 cri-

391 2432 495 2472 mine
514 2433 646 2486 aliquo
659 2433 884 2487 (convinci)
911 2434 966 2480 iv,
986 2437 1010 2474 3

331 2484 593 2539 Argutissime
641 2487 681 2525 in
721 2487 864 2526 scholis
898 2487 1112 2540 praecipere
1146 2485 1222 2541 (de

385 2540 668 2580 subtilitatibus
687 2541 1045 2594 philosophorum),
1076 2540 1140 2583 Fr.
1164 2546 1190 2581 5

331 2593 514 2634 Aridaeus
544 2595 623 2650 xiv,
639 2599 666 2636 6
707 2595 769 2650 (in
788 2608 828 2649 q.
847 2596 940 2636 edd.
977 2597 1047 2636 sed
1074 2609 1115 2635 v.
1142 2593 1219 2635 Ar-

385 2648 529 2688 sidaeus

331 2649 614 2742 Ariobarzgnes
639 2700 748 2756 praef.
763 2702 910 2756 -Lydiae
927 2709 968 2743 et
985 2703 1111 2743 Ioniae
1137 2702 1219 2752 xiv,

386 2761 412 2797 2
440 2757 526 2810 ejus
544 2757 647 2796 filius
665 2756 917 2797 Mithridates
946 2758 1024 2806 xiv,
1045 2762 1098 2798 10

329 2809 523 2851 Aristides
559 2810 791 2864 cognomine
827 2811 964 2851 Justus
1000 2811 1220 2864 appellatus

383 2863 442 2912 iii,
465 2870 484 2906 l
534 2866 818 2905 obtrectatione
830 2866 1103 2906 Themistoclis
1129 2866 1218 2905 exul

353 2928 359 2934 ”
385 2920 527 2966 factus,
546 2918 643 2959 ibid.
681 2919 774 2958 belli
803 2919 952 2959 Persici
985 2920 1219 2960 necessitate

384 2970 602 3019 restitutus,
647 2971 746 3011 ibid.
806 2980 950 3025 praetor
1002 2973 1044 3012 in
1083 2972 1218 3026 praelio

318 3068 321 3071 Δ
384 3027 492 3078 apud
527 3026 696 3065 Plataeas
723 3025 782 3073 iii,
818 3031 844 3067 2
886 3026 1033 3078 justus,
1068 3040 1218 3080 aequus,

387 3078 594 3127 innocens,
625 3079 724 3119 ibid.
764 3079 964 3120 abstinens
991 3081 1077 3129 ii,3
1119 3095 1218 3134 pau-

383 3147 453 3185 per
466 3135 639 3181 moritur,
658 3133 757 3174 ibid.

329 3185 599 3228 Aristomache
615 3201 722 3228 soror
739 3187 882 3228 Dionis
899 3187 1018 3243 (uxor
1030 3187 1219 3244 Dionysii

387 3254 469 3279 sen.
521 3256 559 3289 x,
581 3247 601 3282 1

329 3291 450 3332 Arma
468 3241 663 3346 gedestria
682 3295 846 3349 (quibus
866 3302 1027 3336 utuntur
1045 3295 1219 3349 pedites)

384 3346 438 3393 xi,
460 3352 482 3387 l
524 3361 713 3387 armorum
733 3350 898 3390 officinae
917 3352 969 3390 ab
987 3351 1138 3403 Agesil.
1155 3351 1217 3390 in-

385 3401 530 3440 stitutae
559 3401 651 3448 xvii,
672 3406 696 3442 3
743 3417 848 3442 arma
883 3404 1054 3456 abjicere
1091 3405 1219 3445 noluit

385 3455 572 3495 Chabrias
589 3457 717 3508 <metu
735 3457 872 3508 flagitii
887 3458 1082 3511 militaris)
1111 3459 1177 3505 xii,
1191 3463 1217 3501 4

385 3522 489 3550 arma
500 3522 648 3550 sumere
665 3510 730 3563 (q.
750 3511 841 3552 edd.
862 3517 873 3534 ‘
888 3512 1060 3565 capere’:
1081 3513 1217 3554 armari

1162 261 1381 305 JNnssx

1348 386 1390 425 in
1409 385 1583 439 hostem)
1598 385 1678 435 xiv,
1696 387 1723 428 4
1751 386 1926 427 conferre
1941 396 2031 428 cum
2048 386 2180 441 aliquo

1295 451 1301 460 ·’
1348 439 1578 494 (dimicare)
1618 440 1727 488 xviii,
1754 444 1779 482 3
1824 442 1922 482 ferre
1939 452 2029 480 cum
2047 441 2179 495 aliquo

1348 502 1485 534 contra
1503 494 1675 549 aliquem
1695 495 1799 548 (esse
1818 494 1861 534 in
1879 493 2043 534 diversis
2061 498 2181 547 parti-

1349 548 1443 602 bus)
1484 563 1574 597 xxv,
1605 552 1632 589 4
1676 550 1860 589 adversus
1888 548 1987 588 ferre
2025 548 2119 597 xvii,
2153 554 2180 592 4

1348 602 1435 655 (Sic
1449 602 1516 642 alii
1533 617 1542 642 ι
1557 602 1693 643 contra
1709 603 1824 643 ferre:
1845 616 1883 642 v.
1901 615 1989 654 sup.
2009 603 2183 658 advers.)

1345 655 1485 696 inferre
1519 655 1639 696 alicui
1675 657 1842 711 (bellum
1880 656 1974 710 inf.)
2009 655 2118 705 xxiii,
2153 663 2181 699 2

1297 719 1300 722 ’
1346 709 1515 763 alicujus
1545 723 1728 764 superare
1746 711 1911 751 consilio
1930 709 2031 764 (vim
2058 723 2184 751 arma-

1296 770 1299 772 ’
1346 769 1425 803 tam
1457 764 1617 804 eludere
1653 764 1949 818 strategemate)
1983 763 2092 812 xxiii,
2127 770 2180 807 11

1344 829 1369 856 a
1402 817 1528 869 patria
1564 825 1730 870 accepta
1765 819 1925 858 tradere·
1953 819 2184 859 adversariis

1343 883 1426 909 non
1455 877 1517 910 est
1534 869 1688 910 virtutis
1716 870 1762 934 (a
1790 872 1896 911 bello
1926 870 2114 913 desistere
2142 880 2184 913 et

1344 923 1449 964 hosti
1466 923 1631 978 cedere)
1660 925 1753 972 xxii,
1773 928 1796 966 1
1843 926 1895 965 ad
1921 937 2028 965 arma
2045 938 2183 968 vocare
2220 934 2229 941 '

1346 978 1486 1031 vulgus
1519 978 1598 1034 (sc.
1630 978 1846 1032 capienda)
1883 979 1962 1027 xvi,
1996 981 2023 1019 ³
2067 981 2182 1021 armis

1344 1031 1530 1073 dimicare
1566 1046 1657 1072 cum
1683 1032 1717 1080 i,
1739 1037 1760 1074 1
1809 1045 1942 1084 parem
1978 1045 2060 1071 non
2094 1046 2182 1075 esse

1345 1085 1501 1139 (alicui,
1522 1087 1574 1137 vi,
1587 1087 1713 1140 copiis
1731 1086 1909 1137 bellicis3
1933 1099 2030 1149 opp.
2044 1087 2182 1141 dolus)

1346 1139 1454 1188 xxiii,
1489 1145 1541 1182 10
1604 1141 1692 1181 Sic:
1737 1141 1851 1180 armis
1878 1140 2046 1193 aliquus
2076 1141 2185 1183 vinci

1345 1194 1562 1246 (potentia,
1589 1195 1726 1235 robore
1753 1194 1928 1245 bellico;
1956 1207 2053 1247 opp.
2085 1204 2183 1236 con-

1345 1247 1456 1302 silio)
1486 1249 1527 1295 ii,
1546 1253 1573 1290 4
1618 1248 1778 1296 relictis,
1803 1249 1962 1302 regione
1989 1249 2182 1290 decedere

1342 1302 1413 1355 (ab
1446 1303 1558 1342 armis
1591 1301 1808 1350 discedere,
1837 1301 2115 1356 regionemque
2132 1304 2185 1344 li·

1347 1357 1478 1396 beram
1498 1356 1736 1410 relinquere)
1768 1356 1861 1404 xxii,
1882 1361 1905 1398 1
2122 1378 2126 1384 ,

1289 1407 1451 1450 Armare
1483 1411 1655 1463 aliquem
1690 1411 1874 1450 adversus
1907 1410 2077 1463 aliquem
2104 1410 2180 1466 (ad

1343 1476 1449 1503 arma
1483 1462 1691 1517 instigare)
1719 1463 1828 1512 xxiii,
1864 1467 1916 1504 10
1962 1476 2109 1505 armare
2137 1479 2181 1506 se

1342 1517 1607 1570 imprudentia
1637 1518 1795 1557 alterius
1813 1518 1918 1573 (suis
1935 1517 2110 1558 consiliis
2129 1520 2180 1559 ab

1342 1571 1608 1623 imprudentia
1646 1571 1804 1612 alterius
1839 1572 1956 1613 robur
1987 1572 2180 1630 mutuari)

1344 1638 1382 1672 x,
1403 1627 1429 1665 Β

1288 1677 1442 1719 Armati
1468 1679 1645 1720 studiose
1673 1679 1854 1744 (disting.
1881 1680 1933 1723 ab
1964 1680 2106 1721 ornati.
2133 1694 2180 1721 u·

1346 1738 1526 1787 trumque
1545 1735 1596 1773 de
1612 1734 1790 1787 militib.)
1817 1732 1912 1782 xvii,
1931 1737 1956 1774 ³
2057 1732 2064 1736 ’

1288 1784 1453 1827 Armata
1469 1788 1580 1827 navis
1615 1787 1884 1842 (armamentis
1919 1786 2001 1828 sive
2035 1786 2181 1828 instru-

1345 1841 1487 1881 mentis
1516 1841 1685 1882 nauticis
1721 1843 1935 1882 instructaz
1965 1841 2108 1895 quibus
2145 1842 2180 1883 si

1339 1895 1528 1948 privatur,
1546 1897 1747 1946 exarmati,
1775 1896 1838 1936 vel
1858 1902 2055 1936 exarmata
2079 1896 2180 1937 dici-

1341 1955 1418 1992 tur.
1457 1950 1553 1990 Vid.
1585 1949 1726 1990 Senec.
1757 1956 1907 2002 patrem
1926 1950 2180 2002 proef.·contr.

1341 2017 1405 2043 vn
1432 2003 1555 2043 filium
1575 2004 1691 2057 epist.
1722 2007 1789 2046 33.
1830 2010 1872 2044 et
1907 2003 1962 2043 ibi
2001 2003 2177 2056 lipsium

1341 2072 1382 2110 x,
1418 2062 1458 2099 9.
1503 2057 1546 2098 in
1580 2058 1663 2098 Ms.
1686 2057 1847 2110 Boecl.)
1877 2064 2107 2097 armatorum
2146 2073 2175 2099 x

1339 2112 1462 2152 millia
1493 2111 1703 2166 (militum)
1731 2113 1760 2159 i,
1790 2117 1815 2152 5
1859 2111 2014 2151 armatis
2042 2124 2179 2154 ornare

1340 2179 1486 2206 navem
1514 2181 1554 2214 x,
1573 2171 1600 2207 9
1627 2167 1707 2221 (sic
1732 2166 1841 2206 Suet.
1861 2163 2056 2206 Claudio:
2091 2171 2178 2206 ‘ar-

1339 2226 1466 2261 matos
1492 2220 1627 2274 jurare
1658 2220 1701 2261 in
1732 2232 1878 2274 nomen
1908 2232 2021 2259 suum
2040 2231 2178 2273 passus

1339 2274 1412 2314 est’
2156 2274 2162 2279 '

1281 2274 1501 2367 Armatirrae
1520 2328 1616 2368 levis
1648 2327 1837 2366 maximus
1866 2327 2049 2366 numerus
2065 2327 2174 2379 (sub.

1335 2379 1528 2434 militum)
1554 2380 1634 2428 xiv,
1654 2385 1680 2421 8
1708 2386 1900 2420 armatura
1919 2386 2032 2420 vetus
2048 2379 2177 2422 Athe-

1337 2434 1534 2474 niensium
1562 2433 1617 2482 xi,
1633 2438 1657 2475 1

1282 2486 1460 2528 Armenii
1478 2489 1549 2544 (ex
1557 2487 1758 2535 Armenia,
1769 2485 1876 2526 Asiae
1887 2484 2063 2539 regione,
2076 2488 2174 2544 orti)

1335 2541 1400 2582 xiv
1444 2546 1470 2583 8
1579 2554 1581 2557 ·

1279 2573 1455 2636 Armil'lae
1474 2608 1602 2636 aureae
1629 2595 1709 2643 xiV,
1734 2598 1759 2635 3
1794 2594 1883 2649 (De
1918 2595 1996 2635 hoc
2014 2601 2172 2636 ornatus

1334 2664 1477 2703 genere
1497 2656 1587 2702 post
1605 2649 1703 2689 alios
1722 2648 1883 2688 Ruben.
1901 2648 2030 2689 Elect.
2056 2649 2085 2697 i,
2104 2654 2174 2692 38.

1332 2711 1375 2745 et
1390 2704 1491 2745 Tho.
1510 2704 1730 2743 Bartholin.
1749 2702 1940 2755 opusculo
1960 2702 2119 2758 pecul.)

1270 2758 1504 2800 Arretinum
1553 2758 1746 2812 praedium
1781 2755 1942 2812 (Attici.
1979 2757 2036 2798 sic
2069 2757 2172 2812 leg.)

1331 2827 1406 2852 xxv
1442 2817 1493 2853 14

1277 2843 1463 2920 Ardpere
1476 2865 1648 2906 studium
1675 2864 1871 2904 literarum
1902 2863 2067 2958 {magna
2089 2864 2174 2904 avi·

1332 2922 1458 2960 ditate
1485 2920 1710 2960 incumbere
1745 2919 1876 2958 studio
1923 2918 1989 2971 it.)
2018 2917 2123 2966 xxiv,
2143 2922 2169 2959 3

1332 2975 1441 3024 (Cic.
1461 2973 1504 3014 in
1523 2987 1563 3013 re
1581 2974 1720 3013 eadem
1738 2987 1748 3011 ι
1780 2971 1869 3011 ‘Sic
1887 2971 2001 3011 avide
2028 2972 2173 3025 arripui

1331 3029 1411 3068 eas'
1424 3028 1605 3081 (Graecas
1619 3025 1786 3078 literas),
1801 3025 1934 3078 ‘quasi
1946 3025 2172 3066 diuturnam

1330 3082 1596 3135 sitimexplere
1605 3079 1816 3132 cupiens.)’
1827 3078 1993 3132 arripere
2000 3080 2175 3120 celeriter

1331 3149 1420 3189 quae
1436 3137 1640 3175 traduntur
1653 3134 1727 3187 (de
1741 3134 1899 3173 solertia
1910 3133 2065 3187 ingen.)
2080 3147 2171 3181 xxv,

1333 3194 1355 3230 1
1386 3190 1454 3245 (ex
1470 3190 1627 3230 emend.
1647 3186 1825 3228 Manutii
1837 3193 1879 3226 et
1897 3187 2088 3240 plerorum
2119 3200 2170 3227 ue

1331 3244 1493 3284 aliorum
1509 3251 1522 3283 v:
1554 3244 1623 3283 sed
1642 3249 1790 3282 rectum
1807 3240 1868 3280 est
1886 3247 1898 3264 ⁶
1915 3199 2131 3295 accipere&

1275 3296 1377 3338 Ars:
1425 3304 1507 3338 arte
1555 3310 1660 3336 nova
1706 3295 1881 3348 praelium
1927 3294 2169 3334 committere

1332 3352 1458 3405 (nova
1471 3350 1620 3391 ratione
1641 3364 1651 3389 ε
1680 3348 1862 3401 singulari
1881 3346 2065 3401 invento)
2093 3348 2121 3396 i,
2141 3353 2166 3389 6

1332 3406 1431 3457 (nisi
1450 3406 1526 3446 loc.
1552 3418 1651 3445 corr.
1669 3410 1741 3442 est.
1775 3401 2014 3454 Quanquam
2040 3401 2096 3441 sic
2127 3408 2170 3442 et

1334 3460 1470 3499 Florus
1498 3460 1551 3505 iv,
1565 3463 1608 3505 2,
1623 3461 1675 3499 32
1695 3462 1707 3480 ‘
1722 3468 1824 3494 nova
1837 3454 2165 3508 Pompeianorum

1333 3521 1431 3560 arte,
1461 3512 1557 3553 actis
1577 3512 1648 3551 sub
1668 3522 1771 3550 mare
1791 3507 1977 3551 funibus:
2019 3509 2166 3561 Noster
