2306 3900
312 251 444 304 xcvi

316 383 497 423 Minuere
530 381 753 434 religionem
787 380 972 435 (violare)
1035 379 1127 428 xvii,
1159 384 1185 421 4

369 439 592 476 minuuntur
610 448 706 487 opes
735 436 802 481 vii,
823 438 873 475 10
896 455 899 459 ·

315 490 452 529 Minus
471 488 677 541 diligenter
702 489 756 536 ix,
774 493 799 528 5
839 487 967 526 minus
983 488 1083 527 bene
1101 499 1187 526 ves-

369 543 464 582 titus
491 556 530 589 v,
547 545 574 582 4
601 541 727 581 minus
745 542 948 581 diuturnus
977 540 1045 588 vii,
1062 543 1088 581 7
1118 540 1188 578 mi-

366 609 440 634 nus
469 609 518 636 ex
547 595 752 642 sententia,
767 595 863 633 ibid.
905 595 1030 633 minus
1060 592 1189 633 lucide

368 648 447 696 xvi,
467 653 491 690 1
518 649 646 687 minus
662 661 815 688 movere
831 647 962 699 aliquo
989 647 1032 695 ii,
1051 650 1078 687 4
1117 646 1192 685 rni-

366 715 440 741 nus
474 703 660 754 probatus
703 702 747 749 ii,
774 705 797 742 1
846 701 972 740 minus
1009 713 1190 752 prospere

368 756 447 802 xiv,
465 760 492 795 6
519 755 645 794 minus
663 766 840 808 prospere
854 760 968 806 gesta
985 754 1053 799 vii,
1066 758 1090 793 7
1120 753 1192 791 mi-

371 821 445 847 nus
472 809 652 848 robustus
679 807 786 854 xxiii,
805 811 857 848 10
902 805 1082 858 impediri
1112 819 1191 857 quo

366 862 498 901 minus·
521 875 562 907 v,
576 865 601 902 4
630 874 805 900 recusare
823 872 902 912 quo
926 861 1051 898 minus
1078 872 1142 906 xv,
1166 864 1192 899 8

337 924 339 929 ⁴
364 915 442 968 (In
459 915 519 954 his
536 915 754 967 negationis
771 914 897 953 vicem
913 913 1110 965 eleganter
1126 925 1193 951 ex-

371 968 455 1019 plet
471 969 556 1006 haec
570 967 758 1019 particula
772 981 784 1016 ;
809 966 852 1006 in
868 966 1088 1019 sequentib.
1107 971 1193 1003 tan-

371 1027 454 1060 tum
464 1021 642 1073 minuit).
668 1034 757 1061 cum
771 1021 911 1066 minus,
922 1032 1042 1072 -quam
1060 1018 1194 1065 vellet,

369 1080 547 1114 moveret
564 1087 654 1113 eum
680 1073 725 1122 ii,
741 1077 768 1115 4
795 1073 922 1112 minus
940 1085 1059 1124 saepe,
1078 1084 1195 1123 quam

372 1129 490 1167 vellet
534 1142 621 1175 xxv,
654 1131 708 1167 20
767 1134 923 1166 ornatus
957 1139 1038 1165 non
1070 1126 1196 1163 minus

374 1181 591 1221 concinnus
626 1181 667 1220 in
702 1181 890 1220 brevitate
920 1179 1195 1231 respondendi,

373 1247 492 1286 quam
509 1234 584 1275 ὅτε.
603 1247 667 1282 xv,
686 1239 710 1274 5
747 1247 829 1272 non
847 1234 973 1272 minus
989 1234 1113 1272 bonus
1127 1244 1198 1284 pa-

374 1288 611 1334 terfamilias,
629 1301 747 1339 quam
761 1286 856 1326 civis
869 1293 927 1326 est
939 1286 1092 1326 habitus
1109 1299 1198 1332 xxv,

376 1345 428 1382 18
447 1354 528 1380 non
540 1341 665 1380 minus
678 1340 822 1380 multos
834 1339 975 1379 amavit
990 1340 1066 1393 (sc.
1082 1352 1198 1391 quam

374 1400 524 1433 amatus
543 1401 603 1433 est
618 1407 642 1433 a
658 1393 809 1445 multis)
828 1394 894 1440 vii,
910 1398 936 1434 2
981 1406 1109 1444 neque
1127 1391 1200 1431 mi-

375 1460 448 1485 nus
466 1447 606 1486 multas
624 1449 737 1486 urbes
751 1446 913 1486 consilio
926 1448 975 1485 ad
991 1445 1199 1485 amicitiam

373 1499 630 1552 adjunxerant
651 1500 728 1554 (sc.
754 1513 870 1552 quam
887 1505 1202 1551 expugnaverant

378 1554 540 1606 multas)
567 1554 634 1600 vii,
653 1559 678 1594 5
726 1554 852 1592 minus
879 1553 1016 1592 diebus
1044 1550 1202 1604 triginta

379 1607 564 1658 (subaud.
581 1607 719 1658 quam)
746 1607 789 1653 ii,
802 1611 826 1646 5
855 1619 969 1645 nemo
988 1605 1114 1645 minus
1127 1605 1203 1643 fuit

347 1677 350 1679 >
379 1673 504 1707 emax,
523 1659 651 1699 minus
663 1660 874 1699 aedificator
891 1659 959 1698 illo
974 1658 1022 1713 (i.
1036 1671 1072 1698 e.
1084 1671 1201 1711 quam

378 1712 467 1765 ille)
494 1727 584 1760 xxv,
610 1717 661 1754 13

324 1766 492 1806 Minime
509 1782 519 1806 ε
538 1766 649 1805 dedit
665 1779 836 1818 operam,
852 1770 898 1804 ut
914 1778 1030 1817 quam
1044 1763 1202 1804 minime

378 1820 501 1859 multa
511 1820 674 1872 vestigia
686 1818 878 1860 servitutis
891 1825 1089 1859 manerent
1103 1832 1167 1865 xx,
1176 1821 1201 1858 3

325 1872 522 1914 Minutius
539 1872 635 1914 Rus.
654 1874 719 1913 M.
737 1873 783 1913 F.
810 1872 920 1921 xxiii,
938 1878 963 1913 5
992 1872 1046 1921 Q.
1064 1871 1202 1912 Minu-

379 1925 456 1968 tius
475 1927 568 1969 Cos.
596 1926 704 1973 xxiii,
719 1930 744 1967 8

323 1979 517 2020 Mirabilis
543 1980 739 2032 cupiditas
771 1979 1019 2033 (vehemens,
1042 1978 1201 2031 ingens)

377 2034 406 2081 i,
425 2039 450 2074 5
479 2035 586 2086 quod
606 2033 785 2077 omnibus
803 2032 981 2076 mirabile
998 2031 1122 2072 visum
1139 2038 1201 2071 est

378 2087 483 2133 xviii,
499 2092 523 2127 5

324 2138 559 2183 Mirabiliter
577 2140 684 2194 vulgi
705 2145 852 2179 mutata
880 2145 939 2180 est
953 2139 1132 2179 voluntas
1160 2153 1199 2186 x,

327 2247 481 2288 Mirus:
511 2247 604 2287 mira
623 2247 784 2287 comitas
802 2246 986 2300 (magna)
1013 2246 1041 2292 i,
1061 2249 1087 2286 8
1129 2244 1200 2284 mi-

379 2313 462 2338 rum
481 2302 659 2340 omnibus
677 2302 719 2339 id
738 2301 940 2341 videbatur
966 2298 1021 2346 xi,
1040 2302 1065 2338 3

327 2353 487 2392 Mirari:
517 2354 572 2392 sic
601 2367 642 2392 se
667 2353 837 2404 gerendo
855 2353 1012 2391 minime
1040 2357 1099 2389 est
1130 2349 1202 2389 mi-

380 2406 558 2452 randum,
579 2406 611 2444 si
636 2405 719 2445 vita
747 2405 832 2457 ejus
852 2418 987 2444 secura
1017 2404 1093 2442 fuit
1118 2417 1157 2450 V,
1175 2406 1202 2443 4

380 2459 445 2497 Sic
463 2472 472 2497 :
492 2471 622 2511 neque
638 2459 680 2498 id
694 2457 926 2504 mirandum,
941 2458 974 2496 si
991 2470 1072 2496 non
1089 2456 1203 2497 facile

383 2513 435 2551 ad
454 2512 692 2551 credendum
722 2512 980 2551 inducebatur
1005 2510 1060 2557 ix,
1077 2513 1102 2550 3
1149 2511 1205 2548 ait

382 2579 424 2604 se
442 2565 582 2612 mirari,
601 2578 720 2617 quare
733 2564 817 2616 jam
836 2563 991 2607 tertium
1010 2563 1114 2605 diem
1149 2563 1204 2603 sic

381 2625 578 2658 teneretur
604 2618 711 2666 xviii,
731 2622 780 2663 11

327 2671 499 2712 Miscere
527 2673 693 2725 plurima
719 2669 839 2724 coepit
863 2670 936 2725 (de
954 2669 1147 2711 seditiosis
1165 2676 1207 2710 et

380 2726 613 2766 turbulentis
645 2724 932 2778 molitionibus)
960 2724 1015 2771 iv,
1052 2728 1074 2765 1
1119 2723 1205 2777 (Sic

383 2779 521 2820 Cicero
556 2792 627 2831 pro
662 2779 754 2819 Mil.
789 2784 801 2802 ‘
819 2785 967 2832 quanto
999 2776 1067 2818 ille
1095 2777 1207 2829 plura

380 2832 596 2873 miscebat.’
626 2832 928 2872 Phaedrus'Fab.
961 2835 987 2872 2
1033 2836 1044 2854 ‘
1058 2830 1207 2870 Procax

382 2886 540 2925 libertas
577 2885 775 2926 civitatem
802 2885 983 2924 miscuit-³
1034 2884 1208 2924 Loccen.

380 2938 476 2978 Tac.
496 2939 550 2978 H.
564 2938 594 2986 i,
615 2944 683 2987 53,
701 2944 728 2981 2
755 2945 766 2963 ‘
784 2939 943 2980 Caecina
957 2951 1058 2991 oegre
1072 2951 1207 2990 passus

383 2993 543 3032 miscere
558 2999 701 3032 cuncta
716 2991 887 3045 statuit’)

329 3045 558 3086 Miseranda
574 3046 658 3085 vita
675 3043 960 3109 (deploranda)
988 3058 1027 3091 x,
1045 3047 1073 3084 9

329 3099 510 3139 Misereri
522 3099 647 3139 aetatis
663 3101 712 3154 (ι.
725 3113 762 3139 e.
775 3096 941 3151 senect.)
960 3097 1074 3144 xix‚4
1094 3097 1204 3151 (sub-

384 3153 457 3192 int.
476 3166 552 3192 vox
588 3153 760 3199 ‘causa,’
792 3159 837 3192 ut
864 3153 982 3192 docet
1001 3150 1120 3191 Voss.
1156 3152 1207 3190 de

384 3210 596 3246 construet.
613 3219 650 3247 c.
666 3205 743 3259 27)

331 3257 604 3299 Misericordia
629 3259 796 3312 alicujus
815 3257 904 3311 capi
930 3258 972 3306 ii,
992 3261 1020 3299 8
1063 3257 1209 3297 miseri·

386 3311 519 3350 cordia
536 3313 629 3352 odio
647 3311 822 3354 succedit
847 3326 888 3358 x,
909 3316 960 3352 10

332 3362 501 3402 Missum
519 3365 601 3404 fieri
620 3365 808 3419 (dimitti)
836 3364 944 3413 xviii,
964 3368 1014 3406 11

333 3414 461 3455 Missu
506 3419 693 3469 ephorum
731 3418 994 3471 (mittentibus
1035 3416 1210 3470 ephoris)

389 3468 481 3527 xvii,
498 3473 524 3513 4
588 3470 770 3513 Similiter
800 3472 954 3512 Solinus
990 3484 1026 3511 c.
1056 3476 1083 3512 2
1133 3476 1144 3494 ‘
1159 3472 1207 3510 ad

1112 257 1315 303 INDEX

1302 392 1418 432 quem
1448 379 1598 431 legatus
1626 383 1793 422 venerat
1814 377 1932 417 missu
1967 376 2126 417 Manias

1303 433 1432 486 regis,’
1449 433 1526 486 (uti
1546 433 1705 485 quidem
1722 432 1883 471 Salmas.
1894 443 1983 470 eum
1996 431 2124 471 locum

1305 486 1503 539 correxit,)
1516 494 1557 525 et
1574 485 1640 525 alii
1656 485 1808 537 passim.

1250 539 1515 586 Mithridates,
1534 537 1804 578 Ariobarzanis
1822 537 1877 576 fil.
1919 536 2000 584 xiv,
2017 540 2058 578 4.
2077 540 2130 577 10

1253 593 1596 632 Mithrobarzanes
1631 591 1710 639 xiv,
1727 596 1755 632 6

1253 645 1416 687 Mittere
1433 646 1584 698 aliquos
1602 645 1643 684 in
1661 644 1853 684 coloniam
1874 656 1913 690 v,
1927 647 1954 684 2
1982 643 2131 695 legatos

1306 699 1349 745 ii,
1363 703 1391 740 6
1435 700 1583 752 legatos
1602 700 1652 738 de
1663 698 1810 750 xaliqua
1834 710 1876 736 re
1892 697 1944 736 ad
1963 696 2141 749 aliquem·

1307 752 1386 798 xix,
1407 756 1432 792 3
1466 752 1646 803 nuntium
1664 751 1781 791 alicui
1806 751 1876 797 vii,
1893 754 1919 790 4
1947 750 2075 789 literas
2093 756 2135 789 et

1308 806 1467 844 nuntios
1497 805 1628 856 aliquo
1661 804 1893 850 consultum,
1913 809 2039 842 utrum
2057 803 2134 842 &c-

1309 857 1417 904 xvii-i,
1431 862 1459 898 6
1504 858 1593 896 Sic:
1636 857 1765 896 literas
1783 857 1959 896 Athenas
1976 856 2133 908 publice

1256 935 1259 937 >
1312 910 1430 958 misit,
1449 910 1524 950 sibi
1552 910 1724 962 proclive
1755 909 1875 948 fuisse
1902 909 1979 949 διο.
2005 909 2087 956 xiii,
2107 914 2132 949 8

1312 965 1463 1004 mittere
1499 964 1628 1003 literas
1663 964 1715 1003 ad
1751 963 1919 1026 aliquem
1955 976 2043 1008 xxv,
2079 966 2134 1003 20

1313 1017 1465 1057 mittere
1497 1017 1646 1069 aliquid
1677 1029 1828 1056 munen
1861 1016 1978 1055 alicui
2021 1015 2076 1062 iv,
2107 1021 2134 1056 2

1313 1070 1449 1110 Attico
1483 1071 1599 1117 misit,
1618 1069 1713 1122 quid
1746 1074 1878 1122 ageret
1905 1068 2136 1121 (nuntiavit,

1315 1123 1488 1177 scripsit)
1514 1138 1603 1170 xxv,
1621 1127 1676 1164 20
1722 1123 1808 1176 (Sic
1826 1123 1964 1163 Cicero
1992 1123 2043 1161 ad
2061 1122 2136 1161 ra-

1316 1177 1397 1216 mil.
1425 1178 1518 1225 xi,8
1565 1183 1576 1201 ‘
1593 1176 1708 1217 Polla
1725 1177 1845 1223 misit,
1864 1181 1908 1214 ut
1940 1176 1989 1215 ad
2018 1181 2072 1222 te,
2102 1177 2135 1215 si

1315 1232 1410 1283 quid
1436 1230 1591 1277 vellem,
1616 1231 1747 1269 darem
1774 1228 1994 1269 literarum!
2010 1235 2052 1268 et
2071 1229 2137 1267 Li-

1317 1285 1401 1323 vius
1428 1288 1482 1324 36
1511 1284 1586 1323 ‘ad
1613 1284 1677 1322 M.
1701 1282 1880 1322 Baebium
1907 1282 2023 1329 misit,
2050 1282 2137 1321 An-

1317 1338 1489 1376 tiochum
1518 1339 1560 1376 in
1588 1337 1744 1376 Italiam
1761 1336 1949 1388 impetum
1966 1335 2135 1382 fecisse,'

1317 1391 1391 1431 διο.
1411 1391 1528 1430 Adde
1555 1390 1730 1430 Gronov.
1748 1397 1832 1429 not.
1863 1390 1914 1429 ad
1942 1389 2028 1428 Liv.
2055 1389 2139 1436 viii,

1262 1470 1266 1475 -
1316 1448 1384 1484 22.
1428 1445 1493 1483 Sic
1511 1457 1668 1496 quoque
1688 1443 1859 1485 Graecor.
1891 1440 2138 1483 ἐπιστέλλειν

1319 1510 1423 1549 saepe
1452 1498 1557 1536 idem
1588 1504 1649 1536 est
1667 1509 1711 1536 ac
1730 1495 1860 1535 literas
1876 1496 1984 1543 dare,
2003 1509 2074 1548 per
2090 1497 2137 1535 li-

1317 1558 1418 1589 teras
1452 1551 1659 1590 certiorem
1677 1550 1819 1589 faeere.
1855 1549 1981 1589 Plene
1997 1549 2089 1588 alibi
2103 1550 2139 1602 ι)

1318 1604 1458 1643 eodem
1476 1609 1521 1642 ut
1538 1609 1804 1655 sequerentur,
1822 1603 1874 1642 ad
1890 1602 2138 1642 Timotheum

1319 1663 1360 1696 et
1394 1656 1630 1708 Iphicratem
1660 1657 1841 1696 nuntium
1872 1655 1977 1696 misit
2001 1656 2085 1702 xiii,
2112 1659 2138 1696 3

1318 1712 1369 1750 de
1397 1710 1516 1750 servis
1548 1710 1626 1749 suis
1651 1722 1769 1761 quem
1797 1710 1935 1749 habuit
1952 1709 2140 1748 -fidelissi-

1319 1777 1439 1810 mum,
1458 1764 1510 1803 ad
1529 1777 1659 1816 regem
1676 1763 1795 1809 misit,
1819 1768 1866 1801 ut
1891 1763 1928 1802 ei
1945 1762 2143 1803 nuntiaret

1318 1816 1392 1858 &c.
1421 1817 1463 1864 ii,
1477 1820 1503 1857 4
1532 1830 1580 1856 ex
1597 1817 1658 1855 his
1675 1816 1819 1857 delecti
1836 1815 2015 1868 Delphos
2041 1816 2142 1856 deli·

1318 1872 1495 1910 beratum
1526 1870 1632 1909 missi
1661 1876 1753 1908 sunt
1778 1869 1808 1916 i,
1843 1873 1865 1910 1
1910 1868 2019 1910 missi
2050 1876 2142 1909 sunt

1319 1925 1477 1971 delecti,
1496 1922 1565 1976 qui
1593 1922 1876 1976 Thermopylas
1905 1928 2142 1975 occuparent

1321 1977 1365 2025 ii,
1385 1981 1410 2017 3

1261 2030 1487 2084 Mitylenaei
1522 2031 1645 2070 multa
1680 2030 1803 2069 millia
1843 2029 2024 2082 jugerum
2059 2030 2142 2083 agri

1266 2109 1270 2113 ν
1317 2085 1476 2125 Pittaco
1496 2084 1646 2124 muneri
1659 2084 1798 2123 dantes
1825 2084 1953 2131 viiiva

1262 2138 1439 2178 Mixtura
1455 2138 1643 2177 virtutum
1665 2143 1707 2176 et
1724 2137 1904 2176 vitiorum
1931 2136 1973 2175 in
1992 2136 2142 2176 Pausa-

1315 2191 1384 2231 nia
1410 2192 1464 2239 iv,
1492 2194 1515 2231 1
1561 2192 1605 2230 in
1627 2189 1836 2230 Alcibiade
1881 2190 1987 2237 vii,1
2029 2189 2142 2244 (Alia

1316 2244 1492 2297 ejusdem
1519 2245 1696 2284 mixturae
1713 2243 1892 2295 exempla
1917 2242 2060 2282 videsis
2076 2253 2141 2304 ap.

1315 2298 1443 2337 Mich.
1478 2298 1646 2337 Piccart.
1694 2298 1778 2338 obs.
1828 2295 2143 2348 historico-polit.

1316 2351 1404 2393 dec·
1425 2356 1462 2392 l·
1480 2363 1516 2389 c·
1532 2350 1581 2401 8)

1263 2404 1457 2443 Mnemon
1470 2402 1701 2442 Artaxerxes
1711 2400 1875 2454 justitiae
1886 2402 1990 2442 fama
2000 2401 2142 2441 florens

1318 2458 1398 2503 xxi,
1411 2460 1434 2497 1
1479 2456 1656 2509 pepercit
1671 2455 1798 2502 matri,
1817 2455 1944 2495 uxoris
1959 2455 2142 2495 interfec-

1321 2509 1422 2555 trici,
1441 2510 1552 2552 ibid.¹

1266 2562 1431 2605 Mobilis
1445 2561 1614 2616 populus
1625 2558 1895 2615 (inconstans)
1912 2560 1994 2609 xiii,
2006 2565 2032 2602 8
2060 2574 2144 2602 mo-

1319 2617 1451 2656 bilitas
1467 2618 1634 2657 fortunae
1648 2615 1945 2669 (inconstantia,
1955 2615 2144 2669 varietas)

1320 2684 1360 2718 x,
1378 2674 1406 2711 6

1266 2724 1479 2764 Moderata
1494 2723 1577 2762 vita
1594 2721 1813 2775 (civilitatis
1836 2721 1995 2761 nomine
2011 2727 2054 2762 et
2073 2722 2145 2762 bo·

1322 2778 1471 2824 nitatis,
1489 2789 1607 2829 quam
1625 2775 1719 2815 alibi
1737 2774 1872 2826 vocat)
1899 2775 1981 2822 xiii,
1999 2779 2026 2816 4

1267 2832 1475 2872 Moderate
1493 2832 1590 2870 ferre
1602 2829 1739 2882 (aequo
1757 2829 1902 2876 animo,
1919 2841 2001 2868 non
2017 2828 2144 2881 impa-

1325 2883 1487 2936 tienter)
1516 2897 1579 2930 xx,
1597 2886 1625 2923 4
1902 2907 1904 2910 -

1268 2937 1494 2978 Moderatio
1512 2936 1574 2990 (in
1592 2937 1695 2975 omni
1723 2937 1830 2976 cultu
1848 2934 1955 2988 scil.)
1981 2948 2071 2983 xxv,
2089 2938 2141 2976 14

1264 2992 1478 3031 Modestus
1497 2988 1679 3040 (κόσμιος
1699 2987 1899 3041 Lambin.)
1928 3002 1990 3036 xv,
2009 2992 2034 3028 3

1267 3045 1472 3084 Modestia
1501 3043 1646 3095 (civilis
1664 3041 1939 3094 communique
1956 3041 2086 3081 sensui
2102 3046 2143 3080 et

1323 3098 1476 3150 legibus
1493 3110 1712 3149 congruens
1730 3097 1882 3138 animus
1901 3094 2089 3147 intellig.)
2116 3094 2144 3139 i,

1325 3155 1348 3192 1
1391 3150 1464 3203 (de
1493 3149 1681 3190 civilitate
1701 3148 1880 3202 obsequii
1897 3149 1941 3188 in
1967 3148 2144 3201 patriam.

1322 3204 1415 3252 xvii,
1429 3208 1468 3244 4.
1497 3202 1700 3257 Boecler.)

1268 3257 1401 3297 Modii
1420 3263 1568 3310 septem
1592 3257 1744 3297 faciunt
1768 3255 2004 3295 medimnum
2018 3251 2143 3291 Athe-

1324 3311 1496 3350 niensem
1532 3323 1622 3357 xxv,
1657 3314 1684 3351 2
1729 3309 1816 3363 (Sic
1851 3308 1954 3348 enim
1988 3305 2143 3357 legend.

1323 3365 1425 3404 Sane
1439 3363 1555 3406 Alex.
1572 3365 1623 3403 ab
1639 3363 1754 3403 Alex.
1781 3361 1827 3409 ii,
1839 3365 1906 3402 20.
1932 3359 1988 3398 ita
2005 3358 2144 3397 distin-

1325 3417 1434 3470 guit:
1465 3422 1510 3456 ut
1526 3422 1538 3440 ‘
1553 3416 1716 3458 modios’
1742 3414 1900 3467 quidem
1938 3417 1950 3436 ‘
1967 3425 2032 3452 sex
2061 3425 2142 3450 me-

1325 3470 1512 3513 dimnum'
1531 3470 1656 3510 facere
1673 3483 1686 3520 5
1715 3465 1996 3509 Atheniensem
2013 3470 2143 3505 autem
