<?xml version="1.0" encoding="UTF-8"?>
<!DOCTYPE html PUBLIC "-//W3C//DTD XHTML 1.0 Transitional//EN"
    "http://www.w3.org/TR/xhtml1/DTD/xhtml1-transitional.dtd">
<html xmlns="http://www.w3.org/1999/xhtml" xml:lang="en" lang="en">
 <head>
  <title>
</title>
<meta http-equiv="Content-Type" content="text/html;charset=utf-8" />
  <meta name='ocr-system' content='tesseract 3.04.00' />
  <meta name='ocr-capabilities' content='ocr_page ocr_carea ocr_par ocr_line ocrx_word'/>
</head>
<body>
  <div class='ocr_page' id='page_1' title='image "./vitaeexcellentiu02nepouoft_0305.png"; bbox 0 0 2306 3900; ppageno 0'>
   <div class='ocr_carea' id='block_1_1' title="bbox 759 284 1995 338">
    <p class='ocr_par' dir='ltr' id='par_1_1' title="bbox 759 284 1995 338">
     <span class='ocr_line' id='line_1_1' title="bbox 759 284 1995 338; baseline -0.002 -1"><span class='ocrx_word' id='word_1_1' title='bbox 759 299 1059 338; x_wconf 62' lang='lat' dir='ltr'><strong>consumi</strong></span> <span class='ocrx_word' id='word_1_2' title='bbox 1103 298 1390 338; x_wconf 72' lang='lat' dir='ltr'><strong>Nuro&#39;ris.</strong></span> <span class='ocrx_word' id='word_1_3' title='bbox 1885 284 1995 336; x_wconf 76' lang='lat'><strong>727</strong></span> 
     </span>
    </p>
   </div>
   <div class='ocr_carea' id='block_1_2' title="bbox 160 422 2009 3564">
    <p class='ocr_par' dir='ltr' id='par_1_2' title="bbox 224 422 1996 638">
     <span class='ocr_line' id='line_1_2' title="bbox 224 422 1996 490; baseline -0.002 -14"><span class='ocrx_word' id='word_1_4' title='bbox 224 427 333 490; x_wconf 83' lang='lat' dir='ltr'><strong>ejus</strong></span> <span class='ocrx_word' id='word_1_5' title='bbox 376 426 554 476; x_wconf 86' lang='lat' dir='ltr'><strong>edeudi</strong></span> <span class='ocrx_word' id='word_1_6' title='bbox 594 433 755 489; x_wconf 83' lang='lat' dir='ltr'><strong>partes</strong></span> <span class='ocrx_word' id='word_1_7' title='bbox 795 423 1014 481; x_wconf 80' lang='lat' dir='ltr'><strong>dederat,</strong></span> <span class='ocrx_word' id='word_1_8' title='bbox 1038 424 1347 489; x_wconf 62' lang='lat' dir='ltr'><strong>negligentiae¹</strong></span> <span class='ocrx_word' id='word_1_9' title='bbox 1370 424 1565 473; x_wconf 83' lang='lat' dir='ltr'><strong>nomine</strong></span> <span class='ocrx_word' id='word_1_10' title='bbox 1589 422 1857 473; x_wconf 83' lang='lat' dir='ltr'><strong>accusandi</strong></span> <span class='ocrx_word' id='word_1_11' title='bbox 1883 422 1996 472; x_wconf 86' lang='lat' dir='ltr'><strong>fuis·</strong></span> 
     </span>
     <span class='ocr_line' id='line_1_3' title="bbox 228 502 1996 571; baseline -0.003 -14"><span class='ocrx_word' id='word_1_12' title='bbox 228 516 352 557; x_wconf 83' lang='lat' dir='ltr'><strong>sent.</strong></span> <span class='ocrx_word' id='word_1_13' title='bbox 425 508 597 571; x_wconf 82' lang='lat' dir='ltr'><strong>Itaque</strong></span> <span class='ocrx_word' id='word_1_14' title='bbox 638 514 929 570; x_wconf 76' lang='lat' dir='ltr'><strong>apparatum</strong></span> <span class='ocrx_word' id='word_1_15' title='bbox 975 523 1118 554; x_wconf 89' lang='lat' dir='ltr'><strong>suum</strong></span> <span class='ocrx_word' id='word_1_16' title='bbox 1153 505 1266 554; x_wconf 89' lang='lat' dir='ltr'><strong>dein</strong></span> <span class='ocrx_word' id='word_1_17' title='bbox 1308 502 1483 570; x_wconf 83' lang='lat' dir='ltr'><strong>legavit</strong></span> <span class='ocrx_word' id='word_1_18' title='bbox 1521 507 1603 556; x_wconf 85' lang='lat' dir='ltr'><strong>Jo.</strong></span> <span class='ocrx_word' id='word_1_19' title='bbox 1644 505 1801 554; x_wconf 88' lang='lat' dir='ltr'><strong>Andr.</strong></span> <span class='ocrx_word' id='word_1_20' title='bbox 1848 505 1996 554; x_wconf 72' lang='lat' dir='ltr'><strong>Bosio</strong></span> 
     </span>
     <span class='ocr_line' id='line_1_4' title="bbox 225 587 680 638; baseline 0 -2"><span class='ocrx_word' id='word_1_21' title='bbox 225 589 403 638; x_wconf 80' lang='lat' dir='ltr'><strong>rectius</strong></span> <span class='ocrx_word' id='word_1_22' title='bbox 429 587 680 636; x_wconf 88' lang='lat' dir='ltr'><strong>utendum.</strong></span> 
     </span>
    </p>

    <p class='ocr_par' dir='ltr' id='par_1_3' title="bbox 166 666 2001 895">
     <span class='ocr_line' id='line_1_5' title="bbox 166 666 1997 732; baseline -0.003 -13"><span class='ocrx_word' id='word_1_23' title='bbox 166 668 293 726; x_wconf 78' lang='lat'>1⁵69</span> <span class='ocrx_word' id='word_1_24' title='bbox 319 668 529 725; x_wconf 88' lang='lat' dir='ltr'><strong>Parisiis,</strong></span> <span class='ocrx_word' id='word_1_25' title='bbox 555 676 604 717; x_wconf 78' lang='lat'><strong>4.</strong></span> <span class='ocrx_word' id='word_1_26' title='bbox 641 668 859 717; x_wconf 86' lang='lat' dir='ltr'><strong>Cornelii</strong></span> <span class='ocrx_word' id='word_1_27' title='bbox 898 667 1107 732; x_wconf 81' lang='lat' dir='ltr'>Nepotis</span> <span class='ocrx_word' id='word_1_28' title='bbox 1146 683 1232 720; x_wconf 82' lang='lat' dir='ltr'><strong>seu</strong></span> <span class='ocrx_word' id='word_1_29' title='bbox 1269 666 1445 716; x_wconf 89' lang='lat' dir='ltr'><strong>AEmilii</strong></span> <span class='ocrx_word' id='word_1_30' title='bbox 1481 667 1628 715; x_wconf 88' lang='lat' dir='ltr'>Probi</span> <span class='ocrx_word' id='word_1_31' title='bbox 1664 667 1788 715; x_wconf 85' lang='lat' dir='ltr'><strong>liber</strong></span> <span class='ocrx_word' id='word_1_32' title='bbox 1810 666 1874 715; x_wconf 89' lang='lat' dir='ltr'><strong>de</strong></span> <span class='ocrx_word' id='word_1_33' title='bbox 1897 666 1997 715; x_wconf 84' lang='lat' dir='ltr'><strong>vita</strong></span> 
     </span>
     <span class='ocr_line' id='line_1_6' title="bbox 226 746 2001 814; baseline -0.003 -16"><span class='ocrx_word' id='word_1_34' title='bbox 226 748 566 798; x_wconf 82' lang='lat' dir='ltr'><strong>excellentium</strong></span> <span class='ocrx_word' id='word_1_35' title='bbox 606 746 980 814; x_wconf 80' lang='lat' dir='ltr'><strong>Imperatorum,</strong></span> <span class='ocrx_word' id='word_1_36' title='bbox 1023 766 1052 798; x_wconf 90' lang='lat' dir='ltr'><strong>a</strong></span> <span class='ocrx_word' id='word_1_37' title='bbox 1093 748 1330 814; x_wconf 81' lang='lat' dir='ltr'><strong>Dionysio</strong></span> <span class='ocrx_word' id='word_1_38' title='bbox 1370 747 1609 797; x_wconf 88' lang='lat' dir='ltr'><strong>Lambino</strong></span> <span class='ocrx_word' id='word_1_39' title='bbox 1630 747 1857 812; x_wconf 86' lang='lat' dir='ltr'><strong>pluribus</strong></span> <span class='ocrx_word' id='word_1_40' title='bbox 1880 747 2001 796; x_wconf 83' lang='lat' dir='ltr'><strong>locis</strong></span> 
     </span>
     <span class='ocr_line' id='line_1_7' title="bbox 222 828 1892 895; baseline 0 -17"><span class='ocrx_word' id='word_1_41' title='bbox 222 829 507 879; x_wconf 83' lang='lat' dir='ltr'><strong>emendatus</strong></span> <span class='ocrx_word' id='word_1_42' title='bbox 529 838 582 879; x_wconf 89' lang='lat' dir='ltr'><strong>et</strong></span> <span class='ocrx_word' id='word_1_43' title='bbox 604 831 880 880; x_wconf 87' lang='lat' dir='ltr'><strong>Comment.</strong></span> <span class='ocrx_word' id='word_1_44' title='bbox 905 830 1192 895; x_wconf 85' lang='lat' dir='ltr'><strong>explicatus.</strong></span> <span class='ocrx_word' id='word_1_45' title='bbox 1231 828 1438 879; x_wconf 86' lang='lat' dir='ltr'><strong>Lutetiae</strong></span> <span class='ocrx_word' id='word_1_46' title='bbox 1464 844 1545 893; x_wconf 85' lang='lat' dir='ltr'><strong>ap.</strong></span> <span class='ocrx_word' id='word_1_47' title='bbox 1570 830 1892 878; x_wconf 87' lang='lat' dir='ltr'><strong>Benenatum.</strong></span> 
     </span>
    </p>

    <p class='ocr_par' dir='ltr' id='par_1_4' title="bbox 165 906 1999 1056">
     <span class='ocr_line' id='line_1_8' title="bbox 165 906 1999 975; baseline -0.002 -16"><span class='ocrx_word' id='word_1_48' title='bbox 165 917 257 966; x_wconf 92' lang='grc'>157</span> <span class='ocrx_word' id='word_1_49' title='bbox 262 918 291 962; x_wconf 80' lang='lat'>2</span> <span class='ocrx_word' id='word_1_50' title='bbox 318 911 516 960; x_wconf 90' lang='lat' dir='ltr'><strong>Heurici</strong></span> <span class='ocrx_word' id='word_1_51' title='bbox 557 911 793 975; x_wconf 82' lang='lat' dir='ltr'><strong>Stephani</strong></span> <span class='ocrx_word' id='word_1_52' title='bbox 835 926 900 962; x_wconf 88' lang='lat'><strong>11.</strong></span> <span class='ocrx_word' id='word_1_53' title='bbox 939 919 986 961; x_wconf 79' lang='lat'><strong>8.</strong></span> <span class='ocrx_word' id='word_1_54' title='bbox 1023 928 1138 961; x_wconf 89' lang='lat' dir='ltr'><strong>cum</strong></span> <span class='ocrx_word' id='word_1_55' title='bbox 1162 910 1268 960; x_wconf 86' lang='lat' dir='ltr'><strong>vitis</strong></span> <span class='ocrx_word' id='word_1_56' title='bbox 1292 909 1545 960; x_wconf 72' lang='lat' dir='ltr'><strong>Plutarchi</strong></span> <span class='ocrx_word' id='word_1_57' title='bbox 1569 909 1773 968; x_wconf 82' lang='lat' dir='ltr'><strong>Latinis,</strong></span> <span class='ocrx_word' id='word_1_58' title='bbox 1801 906 1999 957; x_wconf 75' lang='lat' dir='ltr'><strong>Lambi-</strong></span> 
     </span>
     <span class='ocr_line' id='line_1_9' title="bbox 229 993 841 1056; baseline 0.005 -17"><span class='ocrx_word' id='word_1_59' title='bbox 229 1008 345 1040; x_wconf 86' lang='lat' dir='ltr'><strong>num</strong></span> <span class='ocrx_word' id='word_1_60' title='bbox 372 993 581 1042; x_wconf 80' lang='lat' dir='ltr'>maxime</span> <span class='ocrx_word' id='word_1_61' title='bbox 603 993 841 1056; x_wconf 89' lang='lat' dir='ltr'><strong>sequitur.</strong></span> 
     </span>
    </p>

    <p class='ocr_par' dir='ltr' id='par_1_5' title="bbox 165 1057 1743 1130">
     <span class='ocr_line' id='line_1_10' title="bbox 165 1057 1743 1130; baseline 0.001 -11"><span class='ocrx_word' id='word_1_62' title='bbox 165 1077 292 1127; x_wconf 82' lang='lat'>1573</span> <span class='ocrx_word' id='word_1_63' title='bbox 319 1072 536 1130; x_wconf 67' lang='lat' dir='ltr'><strong>Basileus,</strong></span> <span class='ocrx_word' id='word_1_64' title='bbox 562 1071 647 1122; x_wconf 89' lang='lat' dir='ltr'><strong>fol.</strong></span> <span class='ocrx_word' id='word_1_65' title='bbox 676 1089 789 1122; x_wconf 90' lang='lat' dir='ltr'><strong>cum</strong></span> <span class='ocrx_word' id='word_1_66' title='bbox 816 1072 1063 1121; x_wconf 79' lang='lat' dir='ltr'>Plutarchi</span> <span class='ocrx_word' id='word_1_67' title='bbox 1091 1073 1201 1122; x_wconf 85' lang='lat' dir='ltr'><strong>vitis</strong></span> <span class='ocrx_word' id='word_1_68' title='bbox 1228 1072 1440 1122; x_wconf 86' lang='lat' dir='ltr'><strong>virorum</strong></span> <span class='ocrx_word' id='word_1_69' title='bbox 1465 1057 1743 1122; x_wconf 70' lang='lat' dir='ltr'><strong>illustrium.</strong></span> 
     </span>
    </p>

    <p class='ocr_par' dir='ltr' id='par_1_6' title="bbox 167 1152 1359 1218">
     <span class='ocr_line' id='line_1_11' title="bbox 167 1152 1359 1218; baseline 0.001 -19"><span class='ocrx_word' id='word_1_70' title='bbox 167 1157 293 1207; x_wconf 88' lang='grc'>1577</span> <span class='ocrx_word' id='word_1_71' title='bbox 319 1152 642 1210; x_wconf 85' lang='lat' dir='ltr'><strong>Francofurti,</strong></span> <span class='ocrx_word' id='word_1_72' title='bbox 669 1161 718 1201; x_wconf 78' lang='lat'><strong>4.</strong></span> <span class='ocrx_word' id='word_1_73' title='bbox 744 1169 803 1200; x_wconf 86' lang='lat' dir='ltr'><strong>ex</strong></span> <span class='ocrx_word' id='word_1_74' title='bbox 824 1169 920 1201; x_wconf 87' lang='lat' dir='ltr'><strong>rec.</strong></span> <span class='ocrx_word' id='word_1_75' title='bbox 947 1153 1100 1201; x_wconf 78' lang='lat' dir='ltr'><strong>Nath.</strong></span> <span class='ocrx_word' id='word_1_76' title='bbox 1124 1153 1359 1218; x_wconf 79' lang='lat' dir='ltr'><strong>Chytraei.</strong></span> 
     </span>
    </p>

    <p class='ocr_par' dir='ltr' id='par_1_7' title="bbox 160 1231 2005 1764">
     <span class='ocr_line' id='line_1_12' title="bbox 160 1231 2001 1293; baseline 0.001 -15"><span class='ocrx_word' id='word_1_77' title='bbox 160 1231 441 1293; x_wconf 86' lang='lat' dir='ltr'><strong>-(Duaci,</strong></span> <span class='ocrx_word' id='word_1_78' title='bbox 468 1239 518 1281; x_wconf 81' lang='lat'><strong>4.</strong></span> <span class='ocrx_word' id='word_1_79' title='bbox 545 1232 607 1280; x_wconf 89' lang='lat' dir='ltr'><strong>de</strong></span> <span class='ocrx_word' id='word_1_80' title='bbox 644 1232 757 1280; x_wconf 88' lang='lat' dir='ltr'><strong>viris</strong></span> <span class='ocrx_word' id='word_1_81' title='bbox 796 1232 1067 1281; x_wconf 80' lang='lat' dir='ltr'><strong>illustribus</strong></span> <span class='ocrx_word' id='word_1_82' title='bbox 1106 1233 1238 1282; x_wconf 87' lang='lat' dir='ltr'><strong>urbis</strong></span> <span class='ocrx_word' id='word_1_83' title='bbox 1274 1235 1444 1282; x_wconf 76' lang='lat' dir='ltr'><strong>Romoe</strong></span> <span class='ocrx_word' id='word_1_84' title='bbox 1471 1232 1546 1280; x_wconf 70' lang='lat' dir='ltr'><strong>‘ab</strong></span> <span class='ocrx_word' id='word_1_85' title='bbox 1589 1231 1749 1281; x_wconf 88' lang='lat' dir='ltr'>Andr.</span> <span class='ocrx_word' id='word_1_86' title='bbox 1792 1231 2001 1280; x_wconf 88' lang='lat' dir='ltr'><strong>Schotto</strong></span> 
     </span>
     <span class='ocr_line' id='line_1_13' title="bbox 229 1311 2003 1379; baseline 0.001 -21"><span class='ocrx_word' id='word_1_87' title='bbox 229 1311 512 1360; x_wconf 86' lang='lat' dir='ltr'><strong>emendatus</strong></span> <span class='ocrx_word' id='word_1_88' title='bbox 552 1321 602 1362; x_wconf 86' lang='lat' dir='ltr'><strong>et</strong></span> <span class='ocrx_word' id='word_1_89' title='bbox 647 1316 868 1373; x_wconf 88' lang='lat' dir='ltr'><strong>auctus.)</strong></span> <span class='ocrx_word' id='word_1_90' title='bbox 911 1314 1122 1363; x_wconf 88' lang='lat' dir='ltr'><strong>Libellus</strong></span> <span class='ocrx_word' id='word_1_91' title='bbox 1163 1315 1259 1372; x_wconf 88' lang='lat' dir='ltr'><strong>hic,</strong></span> <span class='ocrx_word' id='word_1_92' title='bbox 1300 1315 1385 1379; x_wconf 89' lang='lat' dir='ltr'><strong>qui</strong></span> <span class='ocrx_word' id='word_1_93' title='bbox 1427 1321 1570 1363; x_wconf 85' lang='lat' dir='ltr'><strong>autea</strong></span> <span class='ocrx_word' id='word_1_94' title='bbox 1614 1314 1691 1361; x_wconf 86' lang='lat' dir='ltr'><strong>vel</strong></span> <span class='ocrx_word' id='word_1_95' title='bbox 1735 1312 1878 1361; x_wconf 89' lang='lat' dir='ltr'><strong>Plinii</strong></span> <span class='ocrx_word' id='word_1_96' title='bbox 1926 1312 2003 1360; x_wconf 88' lang='lat' dir='ltr'><strong>vel</strong></span> 
     </span>
     <span class='ocr_line' id='line_1_14' title="bbox 227 1392 2003 1457; baseline 0.001 -19"><span class='ocrx_word' id='word_1_97' title='bbox 227 1393 373 1440; x_wconf 90' lang='lat' dir='ltr'><strong>Corn.</strong></span> <span class='ocrx_word' id='word_1_98' title='bbox 410 1394 620 1457; x_wconf 84' lang='lat' dir='ltr'><strong>Nepotis</strong></span> <span class='ocrx_word' id='word_1_99' title='bbox 656 1393 850 1442; x_wconf 87' lang='lat' dir='ltr'><strong>nomine</strong></span> <span class='ocrx_word' id='word_1_100' title='bbox 892 1395 1053 1442; x_wconf 88' lang='lat' dir='ltr'><strong>venire</strong></span> <span class='ocrx_word' id='word_1_101' title='bbox 1091 1394 1297 1452; x_wconf 84' lang='lat' dir='ltr'><strong>solebat,</strong></span> <span class='ocrx_word' id='word_1_102' title='bbox 1341 1394 1577 1443; x_wconf 85' lang='lat' dir='ltr'><strong>Schottus</strong></span> <span class='ocrx_word' id='word_1_103' title='bbox 1614 1399 1734 1442; x_wconf 81' lang='lat' dir='ltr'><strong>vett.</strong></span> <span class='ocrx_word' id='word_1_104' title='bbox 1767 1392 2003 1441; x_wconf 83' lang='lat' dir='ltr'><strong>librorum</strong></span> 
     </span>
     <span class='ocr_line' id='line_1_15' title="bbox 226 1470 2005 1524; baseline 0.001 -4"><span class='ocrx_word' id='word_1_105' title='bbox 226 1470 326 1521; x_wconf 80' lang='lat' dir='ltr'><strong>fide</strong></span> <span class='ocrx_word' id='word_1_106' title='bbox 349 1481 401 1522; x_wconf 89' lang='lat' dir='ltr'><strong>et</strong></span> <span class='ocrx_word' id='word_1_107' title='bbox 417 1474 656 1521; x_wconf 87' lang='lat' dir='ltr'><strong>rationum</strong></span> <span class='ocrx_word' id='word_1_108' title='bbox 684 1474 942 1522; x_wconf 86' lang='lat' dir='ltr'><strong>momentis</strong></span> <span class='ocrx_word' id='word_1_109' title='bbox 966 1473 1230 1523; x_wconf 83' lang='lat' dir='ltr'><strong>vindicavit</strong></span> <span class='ocrx_word' id='word_1_110' title='bbox 1261 1476 1315 1523; x_wconf 91' lang='lat' dir='ltr'><strong>S.</strong></span> <span class='ocrx_word' id='word_1_111' title='bbox 1344 1477 1466 1524; x_wconf 90' lang='lat' dir='ltr'><strong>Aur.</strong></span> <span class='ocrx_word' id='word_1_112' title='bbox 1486 1475 1692 1524; x_wconf 84' lang='lat' dir='ltr'><strong>Victori.</strong></span> <span class='ocrx_word' id='word_1_113' title='bbox 1717 1473 1812 1523; x_wconf 85' lang='lat' dir='ltr'><strong>Sed</strong></span> <span class='ocrx_word' id='word_1_114' title='bbox 1832 1474 2005 1523; x_wconf 82' lang='lat' dir='ltr'><strong>Victor</strong></span> 
     </span>
     <span class='ocr_line' id='line_1_16' title="bbox 228 1553 2004 1618; baseline 0 -17"><span class='ocrx_word' id='word_1_115' title='bbox 228 1561 389 1601; x_wconf 90' lang='lat' dir='ltr'><strong>tamen</strong></span> <span class='ocrx_word' id='word_1_116' title='bbox 430 1553 660 1618; x_wconf 82' lang='lat' dir='ltr'><strong>pleraque</strong></span> <span class='ocrx_word' id='word_1_117' title='bbox 697 1570 756 1601; x_wconf 88' lang='lat' dir='ltr'><strong>ex</strong></span> <span class='ocrx_word' id='word_1_118' title='bbox 799 1554 1046 1603; x_wconf 89' lang='lat' dir='ltr'><strong>volumine</strong></span> <span class='ocrx_word' id='word_1_119' title='bbox 1088 1554 1299 1618; x_wconf 83' lang='lat' dir='ltr'><strong>Nepotis</strong></span> <span class='ocrx_word' id='word_1_120' title='bbox 1340 1554 1402 1604; x_wconf 91' lang='lat' dir='ltr'><strong>de</strong></span> <span class='ocrx_word' id='word_1_121' title='bbox 1442 1554 1552 1603; x_wconf 89' lang='lat' dir='ltr'><strong>viris</strong></span> <span class='ocrx_word' id='word_1_122' title='bbox 1577 1553 1840 1603; x_wconf 85' lang='lat' dir='ltr'><strong>illustribus</strong></span> <span class='ocrx_word' id='word_1_123' title='bbox 1862 1554 2004 1602; x_wconf 89' lang='lat' dir='ltr'><strong>Rom.</strong></span> 
     </span>
     <span class='ocr_line' id='line_1_17' title="bbox 226 1633 2005 1699; baseline -0.001 -17"><span class='ocrx_word' id='word_1_124' title='bbox 226 1633 518 1684; x_wconf 87' lang='lat' dir='ltr'><strong>desumsisse</strong></span> <span class='ocrx_word' id='word_1_125' title='bbox 543 1635 751 1692; x_wconf 87' lang='lat' dir='ltr'><strong>videtur,</strong></span> <span class='ocrx_word' id='word_1_126' title='bbox 778 1634 840 1683; x_wconf 88' lang='lat' dir='ltr'><strong>de</strong></span> <span class='ocrx_word' id='word_1_127' title='bbox 866 1651 964 1699; x_wconf 91' lang='lat' dir='ltr'><strong>quo</strong></span> <span class='ocrx_word' id='word_1_128' title='bbox 988 1634 1205 1684; x_wconf 82' lang='lat' dir='ltr'><strong>Vossius.</strong></span> <span class='ocrx_word' id='word_1_129' title='bbox 1228 1635 1453 1698; x_wconf 82' lang='lat' dir='ltr'><strong>Repetita</strong></span> <span class='ocrx_word' id='word_1_130' title='bbox 1477 1651 1593 1684; x_wconf 87' lang='lat' dir='ltr'><strong>vero</strong></span> <span class='ocrx_word' id='word_1_131' title='bbox 1615 1643 1689 1684; x_wconf 87' lang='lat' dir='ltr'><strong>est</strong></span> <span class='ocrx_word' id='word_1_132' title='bbox 1707 1634 1788 1683; x_wconf 87' lang='lat' dir='ltr'><strong>ed.</strong></span> <span class='ocrx_word' id='word_1_133' title='bbox 1808 1634 2005 1685; x_wconf 85' lang='lat' dir='ltr'><strong>Schotti</strong></span> 
     </span>
     <span class='ocr_line' id='line_1_18' title="bbox 226 1715 442 1764; baseline 0.005 -2"><span class='ocrx_word' id='word_1_134' title='bbox 226 1715 442 1764; x_wconf 88' lang='lat' dir='ltr'><strong>Parisiis.</strong></span> 
     </span>
    </p>

    <p class='ocr_par' dir='ltr' id='par_1_8' title="bbox 169 1795 1475 1860">
     <span class='ocr_line' id='line_1_19' title="bbox 169 1795 1475 1860; baseline 0.001 -17"><span class='ocrx_word' id='word_1_135' title='bbox 169 1801 296 1854; x_wconf 88' lang='lat'>1579</span> <span class='ocrx_word' id='word_1_136' title='bbox 322 1795 534 1853; x_wconf 87' lang='lat' dir='ltr'><strong>Parisiis,</strong></span> <span class='ocrx_word' id='word_1_137' title='bbox 558 1805 609 1846; x_wconf 78' lang='lat'><strong>4.</strong></span> <span class='ocrx_word' id='word_1_138' title='bbox 635 1813 747 1845; x_wconf 84' lang='lat' dir='ltr'><strong>cum</strong></span> <span class='ocrx_word' id='word_1_139' title='bbox 775 1798 971 1846; x_wconf 89' lang='lat' dir='ltr'><strong>Comm.</strong></span> <span class='ocrx_word' id='word_1_140' title='bbox 1001 1796 1224 1845; x_wconf 84' lang='lat' dir='ltr'><strong>Lambini</strong></span> <span class='ocrx_word' id='word_1_141' title='bbox 1250 1795 1475 1860; x_wconf 82' lang='lat' dir='ltr'><strong>repetita.</strong></span> 
     </span>
    </p>

    <p class='ocr_par' dir='ltr' id='par_1_9' title="bbox 168 1875 2007 2021">
     <span class='ocr_line' id='line_1_20' title="bbox 168 1875 2007 1940; baseline 0.002 -17"><span class='ocrx_word' id='word_1_142' title='bbox 168 1882 296 1926; x_wconf 84' lang='lat'><strong>1580</strong></span> <span class='ocrx_word' id='word_1_143' title='bbox 322 1876 643 1935; x_wconf 83' lang='lat' dir='ltr'><strong>Francosurti,</strong></span> <span class='ocrx_word' id='word_1_144' title='bbox 688 1877 775 1927; x_wconf 85' lang='lat' dir='ltr'><strong>fol.</strong></span> <span class='ocrx_word' id='word_1_145' title='bbox 803 1878 933 1928; x_wconf 82' lang='lat' dir='ltr'><strong>Vitae</strong></span> <span class='ocrx_word' id='word_1_146' title='bbox 972 1877 1101 1926; x_wconf 91' lang='lat' dir='ltr'><strong>Plut.</strong></span> <span class='ocrx_word' id='word_1_147' title='bbox 1143 1875 1366 1940; x_wconf 86' lang='lat' dir='ltr'><strong>adjectas</strong></span> <span class='ocrx_word' id='word_1_148' title='bbox 1410 1876 1594 1926; x_wconf 83' lang='lat' dir='ltr'><strong>habent</strong></span> <span class='ocrx_word' id='word_1_149' title='bbox 1633 1878 1759 1926; x_wconf 86' lang='lat' dir='ltr'><strong>AEm.</strong></span> <span class='ocrx_word' id='word_1_150' title='bbox 1793 1876 1942 1926; x_wconf 84' lang='lat' dir='ltr'><strong>Probi</strong></span> <span class='ocrx_word' id='word_1_151' title='bbox 1967 1894 2007 1926; x_wconf 83' lang='lat' dir='ltr'><strong>s.</strong></span> 
     </span>
     <span class='ocr_line' id='line_1_21' title="bbox 233 1957 788 2021; baseline 0.007 -17"><span class='ocrx_word' id='word_1_152' title='bbox 233 1957 383 2005; x_wconf 88' lang='lat' dir='ltr'><strong>Corn.</strong></span> <span class='ocrx_word' id='word_1_153' title='bbox 410 1958 620 2021; x_wconf 85' lang='lat' dir='ltr'><strong>Nepotis</strong></span> <span class='ocrx_word' id='word_1_154' title='bbox 646 1958 788 2008; x_wconf 79' lang='lat' dir='ltr'><strong>vitas,</strong></span> 
     </span>
    </p>

    <p class='ocr_par' dir='ltr' id='par_1_10' title="bbox 169 2036 2004 2185">
     <span class='ocr_line' id='line_1_22' title="bbox 169 2036 2004 2102; baseline -0.001 -15"><span class='ocrx_word' id='word_1_155' title='bbox 169 2043 291 2087; x_wconf 87' lang='grc'>1581</span> <span class='ocrx_word' id='word_1_156' title='bbox 322 2038 590 2096; x_wconf 86' lang='lat' dir='ltr'><strong>Lemovici,</strong></span> <span class='ocrx_word' id='word_1_157' title='bbox 619 2046 666 2089; x_wconf 90' lang='lat'><strong>8.</strong></span> <span class='ocrx_word' id='word_1_158' title='bbox 693 2039 846 2087; x_wconf 87' lang='lat' dir='ltr'><strong>Attici</strong></span> <span class='ocrx_word' id='word_1_159' title='bbox 867 2040 968 2088; x_wconf 86' lang='lat' dir='ltr'><strong>vita</strong></span> <span class='ocrx_word' id='word_1_160' title='bbox 1004 2040 1066 2088; x_wconf 85' lang='lat' dir='ltr'><strong>ad</strong></span> <span class='ocrx_word' id='word_1_161' title='bbox 1103 2039 1288 2088; x_wconf 81' lang='lat' dir='ltr'><strong>calcem</strong></span> <span class='ocrx_word' id='word_1_162' title='bbox 1316 2039 1447 2102; x_wconf 89' lang='lat' dir='ltr'><strong>Epp.</strong></span> <span class='ocrx_word' id='word_1_163' title='bbox 1472 2038 1582 2088; x_wconf 88' lang='lat' dir='ltr'><strong>Cic.</strong></span> <span class='ocrx_word' id='word_1_164' title='bbox 1607 2036 1670 2087; x_wconf 88' lang='lat' dir='ltr'><strong>ad</strong></span> <span class='ocrx_word' id='word_1_165' title='bbox 1697 2036 1920 2087; x_wconf 81' lang='lat' dir='ltr'><strong>Atticum</strong></span> <span class='ocrx_word' id='word_1_166' title='bbox 1943 2052 2004 2086; x_wconf 87' lang='lat' dir='ltr'><strong>ex</strong></span> 
     </span>
     <span class='ocr_line' id='line_1_23' title="bbox 230 2119 846 2185; baseline 0.005 -19"><span class='ocrx_word' id='word_1_167' title='bbox 230 2134 329 2166; x_wconf 87' lang='lat' dir='ltr'><strong>rec.</strong></span> <span class='ocrx_word' id='word_1_168' title='bbox 355 2119 473 2168; x_wconf 89' lang='lat' dir='ltr'><strong>Sim.</strong></span> <span class='ocrx_word' id='word_1_169' title='bbox 502 2119 633 2167; x_wconf 86' lang='lat' dir='ltr'><strong>Bosii</strong></span> <span class='ocrx_word' id='word_1_170' title='bbox 656 2120 846 2185; x_wconf 88' lang='lat' dir='ltr'><strong>legitur.</strong></span> 
     </span>
    </p>

    <p class='ocr_par' dir='ltr' id='par_1_11' title="bbox 171 2201 1995 2274">
     <span class='ocr_line' id='line_1_24' title="bbox 171 2201 1995 2267; baseline 0.002 -21"><span class='ocrx_word' id='word_1_171' title='bbox 171 2205 296 2250; x_wconf 76' lang='lat'><strong>1582</strong></span> <span class='ocrx_word' id='word_1_172' title='bbox 323 2201 626 2265; x_wconf 82' lang='lat' dir='ltr'><strong>Antverpiae,</strong></span> <span class='ocrx_word' id='word_1_173' title='bbox 655 2209 702 2251; x_wconf 89' lang='lat'><strong>8.</strong></span> <span class='ocrx_word' id='word_1_174' title='bbox 729 2202 897 2251; x_wconf 84' lang='lat' dir='ltr'><strong>eadem</strong></span> <span class='ocrx_word' id='word_1_175' title='bbox 924 2203 972 2250; x_wconf 88' lang='lat' dir='ltr'><strong>in</strong></span> <span class='ocrx_word' id='word_1_176' title='bbox 1002 2204 1133 2267; x_wconf 87' lang='lat' dir='ltr'><strong>Epp.</strong></span> <span class='ocrx_word' id='word_1_177' title='bbox 1159 2201 1221 2250; x_wconf 88' lang='lat' dir='ltr'><strong>ad</strong></span> <span class='ocrx_word' id='word_1_178' title='bbox 1247 2202 1489 2251; x_wconf 82' lang='lat' dir='ltr'><strong>Atticum.</strong></span> <span class='ocrx_word' id='word_1_179' title='bbox 1989 2243 1995 2251; x_wconf 89' lang='lat'><strong>.</strong></span> 
     </span>
    </p>

    <p class='ocr_par' dir='ltr' id='par_1_12' title="bbox 170 2282 2002 2348">
     <span class='ocr_line' id='line_1_25' title="bbox 170 2282 2002 2348; baseline 0.002 -18"><span class='ocrx_word' id='word_1_180' title='bbox 170 2286 297 2338; x_wconf 82' lang='grc'>1590</span> <span class='ocrx_word' id='word_1_181' title='bbox 323 2282 471 2330; x_wconf 83' lang='lat' dir='ltr'><strong>Bardi</strong></span> <span class='ocrx_word' id='word_1_182' title='bbox 508 2283 764 2332; x_wconf 88' lang='lat' dir='ltr'><strong>Pomeran.</strong></span> <span class='ocrx_word' id='word_1_183' title='bbox 791 2290 838 2332; x_wconf 87' lang='lat'><strong>8.</strong></span> <span class='ocrx_word' id='word_1_184' title='bbox 864 2284 976 2334; x_wconf 82' lang='lat' dir='ltr'><strong>vitae</strong></span> <span class='ocrx_word' id='word_1_185' title='bbox 1002 2283 1343 2333; x_wconf 85' lang='lat' dir='ltr'><strong>excellentium</strong></span> <span class='ocrx_word' id='word_1_186' title='bbox 1364 2283 1527 2348; x_wconf 84' lang='lat' dir='ltr'><strong>Impp.</strong></span> <span class='ocrx_word' id='word_1_187' title='bbox 1552 2298 1613 2330; x_wconf 87' lang='lat' dir='ltr'><strong>ex</strong></span> <span class='ocrx_word' id='word_1_188' title='bbox 1637 2298 1740 2331; x_wconf 89' lang='lat' dir='ltr'><strong>rec.</strong></span> <span class='ocrx_word' id='word_1_189' title='bbox 1767 2282 2002 2348; x_wconf 77' lang='lat' dir='ltr'><strong>Chytraei.</strong></span> 
     </span>
    </p>

    <p class='ocr_par' dir='ltr' id='par_1_13' title="bbox 170 2362 2007 2509">
     <span class='ocr_line' id='line_1_26' title="bbox 170 2362 2007 2434; baseline 0.002 -24"><span class='ocrx_word' id='word_1_190' title='bbox 170 2366 295 2420; x_wconf 81' lang='lat'>1592</span> <span class='ocrx_word' id='word_1_191' title='bbox 320 2362 549 2426; x_wconf 85' lang='lat' dir='ltr'><strong>Lugduni</strong></span> <span class='ocrx_word' id='word_1_192' title='bbox 588 2365 699 2413; x_wconf 89' lang='lat' dir='ltr'><strong>Bat.</strong></span> <span class='ocrx_word' id='word_1_193' title='bbox 743 2365 820 2416; x_wconf 89' lang='lat'><strong>16.</strong></span> <span class='ocrx_word' id='word_1_194' title='bbox 857 2365 904 2415; x_wconf 89' lang='lat' dir='ltr'><strong>in</strong></span> <span class='ocrx_word' id='word_1_195' title='bbox 926 2366 1058 2431; x_wconf 87' lang='lat' dir='ltr'><strong>Epp.</strong></span> <span class='ocrx_word' id='word_1_196' title='bbox 1084 2365 1191 2416; x_wconf 87' lang='lat' dir='ltr'><strong>Cic.</strong></span> <span class='ocrx_word' id='word_1_197' title='bbox 1217 2366 1280 2415; x_wconf 90' lang='lat' dir='ltr'><strong>ad</strong></span> <span class='ocrx_word' id='word_1_198' title='bbox 1306 2365 1530 2414; x_wconf 86' lang='lat' dir='ltr'><strong>Atticum</strong></span> <span class='ocrx_word' id='word_1_199' title='bbox 1555 2364 1656 2413; x_wconf 84' lang='lat' dir='ltr'><strong>vita</strong></span> <span class='ocrx_word' id='word_1_200' title='bbox 1679 2364 1788 2428; x_wconf 86' lang='lat' dir='ltr'><strong>ejus</strong></span> <span class='ocrx_word' id='word_1_201' title='bbox 1813 2365 2007 2434; x_wconf 68' lang='lat' dir='ltr'><strong>legi-tur3</strong></span> 
     </span>
     <span class='ocr_line' id='line_1_27' title="bbox 227 2442 791 2509; baseline 0.007 -19"><span class='ocrx_word' id='word_1_202' title='bbox 227 2443 301 2491; x_wconf 84' lang='lat' dir='ltr'><strong>Ex</strong></span> <span class='ocrx_word' id='word_1_203' title='bbox 326 2442 458 2494; x_wconf 89' lang='lat' dir='ltr'><strong>offic.</strong></span> <span class='ocrx_word' id='word_1_204' title='bbox 485 2444 791 2509; x_wconf 85' lang='lat' dir='ltr'><strong>Rapbeleng.</strong></span> 
     </span>
    </p>

    <p class='ocr_par' dir='ltr' id='par_1_14' title="bbox 168 2524 1838 2590">
     <span class='ocr_line' id='line_1_28' title="bbox 168 2524 1838 2590; baseline 0.002 -20"><span class='ocrx_word' id='word_1_205' title='bbox 168 2527 295 2579; x_wconf 79' lang='lat'>1593</span> <span class='ocrx_word' id='word_1_206' title='bbox 321 2524 628 2589; x_wconf 83' lang='lat' dir='ltr'><strong>Ingolstadii.</strong></span> <span class='ocrx_word' id='word_1_207' title='bbox 655 2526 912 2590; x_wconf 87' lang='lat' dir='ltr'><strong>Scboppio</strong></span> <span class='ocrx_word' id='word_1_208' title='bbox 938 2533 1234 2575; x_wconf 87' lang='lat' dir='ltr'><strong>memoratur</strong></span> <span class='ocrx_word' id='word_1_209' title='bbox 1256 2527 1304 2575; x_wconf 92' lang='lat' dir='ltr'><strong>in</strong></span> <span class='ocrx_word' id='word_1_210' title='bbox 1331 2526 1467 2576; x_wconf 88' lang='lat' dir='ltr'><strong>libris</strong></span> <span class='ocrx_word' id='word_1_211' title='bbox 1493 2525 1838 2575; x_wconf 87' lang='lat' dir='ltr'><strong>verisimilium.</strong></span> 
     </span>
    </p>

    <p class='ocr_par' dir='ltr' id='par_1_15' title="bbox 169 2604 1196 2672">
     <span class='ocr_line' id='line_1_29' title="bbox 169 2604 1196 2672; baseline 0.005 -20"><span class='ocrx_word' id='word_1_212' title='bbox 169 2609 298 2661; x_wconf 87' lang='lat'>1594</span> <span class='ocrx_word' id='word_1_213' title='bbox 325 2604 470 2654; x_wconf 89' lang='lat' dir='ltr'><strong>Bardi</strong></span> <span class='ocrx_word' id='word_1_214' title='bbox 493 2605 748 2656; x_wconf 86' lang='lat' dir='ltr'><strong>Pomeran.</strong></span> <span class='ocrx_word' id='word_1_215' title='bbox 778 2614 824 2658; x_wconf 87' lang='lat'><strong>8.</strong></span> <span class='ocrx_word' id='word_1_216' title='bbox 850 2607 1066 2672; x_wconf 80' lang='lat' dir='ltr'><strong>Chytraei</strong></span> <span class='ocrx_word' id='word_1_217' title='bbox 1090 2624 1196 2672; x_wconf 88' lang='lat' dir='ltr'><strong>rep.</strong></span> 
     </span>
    </p>

    <p class='ocr_par' dir='ltr' id='par_1_16' title="bbox 170 2683 971 2751">
     <span class='ocr_line' id='line_1_30' title="bbox 170 2683 971 2751; baseline 0.005 -20"><span class='ocrx_word' id='word_1_218' title='bbox 170 2683 299 2733; x_wconf 90' lang='lat'>1600</span> <span class='ocrx_word' id='word_1_219' title='bbox 319 2684 510 2750; x_wconf 87' lang='lat' dir='ltr'><strong>Tiguri.</strong></span> <span class='ocrx_word' id='word_1_220' title='bbox 535 2686 619 2749; x_wconf 89' lang='lat' dir='ltr'><strong>(de</strong></span> <span class='ocrx_word' id='word_1_221' title='bbox 642 2687 752 2736; x_wconf 85' lang='lat' dir='ltr'><strong>viris</strong></span> <span class='ocrx_word' id='word_1_222' title='bbox 773 2687 971 2751; x_wconf 87' lang='lat' dir='ltr'><strong>illustr.)</strong></span> 
     </span>
    </p>

    <p class='ocr_par' dir='ltr' id='par_1_17' title="bbox 170 2764 2006 2835">
     <span class='ocr_line' id='line_1_31' title="bbox 170 2764 2006 2835; baseline 0.004 -22"><span class='ocrx_word' id='word_1_223' title='bbox 170 2764 298 2817; x_wconf 80' lang='lat'>1602</span> <span class='ocrx_word' id='word_1_224' title='bbox 322 2766 535 2827; x_wconf 85' lang='lat' dir='ltr'><strong>Parisiis,</strong></span> <span class='ocrx_word' id='word_1_225' title='bbox 564 2777 646 2821; x_wconf 74' lang='lat'><strong>24.</strong></span> <span class='ocrx_word' id='word_1_226' title='bbox 673 2785 788 2818; x_wconf 82' lang='lat' dir='ltr'><strong>cum</strong></span> <span class='ocrx_word' id='word_1_227' title='bbox 812 2769 1020 2835; x_wconf 85' lang='lat' dir='ltr'><strong>castigg.</strong></span> <span class='ocrx_word' id='word_1_228' title='bbox 1046 2779 1094 2818; x_wconf 88' lang='lat' dir='ltr'><strong>et</strong></span> <span class='ocrx_word' id='word_1_229' title='bbox 1119 2771 1246 2819; x_wconf 89' lang='lat' dir='ltr'><strong>notis</strong></span> <span class='ocrx_word' id='word_1_230' title='bbox 1267 2772 1347 2820; x_wconf 91' lang='lat' dir='ltr'><strong>Jo.</strong></span> <span class='ocrx_word' id='word_1_231' title='bbox 1373 2770 1654 2829; x_wconf 85' lang='lat' dir='ltr'><strong>Savaronis‚</strong></span> <span class='ocrx_word' id='word_1_232' title='bbox 1687 2785 1771 2834; x_wconf 78' lang='lat' dir='ltr'><strong>ap.</strong></span> <span class='ocrx_word' id='word_1_233' title='bbox 1805 2769 2006 2820; x_wconf 81' lang='lat' dir='ltr'><strong>Perrier.</strong></span> 
     </span>
    </p>

    <p class='ocr_par' dir='ltr' id='par_1_18' title="bbox 172 2843 2009 3564">
     <span class='ocr_line' id='line_1_32' title="bbox 172 2843 2007 2917; baseline 0.004 -23"><span class='ocrx_word' id='word_1_234' title='bbox 172 2843 297 2897; x_wconf 88' lang='grc'>1608</span> <span class='ocrx_word' id='word_1_235' title='bbox 327 2849 363 2896; x_wconf 90' lang='lat' dir='ltr'><strong>F</strong></span> <span class='ocrx_word' id='word_1_236' title='bbox 367 2849 635 2900; x_wconf 80' lang='lat' dir='ltr'><strong>rancofurti</strong></span> <span class='ocrx_word' id='word_1_237' title='bbox 674 2850 735 2900; x_wconf 92' lang='lat' dir='ltr'><strong>ad</strong></span> <span class='ocrx_word' id='word_1_238' title='bbox 778 2852 853 2900; x_wconf 94' lang='lat' dir='ltr'><strong>M.</strong></span> <span class='ocrx_word' id='word_1_239' title='bbox 879 2851 962 2900; x_wconf 86' lang='lat' dir='ltr'><strong>fol.</strong></span> <span class='ocrx_word' id='word_1_240' title='bbox 988 2852 1134 2902; x_wconf 86' lang='lat' dir='ltr'><strong>Corn.</strong></span> <span class='ocrx_word' id='word_1_241' title='bbox 1160 2852 1367 2917; x_wconf 90' lang='lat' dir='ltr'><strong>Nepotis</strong></span> <span class='ocrx_word' id='word_1_242' title='bbox 1393 2852 1540 2917; x_wconf 88' lang='lat' dir='ltr'><strong>vulgo</strong></span> <span class='ocrx_word' id='word_1_243' title='bbox 1564 2851 1746 2900; x_wconf 87' lang='lat' dir='ltr'><strong>AEmilii</strong></span> <span class='ocrx_word' id='word_1_244' title='bbox 1771 2851 1920 2901; x_wconf 84' lang='lat' dir='ltr'><strong>Probi</strong></span> <span class='ocrx_word' id='word_1_245' title='bbox 1943 2852 2007 2902; x_wconf 88' lang='lat' dir='ltr'><strong>de</strong></span> 
     </span>
     <span class='ocr_line' id='line_1_33' title="bbox 231 2927 2007 2997; baseline 0.003 -21"><span class='ocrx_word' id='word_1_246' title='bbox 231 2927 331 2979; x_wconf 82' lang='lat' dir='ltr'><strong>vita</strong></span> <span class='ocrx_word' id='word_1_247' title='bbox 353 2930 696 2981; x_wconf 83' lang='lat' dir='ltr'><strong>excellentium</strong></span> <span class='ocrx_word' id='word_1_248' title='bbox 726 2932 1082 2997; x_wconf 82' lang='lat' dir='ltr'><strong>Imperatorum</strong></span> <span class='ocrx_word' id='word_1_249' title='bbox 1109 2934 1404 2983; x_wconf 82' lang='lat' dir='ltr'><strong>Graecorum</strong></span> <span class='ocrx_word' id='word_1_250' title='bbox 1429 2940 1480 2981; x_wconf 87' lang='lat' dir='ltr'><strong>et</strong></span> <span class='ocrx_word' id='word_1_251' title='bbox 1504 2933 1855 2983; x_wconf 84' lang='lat' dir='ltr'><strong>Romanorum.</strong></span> <span class='ocrx_word' id='word_1_252' title='bbox 1880 2934 2007 2983; x_wconf 87' lang='lat' dir='ltr'><strong>Cum</strong></span> 
     </span>
     <span class='ocr_line' id='line_1_34' title="bbox 232 3012 2009 3078; baseline 0.002 -21"><span class='ocrx_word' id='word_1_253' title='bbox 232 3012 586 3060; x_wconf 85' lang='lat' dir='ltr'><strong>commentariis</strong></span> <span class='ocrx_word' id='word_1_254' title='bbox 635 3012 838 3078; x_wconf 83' lang='lat' dir='ltr'><strong>Dionys.</strong></span> <span class='ocrx_word' id='word_1_255' title='bbox 885 3013 1129 3072; x_wconf 84' lang='lat' dir='ltr'><strong>Lambini,</strong></span> <span class='ocrx_word' id='word_1_256' title='bbox 1177 3013 1586 3072; x_wconf 86' lang='lat' dir='ltr'><strong>Monstroliensis,</strong></span> <span class='ocrx_word' id='word_1_257' title='bbox 1645 3014 1806 3062; x_wconf 82' lang='lat' dir='ltr'><strong>auctis</strong></span> <span class='ocrx_word' id='word_1_258' title='bbox 1853 3029 2009 3078; x_wconf 87' lang='lat' dir='ltr'><strong>nuper</strong></span> 
     </span>
     <span class='ocr_line' id='line_1_35' title="bbox 230 3092 2009 3155; baseline 0.003 -18"><span class='ocrx_word' id='word_1_259' title='bbox 230 3096 380 3153; x_wconf 85' lang='lat' dir='ltr'><strong>atque</strong></span> <span class='ocrx_word' id='word_1_260' title='bbox 424 3092 716 3144; x_wconf 80' lang='lat' dir='ltr'><strong>emendatis.</strong></span> <span class='ocrx_word' id='word_1_261' title='bbox 789 3097 1115 3145; x_wconf 76' lang='lat' dir='ltr'><strong>Accesserant</strong></span> <span class='ocrx_word' id='word_1_262' title='bbox 1161 3095 1528 3155; x_wconf 65' lang='lat' dir='ltr'><strong>commentarii,</strong></span> <span class='ocrx_word' id='word_1_263' title='bbox 1571 3094 1910 3143; x_wconf 79' lang='lat' dir='ltr'><strong>annotationes</strong></span> <span class='ocrx_word' id='word_1_264' title='bbox 1957 3102 2009 3142; x_wconf 86' lang='lat' dir='ltr'><strong>et</strong></span> 
     </span>
     <span class='ocr_line' id='line_1_36' title="bbox 232 3172 2006 3242; baseline 0.003 -24"><span class='ocrx_word' id='word_1_265' title='bbox 232 3179 364 3219; x_wconf 82' lang='lat' dir='ltr'><strong>uotae</strong></span> <span class='ocrx_word' id='word_1_266' title='bbox 404 3172 616 3236; x_wconf 78' lang='lat' dir='ltr'><strong>Gyberti</strong></span> <span class='ocrx_word' id='word_1_267' title='bbox 657 3175 893 3241; x_wconf 87' lang='lat' dir='ltr'><strong>Longolii‚</strong></span> <span class='ocrx_word' id='word_1_268' title='bbox 936 3177 1139 3226; x_wconf 83' lang='lat' dir='ltr'><strong>Hieron.</strong></span> <span class='ocrx_word' id='word_1_269' title='bbox 1181 3177 1355 3242; x_wconf 68' lang='lat' dir='ltr'><strong>Magn,</strong></span> <span class='ocrx_word' id='word_1_270' title='bbox 1394 3185 1446 3226; x_wconf 88' lang='lat' dir='ltr'><strong>et</strong></span> <span class='ocrx_word' id='word_1_271' title='bbox 1466 3177 1548 3226; x_wconf 85' lang='lat' dir='ltr'><strong>Jo.</strong></span> <span class='ocrx_word' id='word_1_272' title='bbox 1575 3174 1853 3234; x_wconf 85' lang='lat' dir='ltr'><strong>Savaronis,</strong></span> <span class='ocrx_word' id='word_1_273' title='bbox 1891 3187 2006 3224; x_wconf 87' lang='lat' dir='ltr'><strong>cum</strong></span> 
     </span>
     <span class='ocr_line' id='line_1_37' title="bbox 231 3252 2009 3320; baseline 0.002 -20"><span class='ocrx_word' id='word_1_274' title='bbox 231 3252 478 3317; x_wconf 80' lang='lat' dir='ltr'><strong>excerptis</strong></span> <span class='ocrx_word' id='word_1_275' title='bbox 499 3270 527 3303; x_wconf 89' lang='lat' dir='ltr'><strong>e</strong></span> <span class='ocrx_word' id='word_1_276' title='bbox 552 3262 743 3305; x_wconf 86' lang='lat' dir='ltr'><strong>vetusto</strong></span> <span class='ocrx_word' id='word_1_277' title='bbox 767 3257 955 3307; x_wconf 88' lang='lat' dir='ltr'><strong>Codice</strong></span> <span class='ocrx_word' id='word_1_278' title='bbox 980 3259 1078 3307; x_wconf 89' lang='lat' dir='ltr'><strong>Ms.</strong></span> <span class='ocrx_word' id='word_1_279' title='bbox 1102 3258 1159 3307; x_wconf 93' lang='lat' dir='ltr'><strong>P.</strong></span> <span class='ocrx_word' id='word_1_280' title='bbox 1184 3258 1420 3307; x_wconf 83' lang='lat' dir='ltr'><strong>Danielis.</strong></span> <span class='ocrx_word' id='word_1_281' title='bbox 1443 3256 1654 3306; x_wconf 80' lang='lat' dir='ltr'><strong>Praefixa</strong></span> <span class='ocrx_word' id='word_1_282' title='bbox 1679 3255 2009 3320; x_wconf 79' lang='lat' dir='ltr'><strong>Chronologia</strong></span> 
     </span>
     <span class='ocr_line' id='line_1_38' title="bbox 232 3332 2005 3403; baseline 0.002 -22"><span class='ocrx_word' id='word_1_283' title='bbox 232 3332 393 3398; x_wconf 87' lang='lat' dir='ltr'><strong>Impp.</strong></span> <span class='ocrx_word' id='word_1_284' title='bbox 418 3334 630 3385; x_wconf 86' lang='lat' dir='ltr'><strong>Graeciae</strong></span> <span class='ocrx_word' id='word_1_285' title='bbox 654 3336 787 3402; x_wconf 85' lang='lat' dir='ltr'><strong>apud</strong></span> <span class='ocrx_word' id='word_1_286' title='bbox 814 3338 1050 3395; x_wconf 87' lang='lat' dir='ltr'><strong>Probum,</strong></span> <span class='ocrx_word' id='word_1_287' title='bbox 1076 3354 1164 3402; x_wconf 89' lang='lat' dir='ltr'><strong>per</strong></span> <span class='ocrx_word' id='word_1_288' title='bbox 1183 3337 1521 3403; x_wconf 80' lang='lat' dir='ltr'><strong>Olympiadas.</strong></span> <span class='ocrx_word' id='word_1_289' title='bbox 1593 3336 1718 3386; x_wconf 85' lang='lat' dir='ltr'><strong>Cum</strong></span> <span class='ocrx_word' id='word_1_290' title='bbox 1741 3335 2005 3386; x_wconf 82' lang='lat' dir='ltr'><strong>indicibus.</strong></span> 
     </span>
     <span class='ocr_line' id='line_1_39' title="bbox 233 3413 2004 3481; baseline 0.002 -21"><span class='ocrx_word' id='word_1_291' title='bbox 233 3413 458 3464; x_wconf 73' lang='lat' dir='ltr'><strong>Francos.</strong></span> <span class='ocrx_word' id='word_1_292' title='bbox 499 3433 580 3481; x_wconf 87' lang='lat' dir='ltr'><strong>ap.</strong></span> <span class='ocrx_word' id='word_1_293' title='bbox 622 3417 699 3466; x_wconf 91' lang='lat' dir='ltr'><strong>Cl.</strong></span> <span class='ocrx_word' id='word_1_294' title='bbox 746 3417 988 3466; x_wconf 88' lang='lat' dir='ltr'><strong>Marnium</strong></span> <span class='ocrx_word' id='word_1_295' title='bbox 1013 3426 1065 3468; x_wconf 89' lang='lat' dir='ltr'><strong>et</strong></span> <span class='ocrx_word' id='word_1_296' title='bbox 1090 3417 1274 3467; x_wconf 80' lang='lat' dir='ltr'><strong>haered.</strong></span> <span class='ocrx_word' id='word_1_297' title='bbox 1302 3418 1383 3466; x_wconf 90' lang='lat' dir='ltr'><strong>Jo.</strong></span> <span class='ocrx_word' id='word_1_298' title='bbox 1410 3417 1749 3468; x_wconf 78' lang='lat' dir='ltr'><strong>Aubrii.-c!.</strong></span> <span class='ocrx_word' id='word_1_299' title='bbox 1784 3416 2004 3467; x_wconf 85' lang='lat' dir='ltr'><strong>Marnius</strong></span> 
     </span>
     <span class='ocr_line' id='line_1_40' title="bbox 235 3493 1382 3564; baseline 0.003 -22"><span class='ocrx_word' id='word_1_300' title='bbox 235 3493 471 3564; x_wconf 76' lang='lat' dir='ltr'><strong>praefatus</strong></span> <span class='ocrx_word' id='word_1_301' title='bbox 495 3506 586 3547; x_wconf 87' lang='lat' dir='ltr'><strong>est.</strong></span> <span class='ocrx_word' id='word_1_302' title='bbox 623 3498 896 3548; x_wconf 85' lang='lat' dir='ltr'><strong>Contextus</strong></span> <span class='ocrx_word' id='word_1_303' title='bbox 920 3505 994 3548; x_wconf 81' lang='lat' dir='ltr'><strong>est</strong></span> <span class='ocrx_word' id='word_1_304' title='bbox 1017 3498 1382 3549; x_wconf 78' lang='lat' dir='ltr'><strong>Lambinianus.</strong></span> 
     </span>
    </p>
   </div>
  </div>
 </body>
</html>
