2306 3900
321 235 429 290 ’718

319 410 471 450 Erus-r.
510 408 774 461 Consum-2,
822 410 1007 450 Manus
1046 409 1197 452 Gnae-

662 483 877 513 erronum.

371 566 458 595 ΧΠ.
488 555 675 607 Epistola
702 557 915 608 Cornelioe]
962 555 1089 597 Unde
1117 557 1198 598 hoc

319 617 608 670 fragmentum
626 618 697 669 sit,
723 619 912 659 ostendit
929 620 1134 660 Schottus
1152 620 1198 660 in

315 682 443 734 epist.
491 682 546 722 ad
583 683 827 734 Lectorem‚
883 683 994 724 notis
1032 684 1115 724 suis
1151 684 1196 724 in

314 746 575 798 Fragmenta
585 745 770 798 Nepotis
781 746 987 788 subnexa.
1013 749 1027 772 ‘
1041 747 1198 799 Nunc‚'

313 808 471 862 inquit,
485 808 498 830 ‘
510 810 722 850 Corneliae
735 811 886 850 matris
900 811 1194 852 Gracchorum

314 871 405 924 (cui
431 872 738 925 eloquentiam,
766 879 880 914 teste
910 874 1118 914 Cicerone
1148 879 1195 914 et

311 934 462 986 Fabio,
474 941 696 987 acceptam
714 934 983 989 referebant)
998 937 1194 989 epistolae

313 995 601 1048 fragmentum
640 998 860 1050 adjiciam:
904 1000 1016 1052 quod
1055 1001 1194 1052 legiti-

309 1072 424 1099 mum
457 1072 512 1100 ne
544 1061 616 1111 sit,
643 1068 718 1101 aut
746 1074 771 1101 a
801 1062 1092 1103 declamatore
1119 1064 1193 1103 ali-

313 1135 411 1174 quo,
447 1128 496 1163 ut
543 1124 671 1174 solet,
713 1124 1040 1176 conformatum,
1078 1138 1191 1166 nunc

309 1198 395 1226 non
416 1185 603 1238 disputo.
645 1187 789 1228 Parva
805 1200 906 1227 sane
926 1188 1079 1240 papyri
1097 1188 1191 1240 jac-

310 1255 425 1302 tura,
451 1256 670 1302 repertum
693 1251 736 1291 in
756 1257 841 1292 vet.
859 1251 970 1291 libro
987 1250 1189 1292 Abbatiae

309 1312 559 1363 Faesulanae,
572 1314 759 1367 mihique
779 1314 834 1354 ab
849 1313 1007 1355 Anton.
1026 1314 1192 1367 Augus-

308 1375 400 1416 tino
430 1376 770 1429 Archiepiscopo
795 1379 1025 1418 Tarracon.
1057 1379 1110 1419 V.
1140 1379 1189 1420 C.

307 1437 628 1489 perhumaniter
658 1439 864 1491 oblatum,
893 1447 992 1492 post
1020 1441 1132 1481 idem
1164 1454 1189 1482 a

309 1501 374 1541 Cl.
403 1501 509 1541 Viro
537 1502 703 1543 Jacobo
727 1503 966 1555 Bongarsio
995 1503 1187 1557 descrip-

307 1569 401 1604 tum
430 1577 455 1605 e
483 1566 736 1606 Britannico
761 1567 993 1618 exemplari
1018 1579 1043 1607 e
1077 1567 1189 1608 Ger-

307 1627 451 1666 mania
479 1627 590 1668 dono
620 1627 807 1679 missum,
828 1629 1093 1669 Cornelianis
1113 1630 1187 1669 ad-

307 1690 492 1730 dendum
507 1689 683 1742 putavi!
726 1691 835 1731 Haec
847 1692 1080 1733 Schottus:
1099 1692 1187 1745 qui,

307 1760 353 1792 ut
373 1753 506 1799 vides,
528 1752 783 1793 addubitare
805 1755 989 1807 videtur,
1010 1768 1063 1795 an
1082 1757 1186 1808 legi-

304 1816 456 1856 timum
486 1816 555 1856 sit.
611 1817 712 1867 Ego'
738 1817 807 1856 vix
840 1817 1034 1859 dubitem
1065 1831 1183 1860 esse:

306 1884 395 1918 tam
407 1878 629 1930 eleganter
643 1877 835 1930 ἂρχαΐζει.
857 1881 954 1922 Qua
966 1882 1008 1921 in
1024 1894 1069 1922 re
1084 1895 1185 1923 con-

303 1941 539 1981 sentientes
559 1941 696 1982 habeo
713 1943 1022 1984 eruditissimos
1039 1946 1183 1997 Viros,

303 2003 394 2044 Ian.
409 2004 689 2055 Rutgersium‘
704 2018 743 2046 v.
762 2006 866 2046 Var.
883 2006 985 2048 lect.
1002 2011 1067 2048 10.
1086 2008 1183 2059 (ubi

300 2067 410 2106 hanc
425 2066 650 2118 epistolam
667 2067 830 2120 aliquot
843 2069 947 2108 locis
962 2069 1183 2124 emendat)

303 2136 348 2170 et
367 2129 478 2180 Aug.
493 2130 781 2171 Buchnerum.
810 2131 968 2171 Rosius.

357 2192 495 2244 Dicis]
512 2193 584 2232 Sic
600 2194 714 2233 Msc.
734 2205 867 2244 meus,
885 2193 1048 2234 Gifanii
1067 2196 1184 2238 dices.

301 2255 401 2296 Pet.
419 2255 525 2305 lices,
544 2255 820 2296 immendate.
850 2256 1013 2298 Savaro.

355 2319 454 2357 Esse
485 2317 657 2368 videtur]
697 2318 848 2370 Steph.
885 2319 1064 2371 Pighius
1102 2332 1184 2361 esse

301 2380 477 2420 omittit.
508 2379 707 2420 Gebhard.

354 2445 420 2485 Ea
442 2444 644 2497 persequi]
671 2445 760 2485 Pro
787 2457 834 2486 ea
868 2445 981 2485 idem
1017 2448 1182 2488 mavult

299 2522 374 2550 eos.
404 2510 546 2550 Gebh.
599 2509 1012 2562 Inimicos‚scilicet.
1043 2511 1139 2552 Bos.

357 2574 546 2614 Utinam
560 2577 667 2623 sunt,
683 2574 814 2626 erunt]
839 2573 910 2614 Sic
928 2574 1040 2614 Msc.
1060 2586 1178 2615 meus

298 2641 344 2676 et
365 2635 545 2677 Gifanii.
602 2636 713 2676 Msc.
733 2636 832 2676 Pet.
856 2648 948 2677 non.
974 2636 1151 2677 Savaro.

356 2698 493 2741 Verbis
509 2700 703 2750 conceptis
721 2698 896 2748 deierare
913 2699 1059 2750 ausim]
1090 2700 1178 2740 De·

284 2763 419 2812 jerare
444 2768 670 2814 correpte3
699 2760 742 2802 id
777 2767 859 2812 est,
887 2762 1003 2802 Deos
1026 2762 1176 2814 jurare

295 2825 444 2866 ausim.
482 2824 685 2877 Explicat
698 2826 898 2865 Donatus
917 2824 971 2864 ad
983 2825 1176 2866 Terentii

295 2888 460 2940 Hecyr.
482 2900 525 2928 ν.
545 2891 586 2928 2.
643 2887 854 2940 Apuleius
871 2887 1078 2929 Milesiar.
1099 2889 1174 2930 lib.

293 2962 326 2991 1.
372 2952 384 2973 ‘
420 2952 559 2999 Quam
596 2950 861 2990 sanctissime
899 2950 1177 3002 dejerantes.’

295 3014 409 3056 Quid
431 3026 558 3066 porro
579 3015 650 3066 sit,
667 3014 794 3054 verbis
813 3014 1008 3065 conceptis
1021 3013 1177 3065 jurare,

290 3077 359 3117 vel
377 3078 569 3129 deierare,
596 3075 842 3117 doctissime
880 3081 1003 3116 notat
1017 3077 1175 3116 Turne-

293 3140 371 3180 bus
407 3139 592 3181 Advers.
628 3139 704 3181 lib.
740 3150 812 3180 111.
850 3142 916 3179 10.
984 3140 1174 3192 Eratque

290 3203 371 3242 hoc
415 3203 663 3255 religiosum
702 3201 986 3255 jurisjurandi
1023 3213 1173 3254 genus.

293 3266 493 3307 Keachen.

346 3327 614 3380 Proeterquam
646 3329 732 3381 qui]
770 3329 842 3371 Sic
872 3330 975 3369 Mss.
1011 3327 1175 3370 Gifanii

292 3395 337 3430 et
376 3390 475 3431 Pet.
549 3393 601 3431 In
640 3405 734 3434 meo
772 3394 838 3445 qui
887 3393 1172 3435 desideratur.

292 3454 414 3495 Idem.

705 249 885 288 NOTAE
926 249 1258 290 VARJORUM
1300 252 1365 290 IN
1409 252 1460 290 G.
1498 251 1761 290 NEPOTlS

1339 368 1543 409 Tiberium
1583 368 1808 408 Gracchum
1844 365 2045 417 necarunt]
2073 364 2148 406 Ci-

1262 442 1362 471 cero
1394 431 1440 471 in
1474 432 1729 473 Catilinam:
1757 431 1770 452 ‘
1790 429 1983 470 Tiberius
2011 429 2148 470 Grac·

1262 495 1382 546 chus,
1409 495 1522 548 quod
1542 495 1699 535 iterum
1716 492 1931 535 Tribunus
1958 492 2018 544 pl.
2049 490 2146 532 fieri

1261 559 1408 609 vellet,
1437 557 1630 598 occisus!
1686 556 1798 596 Vide
1830 555 1938 595 Livii
1958 555 2146 607 Epitom.

1260 632 1372 663 mix.
1433 622 1655 662 Plutarch.
1687 621 1731 660 in
1762 620 1869 670 vita,
1897 618 2087 671 Appian.
2111 629 2146 659 1.

1261 685 1400 725 Cicer.
1419 684 1475 724 de
1497 685 1600 736 Leg.
1620 696 1692 724 111.
1749 683 1836 723 Pro
1857 682 2025 732 Sextio,
2054 681 2144 721 Pro

1257 748 1437 798 Milone,
1461 749 1532 788 De
1549 747 1708 798 Arusp.
1727 758 1842 798 resp.
1864 750 1910 786 et
1925 746 1970 785 in
1989 746 2144 786 Bruto.

1257 809 1470 849 Velleium
1491 821 1542 849 11.
1572 810 1684 849 Flor.
1705 810 1887 860 Eutrop.
1905 809 2002 849 Val.
2018 807 2143 848 Μαιι·Δ

1256 871 1328 910 im.
1349 877 1395 911 et
1414 871 1577 924 Script.
1599 871 1652 911 de
1671 870 1788 911 Viris
1809 869 2066 911 Illustribus.

1314 933 1514 979 Quantum
1545 933 1602 985 te]
1648 933 1827 985 Pighius
1868 933 2049 984 mavult,
2082 936 2140 973 tu.

1257 1000 1480 1040 Gebhard.
2134 999 2137 1002 “

1313 1065 1419 1109 Quos
1435 1064 1599 1104 antehac
1615 1063 1733 1103 habui
1751 1061 1908 1113 liberos]
1938 1061 2010 1102 sic
2026 1060 2141 1102 Mac.

1255 1139 1374 1167 meus
1393 1133 1439 1168 et
1459 1127 1640 1169 Gifanii.
1690 1127 1799 1172 Quos
1816 1130 1908 1166 aute
1925 1124 2141 1177 habuerim,

1253 1192 1357 1243 legit
1386 1192 1499 1232 Msc.
1530 1192 1632 1232 Pet.
1662 1191 1829 1231 Savaro.
1885 1188 2141 1241 Rutgersius'

1251 1253 1485 1293 secundum
1536 1253 1723 1305 priorem
1773 1251 1925 1303 edidit,
1973 1249 2050 1290 sed
2092 1247 2140 1303 et

1254 1316 1415 1356 omittit
1432 1316 1588 1367 liberos,
1616 1316 1698 1356 hoc
1727 1314 1897 1368 quidem
1927 1314 2046 1354 nulla
2064 1324 2139 1353 ne-

1253 1380 1472 1420 cessitate.
1489 1379 1650 1420 Rosius.

1305 1441 1454 1481 Partes
1473 1442 1622 1492 eorum]
1650 1441 1702 1481 In
1723 1441 1815 1481 aliis
1844 1440 1992 1493 pariis,
2020 1439 2133 1492 quod

1250 1503 1363 1544 idem
1387 1505 1645 1557 Rutgersius
1678 1517 1758 1557 pro
1787 1508 1923 1556 partes
1955 1502 2136 1555 accipit,

1249 1567 1454 1619 ἀρχαϊκῶς.
1510 1568 1583 1608 Sic
1620 1564 1748 1607 antea
1782 1568 1879 1607 oedis
1910 1578 1990 1619 pro
2021 1567 2136 1607 oedes.

1251 1630 1369 1680 Lege
1390 1629 1658 1669 Prisciannm
1676 1629 1749 1668 lib.
1763 1640 1849 1669 vu.
1872 1628 2136 1669 Keuchenius.

1250 1691 1321 1731 Sic
1343 1692 1450 1733 Mss.
1467 1704 1610 1732 omnes
1625 1691 1782 1744 pariis:
1801 1703 1930 1732 eorum
1950 1690 2073 1731 deest
2090 1691 2134 1730 in

1249 1764 1358 1794 meo.
1387 1754 1553 1795 Sauara.

1301 1817 1520 1858 Adversum
1536 1831 1660 1859 meam
1675 1815 1925 1868 sententiam]
1941 1816 2015 1856 Sic
2026 1816 2137 1855 Mss-

1249 1878 1397 1921 Gifan.
1413 1886 1458 1921 et
1471 1881 1573 1922 Pet.
1610 1882 1736 1921 Meus
1753 1883 1943 1920 adverses.
1957 1879 2136 1919 Savaro.

1249 1943 1411 1983 Forsan
1442 1945 1640 1985 adversus.
1705 1944 1789 1984 Sed
1813 1943 1951 1991 faeere
1982 1941 2132 1982 statim

1247 2019 1327 2059 pro
1337 2007 1494 2056 faceres
1510 2009 1552 2048 in
1573 2009 1793 2049 Parisina.
1822 2007 2023 2047 Kenchen.

1305 2071 1381 2110 Cui
1394 2083 1521 2122 parva
1537 2084 1630 2123 pars
1647 2072 1741 2112 vitoe
1766 2069 1960 2123 superest]
1987 2067 2131 2109 Aliter

1245 2132 1449 2173 Schottus
1476 2134 1771 2186 interpungit:
1801 2133 1865 2172 cui
1885 2142 2012 2184 parva
2035 2142 2131 2182 pars

1245 2196 1339 2236 vitae
1355 2201 1543 2248 superest.
1590 2198 1656 2237 Ne
1671 2198 1714 2237 id
1731 2197 1899 2249 quidem,
1913 2197 1981 2248 ξε.
2022 2195 2130 2234 Rut-

1246 2258 1410 2310 gersius
1426 2261 1570 2300 mallet
1583 2261 1893 2311 interrogative
1910 2259 2016 2310 legi3
2034 2258 2129 2310 quin

1244 2325 1283 2360 et
1301 2322 1399 2361 mihi
1415 2324 1634 2363 adverseris
1657 2328 1696 2363 et
1723 2324 1906 2379 rempubl.
1921 2322 2126 2374 profliges.

1244 2385 1346 2425 Bos.
1387 2385 1523 2425 Parva
1537 2399 1632 2437 pars
1650 2387 1759 2436 vitae,
1773 2385 1924 2426 eadem
1944 2383 2127 2437 ἐμφάσει,

1244 2459 1328 2499 qua
1345 2459 1441 2499 pars
1466 2447 1551 2487 diei
1575 2448 1710 2488 melior
1735 2448 1908 2488 dicitur.
1963 2447 2021 2487 Et
2051 2459 2127 2487 ex-

1245 2510 1378 2561 plicat
1409 2522 1503 2550 sese
1532 2511 1692 2562 statim,
1720 2522 1800 2563 per
1831 2512 1843 2533 ‘
1865 2509 1996 2551 breve
2028 2522 2126 2563 spa-

1243 2571 1379 2613 tium!

1299 2635 1398 2680 Quae
1429 2648 1545 2676 causa
1588 2636 1694 2688 erit]
1712 2639 1715 2645 ’
1731 2636 1910 2688 Pighius
1942 2634 2126 2693 putabat

1243 2697 1418 2738 verbum
1436 2699 1631 2750 resistere,
1657 2704 1732 2738 aut
1749 2698 1886 2739 simile
1914 2698 2034 2751 quid,
2051 2697 2126 2738 de-

1240 2772 1348 2802 esse.
1370 2773 1453 2801 uon
1472 2774 1594 2814 opus,
1649 2761 1738 2802 Alii
1770 2775 1856 2814 quae
1882 2773 2000 2802 causa
2017 2759 2126 2808 cruz

1239 2829 1444 2876 corrupte
1462 2830 1511 2864 ut
1529 2825 1694 2876 opinor.
1722 2825 1820 2866 Bos.
1852 2825 2051 2866 Gebhard.

1294 2889 1355 2927 Et
1381 2888 1552 2940 quando]
1587 2889 1717 2929 Forte
1743 2891 1950 2941 ecquando.
1979 2887 2124 2937 Gebh.

1239 2950 1387 2991 Gifan.
1408 2952 1605 2992 Boecler.
1661 2951 1786 2993 Quod
1818 2951 1933 2991 idem
1960 2956 2042 3001 est,
2071 2962 2122 2997 ac

1237 3026 1330 3052 num
1348 3015 1521 3065 quando.-
1543 3014 1627 3064 vel,
1646 3027 1697 3053 an
1714 3014 1934 3066 aliquando.
1975 3013 2121 3054 G'raeci

1236 3076 1262 3124 ἦ
1285 3075 1395 3128 τότε,
1416 3078 1582 3118 dicunt.

1292 3142 1350 3181 Et
1382 3141 1568 3182 habentes
1599 3147 1637 3183 et
1659 3142 1889 3194 presentes]
1917 3143 1989 3183 Sic
2007 3142 2118 3183 Mac.

1236 3214 1356 3243 meus
1376 3208 1422 3244 et
1441 3202 1589 3244 Gifan.
1619 3204 1728 3245 Msc.
1757 3205 1856 3245 Pet.
1875 3208 1915 3244 et
1940 3204 2120 3244 absentes

1235 3271 1275 3308 ei
1298 3271 1522 3320 proesentes.
1549 3267 1726 3308 Savaro.
1784 3266 2039 3318 Rutgersius
2058 3265 2121 3305 le·

1236 3333 1327 3386 git:
1358 3336 1397 3373 et
1414 3332 1597 3373 habentes
1615 3337 1654 3372 et
1685 3331 1901 3383 praebentes
1916 3329 2119 3381 molestiis,

1235 3394 1440 3447 desipere?
1496 3395 1624 3438 Quod
1660 3393 1800 3435 fateor
1830 3404 1899 3433 me
1933 3402 2017 3432 non
2046 3404 2119 3433 ca-

1237 3470 1358 3512 pere.
1384 3459 1544 3499 Rosius.
