2306 3900
363 290 474 348 672

367 426 576 470 teriorem
609 428 656 467 et
686 418 862 466 Italiam
895 425 1142 478 provincias
1174 430 1252 468 aut

365 501 619 542 comparare
670 490 786 531 iuter
836 501 883 530 se
946 496 1024 533 aut
1073 490 1250 533 sortiri!

365 554 494 596 Unde
511 554 664 607 liquet,
695 553 860 596 creatis
877 554 1250 609 Consulibuspro-

362 618 525 659 vincias
542 617 675 660 fuisse
705 619 967 671 nominatas,
997 624 1050 661 ut
1074 632 1148 661 eas
1179 620 1250 660 vel

359 682 448 734 ipsi
467 682 584 723 inter
601 694 648 724 se
677 688 994 736 compararent,
1025 684 1096 725 vel
1125 683 1249 725 sorti-

361 751 544 797 rentur3
589 759 696 800 quos
730 747 796 788 ire
832 747 888 788 ad
925 748 1103 800 bellum,
1142 751 1248 801 quos

360 821 550 863 praeesse
583 810 848 852 exercitibus
885 816 1134 864 oporteret:
1175 811 1247 852 vel

360 875 397 916 si
427 875 474 916 in
503 873 743 928 deligend1s
764 875 995 927 provinciis
1013 887 1101 917 non
1120 875 1247 917 obve-

359 937 492 991 niret,
512 943 638 979 extra
652 942 814 979 sortem
834 938 1021 979 Senatus
1038 939 1245 980 decerne-

359 1006 444 1042 ret.
499 1001 628 1044 Quod
661 1001 760 1053 lege
796 1000 976 1042 Curiata
993 1001 1247 1055 cavebatur,

358 1069 410 1105 ut
439 1064 622 1111 Senatus
649 1067 805 1104 contra
834 1064 973 1116 legem
1003 1065 1120 1105 illam
1151 1065 1244 1106 sine

358 1133 476 1170 sorte
504 1127 748 1181 provincias
779 1127 1056 1180 designaret:
1095 1133 1172 1169 aut
1207 1129 1245 1170 si

353 1193 543 1234 Senatus
562 1195 846 1244 aversaretur,
856 1202 937 1243 per
951 1191 1158 1244 populum
1173 1192 1244 1244 agi

355 1259 547 1309 poterat,
583 1259 633 1296 ut
674 1259 799 1296 extra
833 1254 1029 1296 ordinem
1066 1256 1245 1298 Consuli

356 1319 584 1372 provincia
617 1318 822 1361 daretur:
870 1319 1046 1361 tametsi
1082 1323 1245 1360 utrum-

355 1394 441 1436 qne
461 1383 694 1423 Consulem
712 1383 756 1422 in
777 1383 960 1424 eandem
977 1383 1244 1435 provinciam

355 1446 614 1498 quandoque
634 1444 880 1498 profectum
899 1446 1106 1499 legamus.
1148 1446 1242 1499 Op-

351 1509 515 1550 tionem
551 1514 698 1549 tamen
733 1508 975 1561 deligendae
1006 1509 1242 1562 provincias

350 1577 481 1614 extra
495 1572 691 1614 ordinem
710 1573 890 1624 collegae
905 1572 1018 1624 dari,
1028 1576 1104 1614 aut
1121 1584 1243 1613 suam

352 1641 518 1678 sortem
536 1640 787 1689 permutare
820 1647 919 1677 cum
947 1637 1117 1688 collega
1145 1635 1242 1677 abs-

350 1710 437 1753 que
465 1699 646 1740 decreto
676 1699 878 1749 Senatus,
910 1699 1088 1752 antiquo
1119 1710 1242 1740 more

348 1775 437 1804 non
455 1763 634 1804 licebat.
690 1763 806 1814 Ergo
839 1761 952 1803 Cato
974 1766 1021 1802 et
1039 1761 1242 1802 Valerius

350 1827 537 1869 Senatus
575 1826 757 1867 decreto
796 1830 1026 1879 utramque
1069 1824 1242 1877 provin-

348 1891 462 1932 ciam
479 1889 794 1931 sortiebantur.
850 1888 1009 1929 Catoni
1029 1887 1243 1940 Hispania

347 1953 542 2005 obvenit,
561 1953 605 1993 in
641 1964 769 2006 quam
808 1949 915 1991 duas
953 1950 1166 2003 legiones,
1193 1949 1241 1992 et

351 2016 542 2072 quinque
561 2016 694 2056 millia
710 2014 874 2056 socium
886 2013 1032 2054 Latini
1044 2013 1242 2067 nominis,

349 2086 396 2122 et
424 2081 685 2134 quingentos
713 2077 883 2131 equites
915 2088 1065 2118 secum
1094 2081 1241 2131 porta·

346 2145 442 2197 bat,
476 2143 634 2185 additis
667 2141 822 2194 viginti
871 2139 1054 2181 navibus
1084 2139 1240 2193 longis.

344 2207 578 2259 Legendus
605 2205 755 2246 Livius
784 2213 960 2245 xxxur.
1012 2203 1240 2244 'Caeterum

345 2271 422 2311 illa
441 2274 537 2311 erat
555 2267 780 2322 provincia
804 2265 1033 2318 generalis,
1064 2277 1161 2319 quae
1193 2266 1240 2307 in

346 2332 512 2384 plureis
532 2332 720 2372 minores
738 2328 1115 2371 subdividebatur.
1149 2329 1239 2368 Ha-

345 2407 442 2436 rum
458 2396 555 2436 aliae
570 2398 697 2434 erant
713 2393 988 2443 Consulares,
1005 2395 1057 2431 ut
1067 2391 1240 2432 Baetica

345 2464 394 2500 et
437 2457 688 2508 Lusitania;
731 2460 904 2497 caeterae
957 2454 1238 2506 praesidiales.

348 2520 539 2565 Citerior
573 2524 621 2560 et
655 2519 841 2560 ulterior
857 2516 1089 2569 «Hispania
1124 2529 1238 2558 com-

344 2582 464 2625 muni
482 2582 654 2623 nomine
673 2592 858 2631 omnem,
873 2591 958 2632 qua
982 2583 1122 2632 patet,
1137 2579 1237 2620 His-

344 2646 519 2699 paniam
553 2644 975 2701 complectebantur.
1047 2642 1239 2684 Citerior

342 2711 489 2752 Italiae
505 2708 703 2759 vicinior,
721 2708 838 2748 inter
858 2706 1036 2747 Iberum
1060 2704 1238 2747 fluvium

342 2773 594 2827 longissimo
607 2776 754 2813 tractu
766 2775 810 2811 et
819 2769 1058 2822 Pyrenaeos
1069 2773 1239 2811 montes

344 2836 546 2889 patebat.
604 2836 768 2876 Postea
799 2844 918 2884 vero,
944 2831 1021 2873 ubi
1039 2832 1085 2873 in
1105 2832 1240 2873 Baeti-

349 2912 461 2948 cam,
481 2898 767 2948 Lusitaniam,
788 2901 836 2937 et
866 2896 1239 2938 Tarraconensem

335 2962 563 3016 ,Hispania
586 2959 798 3013 distingui
831 2959 981 3011 coepit,
1011 2959 1239 3001 Citerioris

346 3024 455 3066 fines
487 3026 616 3077 longe
642 3024 760 3064 ultra
796 3022 992 3075 Iberum,
1025 3023 1081 3064 ad
1112 3035 1239 3078 quem

348 3090 461 3131 Cato
478 3089 642 3130 incolas
661 3087 845 3142 domuit,
859 3088 1107 3141 experrecti
1122 3093 1237 3130 sunt.

347 3153 554 3195 Keucken.

377 3239 386 3246 =
403 3218 549 3270 Exque
568 3228 614 3258 ea
632 3216 875 3270 triumphum
893 3217 1137 3270 deportavit]
1165 3218 1238 3259 De

351 3293 436 3332 quo
469 3281 570 3321 vide
607 3279 859 3333 Appianum
889 3280 933 3322 in
966 3281 1163 3333 Ibericis,
1193 3285 1240 3322 et

350 3341 634 3384 Plutarchum
653 3344 699 3383 in
719 3344 823 3385 vita.
852 3344 1029 3398 Quippe
1044 3345 1098 3386 P.
1113 3345 1238 3386 Man-

351 3403 399 3445 lii
427 3404 636 3446 Praetoris
657 3408 834 3459 auxilio,
866 3407 1022 3461 insigni
1039 3409 1170 3461 plane
1186 3420 1238 3451 ac

351 3467 620 3510 memorabili
666 3475 993 3523 strategemate,
1038 3472 1239 3525 quadrin-

353 3532 496 3593 gentis
517 3531 641 3575 simul
661 3533 928 3590 civitatibus,
954 3547 1135 3590 quarum
1154 3535 1238 3591 pri·

749 305 929 346 NoTAE
970 303 1306 346 vAmoRUM
1345 305 1412 347 IN
1454 307 1511 349 C.
1543 306 1811 348 NEPOTIS

1312 437 1394 468 mae
1413 427 1650 481 Emporiae,
1677 438 1757 480 per
1771 425 1995 468 missosad
2007 425 2196 482 angulas

1312 490 1510 542 nuncios,
1539 496 1592 532 ut
1621 502 1768 531 omnes
1796 494 1912 531 stato
1945 489 2019 532 die
2049 501 2196 534 nuos

1313 565 1410 595 suos
1442 554 1769 606 demolirentur,
1804 553 2014 606 injunxit.
2066 553 2199 600 Unde

1312 631 1410 660 cum
1429 619 1512 660 sibi
1531 624 1699 661 tantum
1730 618 1776 659 id
1806 617 1989 671 praecipi
2015 617 2198 680 singulm

1312 683 1558 736 crederent,
1584 695 1655 736 ne,
1682 683 1719 724 si
1735 683 1780 724 in
1795 695 1916 724 mora
1931 685 2091 736 essent,
2107 694 2197 724 nan

1313 759 1340 788 a
1355 747 1558 788 Romanis
1578 751 1766 798 tantum,
1784 746 1861 788 sed
1881 747 2014 788 etiam
2041 757 2071 788 a
2086 747 2194 803 vici·

1310 811 1376 851 nis
1396 823 1448 852 ac
1478 811 1607 852 sociis
1627 811 1744 851 adid
1762 816 2039 864 cogerentur,
2062 810 2199 852 malu-

1309 878 1440 914 erunt
1458 883 1627 925 parens.
1665 874 1968 927 Exstatrhujus
1989 873 2197 927 triumphi

1310 936 1571 989 praeclarum
1586 936 1764 989 aliquod
1783 939 2132 988 monumentmn3
2152 936 2198 977 in

1309 1013 1394 1054 quo
1409 1001 1523 1041 hanc
1541 999 1676 1042 fuisse
1695 998 2034 1055 inscriptionem,
2061 1003 2196 1043 testa-

1309 1069 1381 1105 tur
1395 1063 1626 1116 Angustia.
1656 1063 1894 1105 Nerrucius
1913 1075 1926 1104 ε

1428 1138 1623 1169 punam
1650 1136 1853 1168 vica-mcx
1880 1135 2077 1169 smum.

1308 1202 1390 1234 1110
1428 1202 1637 1233 nosrrvu
1673 1201 1914 1235 timavus
1950 1196 2198 1233 fuerumt·

1360 1268 1442 1298 vrr
1469 1267 1601 1310 cxro,
1626 1266 1706 1296 vm
1725 1257 1957 1297 sactum
1974 1265 2096 1297 suno
2114 1265 2198 1296 aa·

1361 1331 1535 1376 ‘rimmo
1596 1329 1853 1371 connmm,
1909 1329 1968 1359 rr
2022 1326 2195 1360 mam

1362 1393 1579 1424 PALLAms
1608 1392 1830 1423 usnemu
1857 1390 2090 1425 nmevnu

1307 1455 1523 1486 PAREANT
1550 1455 1672 1485 unco
1701 1454 1759 1485 m·
1786 1454 1991 1485 noscam·
2027 1452 2196 1496 onas,

1359 1518 1559 1548 snuxrvs
1598 1518 1656 1548 ΕΤ
1697 1517 1864 1548 Porvu
1903 1514 2088 1547 nomm
2115 1517 2194 1547 m·

1359 1581 1540 1612 PERIVM
1561 1580 1759 1612 nssonvm
1790 1580 1973 1611 nvmnn
1997 1578 2056 1611 m·
2074 1579 2195 1611 um·

1357 1643 1459 1673 'tvm
1488 1642 1803 1675 ronna-vomis
1844 1642 1901 1674 m·
1941 1642 2083 1674 ‘rvnlu
2137 1642 2195 1674 m·

1359 1706 1486 1737 aner.
1519 1696 1723 1737 Kenchen.

1361 1759 1511 1800 Consul
1527 1760 1693 1811 iterum]
1722 1758 1836 1802 Ann.
1853 1763 1950 1801 ⁵60.
1979 1759 2128 1803 Urbis.

1357 1823 1411 1863 Ιιι
1425 1823 1562 1874 priore
1584 1823 1823 1874 Consulatu]
1850 1826 1947 1864 549.

1357 1885 1418 1925 Et
1436 1886 1522 1937 ipse
1539 1887 1579 1927 ei
1613 1886 1836 1938 succedere]
1867 1886 1927 1927 Et
1960 1885 2188 1929 successit.

1302 1946 1542 2000 Λιεπράξαπο
1578 1950 1655 1997 τῆς
1687 1947 1878 2002 ἐπᾳρχίας
1909 1947 2056 1997 ἐκείνης
2100 1948 2196 1991 ἂι»-

1303 2013 1503 2064 δειχθῆναι
1546 2011 1743 2066 διάδοχος,
1787 2012 1910 2053 Plut.
1977 2011 2098 2053 Vide·
2129 2023 2197 2052 se-

1302 2078 1495 2131 quentia.
1551 2078 1717 2120 Addita
1749 2083 1819 2119 est
1849 2077 1896 2119 in
1924 2077 2194 2130 provinciam

1302 2142 1498 2195 Scipioni
1528 2141 1747 2195 Hispania
1792 2140 1992 2185 ulterior.
2044 2139 2193 2183 Livius

1302 2203 1420 2246 Ann.
1439 2215 1610 2247 xxxrv.

1358 2269 1498 2320 Neque
1510 2269 1583 2308 hoc
1596 2272 1866 2320 persentiam
1883 2269 2031 2322 efficere
2043 2267 2196 2320 potuit]

1301 2330 1467 2372 Contra
1497 2331 1776 2384 Plutarchus,
1802 2337 1855 2372 ut
1881 2343 2013 2384 supra
2027 2331 2194 2373 monni-

1300 2404 1408 2434 mus.
1461 2393 1548 2433 Sed
1566 2393 1647 2434 hoc
1666 2405 1751 2434 non
1771 2393 1918 2445 potuit
1933 2392 2125 2446 efficere,
2143 2399 2194 2436 nt

1301 2455 1505 2507 Senatus,
1533 2467 1630 2509 quae
1663 2461 1811 2497 essent
1843 2461 1943 2498 acta
1960 2468 1987 2496 a
2011 2457 2196 2509 Catone,

1299 2517 1583 2571 improbaret.
1655 2519 1732 2559 Sic
1776 2518 1892 2560 enim
1927 2515 2192 2561 Plutarchus

1301 2581 1457 2622 eodem
1478 2581 1600 2623 loco:
1633 2581 1693 2621 Οὐ
1709 2581 1788 2632 μὴν
1802 2581 1910 2624 ἀλλὰ
1934 2581 2002 2624 καὶ
2017 2583 2193 2634 cmm-

1308 2657 1386 2684 του
1411 2642 1682 2699 ψηφισαμένης
1705 2644 1826 2696 μηδὲν
1855 2643 2070 2688 ἀλλάττειν
2095 2645 2195 2697 μηδὲ

1308 2709 1427 2748 κινεῖν
1443 2709 1524 2747 τῶν
1542 2707 1888 2759 διῳκημένωωνὺπὸ
1904 2706 1978 2750 rofi
1994 2707 2193 2760 neb-om.

1303 2768 1330 2818 ἡ
1346 2767 1419 2819 μὲν
1435 2769 1540 2823 ἁρχὴ
1570 2771 1632 2820 τῷ
1656 2769 1850 2823 Σκιπίωνι,
1867 2772 1940 2820 τῆς
1957 2771 2076 2812 αὐτοῦ
2089 2772 2195 2823 μᾶλ·

1303 2840 1378 2874 λον
1403 2832 1430 2881 ἦ
1456 2835 1530 2882 τῆς
1559 2831 1740 2875 Κάτωνος
1766 2836 1972 2887 ἀφελοῦσα
2004 2834 2194 2889 Meum&

1304 2895 1468 2950 ἀπραξίᾳ
1486 2896 1554 2938 καὶ
1569 2900 1705 2952 σχολῇ
1720 2897 1850 2948 μάτην
1867 2900 2035 2947 διῆλθεν.
2049 2899 2191 2940 Lens.

1303 2959 1529 3001 Quomodo
1563 2971 1669 3000 vero
1706 2965 1807 3012 post
1842 2960 2110 3013 triumphum
2143 2961 2190 3002 in

1302 3022 1543 3076 Republica
1560 3034 1607 3063 se
1628 3023 1817 3075 gesserit
1847 3023 1974 3071 Cato,
1994 3022 2191 3078 explicat

1301 3085 1459 3127 ibidem
1477 3086 1656 3127 aliorum
1675 3086 1932 3140 Principum
1950 3088 2180 3140 exemplis.

1355 3149 1636 3204 Pnacipatum
1667 3151 1877 3203 obtineret]
1916 3153 1980 3194 Ut
2007 3152 2082 3206 qui
2113 3163 2189 3204 po-

1301 3216 1455 3256 tentiae
1474 3215 1764 3257 Romanorum
1795 3215 2062 3270 provinciam
2087 3225 2188 3269 ape·

1303 3284 1467 3321 ruerat.
1488 3280 1678 3322 Velleius
1697 3292 1749 3322 11.

1358 3343 1474 3390 Quod
1492 3347 1576 3384 tum
1594 3356 1670 3385 non
1683 3345 1878 3396 potentia,
1902 3343 1972 3384 sed
1986 3341 2084 3393 jare
2111 3354 2190 3384 res-

1299 3407 1455 3460 publica
1471 3407 1842 3458 administrabatur]
1860 3405 2070 3459 Proinde,
2087 3418 2188 3460 qua-

1303 3471 1495 3524 sidicat,
1527 3477 1577 3512 nt
1598 3471 1738 3512 hodie.
1792 3470 1941 3511 Mores
1959 3470 2073 3512 enim
2090 3482 2188 3513 suo-

1301 3547 1396 3578 rum
1416 3540 1660 3593 temporum
1679 3536 1816 3588 notat,
1827 3532 2092 3589 obscureque
2103 3545 2186 3588 ,po-
