2306 3900
341 271 456 327 620

348 407 498 459 Nepos
530 407 708 445 aetatem
745 415 880 455 suam,
923 415 1008 457 qua
1041 402 1236 444 Phocion

348 474 514 510 tautum
547 467 600 508 ob
638 478 804 507 morum
839 466 1078 506 bonitatem
1108 470 1236 506 notus

347 536 466 583 erat3
496 542 638 572 rerum
667 529 781 570 bello
807 541 859 570 ac
887 541 996 582 pace
1025 530 1236 582 praeclare

347 600 562 648 gestarum
583 594 754 635 nomine
772 593 994 634 obscurus.
1035 593 1236 635 Gebhard.

401 659 472 698 Ex
491 671 566 710 quo
583 655 808 709 cognomine
834 657 973 697 Bonus
990 660 1048 696 est
1067 657 1237 709 appella·

346 720 430 774 tus]
476 723 614 774 Supra
649 720 692 761 in
727 720 951 761 Aristide:
997 721 1011 743 ‘
1037 721 1101 761 Ut
1123 732 1237 761 nunc

346 784 598 837 cognomine
647 784 800 826 ,Iustus
856 784 913 824 sit
962 781 1240 836 appellatus!

347 847 476 891 Quod
496 859 735 900 cognomen
756 859 781 887 a
807 846 1039 887 virtutibus
1065 845 1238 899 imposi-

346 917 455 954 tum.
477 912 576 952 Mos
588 911 744 964 passim
759 910 908 952 obvius
925 910 1041 962 apud
1059 910 1238 951 Graecos

347 976 627 1028 Latinosque,
683 986 802 1015 rarus
840 973 977 1026 primo
1023 972 1160 1014 honor
1192 978 1238 1014 et

345 1039 573 1092 gloriosus,
594 1050 692 1078 mox
711 1037 897 1078 ridicula
927 1049 1045 1089 saepe
1069 1035 1238 1078 ambiti-

347 1115 429 1144 one
445 1103 645 1155 vulgatus
658 1101 886 1142 obsolevit.
902 1100 1079 1141 Boecler.
1106 1104 1237 1153 Χρησ-

344 1167 411 1208 vbi
439 1167 598 1209 Graece
624 1166 766 1208 dictus
786 1169 871 1216 est,
890 1170 1066 1206 auctore
1087 1164 1238 1217 Sama,

345 1230 460 1284 quod
481 1230 679 1271 omnibus
711 1229 805 1269 aliis
835 1228 972 1280 magis
1005 1240 1132 1281 quam
1157 1228 1238 1269 sibi

346 1299 464 1335 esset
502 1294 634 1334 utilis.
709 1294 824 1334 Nam
864 1296 910 1332 et
955 1291 1001 1331 in
1042 1291 1238 1344 pecuniis

346 1359 580 1412 largiendis
600 1356 922 1399 liberalissimus
941 1354 1042 1407 fuit,
1063 1361 1109 1396 et
1127 1354 1237 1396 filias

345 1424 531 1465 elocavit
543 1436 643 1463 cum
671 1422 774 1462 dote
794 1420 927 1461 etiam
944 1418 1233 1471 pauperrimis

345 1485 739 1540 quibusque,modo
757 1488 902 1524 essent
917 1482 1047 1534 frugi.
1077 1482 1239 1523 Graeca

342 1551 460 1592 enim
487 1562 571 1591 vox
598 1549 675 1591 ἀπὸ
708 1549 780 1589 τοῦ
805 1549 977 1601 χρᾶσθαι
1006 1546 1127 1588 facta
1153 1552 1237 1588 est.

345 1617 510 1667 Longol.
555 1616 728 1656 Praeter
739 1612 962 1654 Plutarch.
981 1611 1024 1651 in
1041 1611 1132 1652 vita
1148 1612 1239 1664 ejus

346 1685 395 1720 et
425 1679 503 1720 lib.
539 1679 592 1719 de
622 1677 810 1727 Musica,
843 1680 889 1716 et
916 1674 1106 1725 Suidam,
1143 1673 1240 1714 Val.

346 1744 469 1784 Max.
491 1755 593 1783 vm.
623 1746 662 1783 3.
681 1745 721 1782 2.
769 1741 781 1763 ‘
803 1738 974 1780 Placidi
1002 1742 1047 1778 et
1074 1737 1241 1778 miseri-

343 1807 500 1848 cordes
516 1812 561 1847 et
574 1806 793 1855 liberales,
805 1802 1008 1854 omnique
1024 1801 1242 1841 suavitate

347 1871 580 1923 temperati
640 1880 780 1910 mores
837 1866 1087 1917 Phocionis,
1134 1877 1241 1918 quos

346 1934 511 1988 optime
554 1931 754 1986 profecto
790 1941 1019 1971 consensus
1051 1928 1240 1969 omnium

347 1996 554 2038 bonitatis
576 1993 832 2048 cognomine
852 1989 1121 2033 decorandos
1141 2003 1242 2033 cen-

346 2059 465 2102 suit.'
492 2061 660 2101 Sat-aro.

402 2123 502 2164 Fuit
536 2124 641 2164 enim
668 2125 858 2175 perpetuo
885 2119 1058 2173 pauper]
1115 2120 1235 2172 Lege

345 2187 630 2229 Plutarchum
659 2186 704 2226 in
724 2185 799 2226 lib.
837 2183 925 2237 περὶ
945 2181 1240 2235 φιλοπλουτίας.

347 2251 612 2292 Athenaeum
649 2250 724 2291 lib.
753 2261 798 2291 x.
826 2253 867 2289 3.
925 2248 1165 2289 Lucianum
1195 2248 1241 2288 in

347 2314 461 2356 Jove
480 2312 736 2364 Confutato,
756 2317 802 2353 et
822 2311 979 2364 passim
1000 2312 1118 2352 alios.

406 2378 537 2424 Quum
546 2376 768 2416 ditissimus
781 2387 861 2415 esse
870 2374 1020 2426 posset]
1042 2374 1241 2416 Lambiu.

347 2447 396 2483 et
418 2441 526 2482 Cod.
547 2438 695 2481 Gifan.
715 2438 997 2479 divitissimus:
1026 2437 1241 2491 quomodo

347 2511 394 2546 et
416 2504 571 2546 Cicero
590 2515 625 2544 1.
655 2502 711 2543 de
738 2501 886 2542 Divin.
905 2504 973 2542 36.
1007 2500 1020 2523 ‘
1040 2499 1242 2541 divitissi-

349 2579 464 2608 mum
496 2566 591 2607 fore
621 2565 882 2618 praedictum
902 2561 998 2604 est.’
1050 2562 1123 2604 Sic
1149 2562 1162 2585 ‘
1184 2562 1246 2603 di-

350 2630 503 2672 vitior'
534 2629 649 2682 apud
679 2628 880 2680 eundem,
914 2627 1136 2679 Plautum,
1158 2627 1243 2667 Lu·

349 2695 549 2746 cretium,
574 2692 841 2745 Martialem,
867 2691 1066 2732 Tacitum
1093 2703 1244 2732 occur·

352 2759 426 2801 rit.
459 2759 623 2800 Rosius.

404 2824 640 2876 Dabuntur]
693 2823 767 2865 Sic
796 2823 967 2864 Schott.
1003 2827 1050 2864 et
1080 2823 1242 2865 Savaro

348 2893 523 2929 secutus
557 2888 665 2929 Mss.
694 2887 805 2928 Ven.
837 2886 928 2927 Col.
964 2886 1069 2929 Ald.
1099 2887 1242 2929 Paris.

350 2953 396 2993 in
409 2951 595 3005 vulgatis
609 2950 910 2992 mandabantur.
935 2950 988 2991 In
1002 2951 1240 3004 Pelopida:

350 3016 365 3040 ⁴
396 3015 496 3058 Hac
532 3019 679 3056 mente
728 3013 878 3056 amicis
925 3013 1011 3054 suis
1054 3027 1242 3056 summas

340 3082 596 3131 -potestates
611 3075 853 3119 dederant.'
885 3075 1050 3118 Savaro.

404 3142 443 3183 Α
478 3152 573 3193 rege
603 3140 789 3193 Philippo
816 3151 978 3181 munera
1006 3153 1151 3192 magna
1174 3153 1243 3194 pe·

348 3203 497 3256 cuniae]
554 3203 819 3245 Plutarchus
855 3203 900 3244 in
937 3202 1161 3257 Apophth.
1197 3209 1244 3246 et

353 3267 447 3308 vita
476 3267 723 3319 Phocionis,
755 3278 840 3307 non
874 3266 1141 3321 Philippum,
1166 3266 1244 3310 sed

352 3327 648 3369 Alexandrum
663 3329 875 3370 Phocioni
890 3334 1065 3372 centum
1080 3331 1245 3373 talenta

348 3390 469 3431 dono
488 3390 656 3431 misisse
669 3391 790 3434 dicit.
828 3392 902 3434 Sic
921 3398 968 3435 et
982 3392 1246 3438 Iamblichus

353 3453 562 3507 scriptum
582 3454 756 3507 reliquit
775 3455 820 3496 in
838 3456 920 3505 his,
949 3469 1046 3510 quae
1072 3457 1128 3499 de
1158 3459 1245 3512 Py-

354 3516 536 3579 thagora
554 3517 774 3560 memorie
792 3518 1077 3574 consignavit.
1110 3522 1248 3574 Magi-

736 266 927 324 No‘r‘AE‘
963 281 1300 325 VAmoRuM
1340 283 1408 325 m
1449 284 1500 325 o.
1538 278 1803 324 NEP'O‘HS

1296 414 1357 444 us.
1412 401 1539 444 Adde
1559 402 1771 444 AElianum
1791 403 1898 444 Var.
1920 401 2038 444 Hist.
2056 401 2132 445 lib.
2151 414 2184 445 ι.

1351 466 1462 507 Car.
1482 470 1523 508 2.
1556 465 1794 519 Mansisset]
1843 466 2013 509 Schott.
2032 466 2184 508 Codex

1291 531 1556 582 pervenisset.-
1616 531 1679 571 sic
1722 531 1827 572 Mss.
1873 530 1984 571 Ven.
2031 529 2183 572 Colon.

1297 594 1396 634 edd.
1418 595 1559 637 Paris.
1578 596 1868 648 permansisset.
1897 593 2096 635 Lambin.

1351 658 1491 698 Primo
1507 670 1594 700 cum
1607 658 1807 711 Demade]
1835 658 2077 700 Historiam
2090 655 2187 698 fuse

1297 726 1474 761 narrant
1510 721 1727 762 Diodorus
1761 721 1931 762 Siculus
1950 720 2028 761 lib.
2046 731 2189 762 xvm.

1298 790 1346 826 et
1364 786 1635 828 Plutarchus.
1680 786 1769 827 Sed
1788 786 1834 827 in
1844 787 1966 827 -Msc.
1984 785 2190 827 Leidensi

1298 853 1381 901 est,
1413 849 1551 889 Primo
1584 851 1686 902 quod
1714 862 1802 891 eum
1834 850 2030 903 Demade,
2069 848 2187 904 quod

1299 911 1456 964 probat
1483 912 1656 955 Bosius.

1355 976 1485 1022 Quum
1519 976 1702 1017 adversus
1737 976 1948 1017 Charetem
1981 988 2070 1016 eum
2097 975 2189 1018 sub-

1297 1041 1475 1093 ornaret]
1535 1039 1648 1081 Vide
1679 1053 1776 1094 quae
1816 1039 1871 1080 ad
1904 1039 2016 1082 hunc
2048 1039 2190 1099 locum

1297 1107 1424 1144 notat
1442 1102 1675 1155 Dionysius
1695 1103 1944 1144 Lambinus.

1351 1165 1417 1207 Ab
1436 1168 1520 1208 eod.
1534 1167 1675 1218 injud.
1694 1161 1731 1219 a.
1748 1167 1871 1219 capit.
1889 1179 1996 1208 cans.
2020 1166 2188 1220 diceret]

1297 1229 1460 1271 Eadem
1479 1243 1571 1272 sors
1591 1231 1825 1285 Ciceronis,
1844 1231 1916 1285 qui
1929 1244 1955 1272 a
1967 1231 2017 1272 C.
2037 1230 2189 1283 Popil-

1298 1294 1355 1335 lio
1372 1295 1570 1346 Laenate,
1585 1307 1714 1349 quem
1733 1293 1955 1348 parricidii
1974 1305 2092 1334 reum
2110 1293 2187 1334 de-

1297 1357 1513 1410 fenderat,
1526 1357 1784 1400 interfectus
1803 1364 1888 1412 est,
1916 1357 1980 1398 M.
1994 1357 2187 1398 Antonio

1298 1423 1522 1475 praemium
1564 1423 1874 1476 suppeditante
1921 1421 2011 1462 HS.
2045 1421 2191 1463 decies

1298 1490 1484 1527 centena
1523 1485 1672 1527 millia.
1729 1485 1920 1538 Appian.
1963 1484 2191 1526 Plutarch.

1299 1550 1446 1592 Valer.
1466 1551 1587 1592 Max.
1607 1563 1651 1592 v.
1672 1554 1712 1591 3.
1740 1551 1943 1591 Senectus.

1354 1615 1448 1654 Non
1493 1614 1688 1665 defendit,
1733 1615 1801 1654 sed
1836 1614 1957 1654 eliam
1993 1612 2193 1666 prodidit]

1302 1677 1418 1719 Quin
1432 1677 1562 1717 etiam
1577 1683 1623 1717 et
1635 1677 1837 1729 patriam,
1848 1682 1897 1718 ut
1912 1690 2037 1718 mox:
2061 1689 2194 1731 quare

1298 1740 1398 1794 lege
1421 1740 1591 1780 talionis
1610 1740 1715 1779 nihil
1743 1740 1914 1793 mirum,
1927 1740 1962 1780 si
1981 1740 2193 1793 ingratam

1302 1815 1408 1856 erga
1423 1815 1469 1844 se
1489 1809 1697 1856 expertus
1717 1807 1799 1844 est.
1831 1805 1902 1844 De
1922 1815 2007 1857 quo
2027 1804 2193 1845 scelere

1303 1866 1461 1907 Cicero
1491 1866 1622 1907 Offic.
1641 1878 1674 1907 1.
1707 1871 1753 1907 et
1779 1867 1987 1920 Virgilius
2008 1881 2018 1908 ε
2043 1868 2056 1891 ‘
2077 1867 2193 1909 Ven-

1303 1930 1414 1972 didit
1433 1931 1500 1972 hic
1521 1943 1624 1971 auro
1641 1931 1855 1984 patriam!
1889 1932 2087 1976 Schottus.

1360 1996 1492 2042 Quum
1525 1998 1630 2049 apud
1660 2010 1748 2038 eum
1780 2009 1968 2038 summum
1995 2002 2093 2039 esset
2118 1998 2195 2038 im·

1298 2059 1454 2111 perium
1485 2061 1640 2113 populi]
1688 2061 1910 2103 Plutarch.
1965 2061 2193 2116 Στρατηγὸς

1303 2123 1369 2164 καὶ
1396 2123 1541 2177 ἅρχων·
1571 2124 1614 2164 id
1642 2129 1725 2176 est,
1752 2126 1983 2179 imperator,
2011 2138 2087 2167 seu
2111 2128 2195 2167 dux

1303 2188 1523 2236 exercitus;
1551 2192 1597 2229 et
1624 2188 1786 2239 archon,
1812 2189 1895 2230 hoc
1923 2194 2006 2242 est,
2029 2194 2196 2242 pretor.

1303 2250 1553 2292 Lambinus.
1611 2252 1720 2291 Erat
1732 2251 1846 2291 enim
1859 2252 2034 2303 archon,
2045 2258 2091 2294 et
2105 2253 2196 2306 qui-

1303 2313 1402 2353 dem
1423 2319 1526 2354 ante
1563 2311 1854 2366 Archippum,
1890 2314 1972 2355 nisi
1997 2326 2065 2356 me
2091 2326 2196 2357 con·

1297 2375 1475 2428 jectura
1504 2374 1629 2417 fallit.
1695 2377 1829 2417 Certe
1859 2381 2057 2419 extremo
2091 2377 2194 2419 vite.

1303 2444 1516 2492 tempore,
1536 2439 1617 2480 sub
1644 2440 1936 2482 calamitatem
1955 2442 2098 2494 istam,
2124 2453 2193 2484 ar·-

1303 2502 1506 2544 chontem
1530 2502 1663 2544 fuisse
1683 2503 1946 2546 Plutarchus
1977 2505 2114 2548 tradit
2146 2507 2191 2547 iu

1304 2566 1399 2619 ejus
1431 2567 1546 2608 vita:
1595 2567 1643 2607 ‘0
1675 2565 1718 2607 δὲ
1755 2566 1810 2609 εἷς
1833 2567 2017 2622 πατρίδος
2038 2563 2194 2611 &rosw-

1305 2629 1471 2672 δυνεύων
1495 2630 1707 2684 σωτηρίαν,
1727 2631 1792 2672 καὶ
1817 2634 1945 2674 ταῦτα
1961 2634 2197 2687 στρατηγὸς,

1305 2694 1371 2736 καὶ
1389 2695 1535 2749 ἅρχων,
1562 2696 1633 2736 οὐκ
1660 2694 1746 2736 οῖδα
1771 2696 1826 2747 μὴ
1848 2696 1984 2749 μεῖζόν
2007 2712 2050 2739 τι
2073 2712 2196 2751 παρα-

1305 2758 1444 2809 βαίνει,
1481 2759 1547 2800 καὶ
1586 2759 1848 2815 πρεσβύτερον
1890 2761 1939 2803 τὸ
1976 2761 2070 2816 πρὸς
2107 2762 2197 2806 τοὺς

1305 2822 1474 2865 πολίτας
1501 2822 1656 2866 δίκαιον.
1711 2825 1798 2866 Sed
1826 2838 1911 2866 non
1943 2826 2014 2867 diu
2041 2828 2197 2880 magis-

1305 2893 1468 2929 tratum
1501 2888 1620 2929 illum
1664 2890 1821 2942 tenuit,
1857 2894 1906 2930 ut
1938 2889 2196 2932 Plutarchus

1305 2951 1421 2991 clare
1454 2955 1631 3002 narrat3
1659 2951 1808 3004 itaque
1841 2957 2025 3004 amotus,
2055 2957 2106 2994 ut
2132 2953 2195 2995 vi·

1305 3013 1449 3064 detur,
1482 3011 1754 3066 Archippum
1797 3013 1880 3054 sibi
1913 3014 2195 3058 substitutum

1303 3076 1483 3125 habuit3
1512 3075 1632 3128 cujus
1658 3087 1815 3117 nomeu
1844 3076 1976 3118 etiam
2007 3074 2195 3121 relatum

1302 3138 1350 3180 in
1368 3139 1534 3179 Fastos.
1579 3139 1796 3181 Menrsius.
2143 3167 2146 3170 -

1359 3201 1516 3243 Piroeeo
1546 3202 1865 3256 Atheniensium]
1916 3202 2103 3246 Videtur
2133 3205 2195 3246 le·

1306 3265 1512 3319 gendum,
1538 3266 1697 3307 Piroeeo
1723 3266 2018 3308 Atheniensium
2034 3270 2168 3320 portui
2178 3283 2195 3317 ,-

1306 3331 1379 3372 vel
1410 3329 1641 3371 delendum
1659 3329 1971 3371 Atheniensium.
2026 3331 2193 3373 verun-

1307 3399 1454 3438 tamen
1473 3394 1578 3435 nihil
1590 3398 1759 3435 mutare
1773 3402 1900 3432 ausus
1915 3404 2024 3433 sum.
2051 3394 2192 3437 Lamb.

1360 3458 1399 3500 A
1415 3456 1620 3510 Der-cyno]
1658 3456 1798 3498 Quem
1817 3454 1949 3505 Regis
1969 3453 2193 3508 Antipatri

1307 3521 1479 3564 nomine
1495 3519 1643 3563 Attica
1673 3525 1775 3562 tunc
1803 3518 1922 3574 regio
1942 3517 2192 3574 praefectum
