2306 3900
345 252 454 308 688

357 418 361 428 -.
399 391 466 433 De
498 392 802 446 proscriptorum
844 388 1022 442 numero]
1087 390 1227 432 Quem

346 456 483 499 tradit
501 455 722 508 Appianas
742 468 805 496 ιν.
826 456 969 507 ἐμφυλ.
1012 455 1164 496 Florus
1184 455 1228 494 in

343 518 628 559 Triumvirat'u
663 520 717 560 de
750 519 1041 569 Senatoribus,
1066 519 1139 560 ubi
1172 519 1228 559 ab

343 581 543 634 Appiano
562 594 664 623 cmx.
683 583 921 624 discordat.

399 646 512 687 CAP.
533 650 598 688 11.
627 649 728 688 Post
752 649 937 701 prelium
955 648 1228 701 Philippense]

344 708 469 751 Quod
508 711 740 751 secundum
778 712 906 752 civile
944 712 997 752 ab
1027 711 1227 764 Augusto

344 772 516 814 Caesare
550 779 732 826 gestum.
770 776 783 798 ‘
801 777 926 817 Bella
944 776 1088 817 civilia
1107 777 1227 830 quiu-

344 848 428 888 que
457 838 615 889 gessit.
647 839 911 891 Mutinense,
930 839 1226 892 Philippense,

343 899 614 953 Perusinum,
630 902 835 954 Siculum,
852 901 1108 945 Actiacum.’
1126 903 1227 944 Sue·

343 963 502 1004 tonius.

395 1027 683 1080 Interitumque
704 1029 753 1070 C.
778 1028 922 1079 Cassii,
941 1034 980 1071 et
1000 1028 1064 1071 M.
1084 1022 1229 1084 Bruti]
1266 1052 1281 1067 ι

340 1088 528 1142 Appian.
551 1091 651 1133 Dio.
669 1093 876 1134 Velleius.
905 1094 1069 1134 Florus.
1087 1092 1100 1116 ‘
1115 1094 1225 1135 Dec.

340 1152 524 1193 Brutum
544 1153 725 1195 Antonii
743 1156 964 1198 interemit
978 1157 1226 1198 erudelitas.

341 1217 440 1258 Sex.
460 1217 729 1270 Pompeium,
751 1220 976 1261 abeodem
993 1220 1225 1269 devictum,

340 1281 456 1322 idem
491 1281 719 1334 Antonius,
750 1296 846 1324 cum
873 1284 1098 1337 dignitatis
1123 1296 1227 1338 quo-

341 1357 425 1397 que
444 1346 668 1387 servandae
700 1346 891 1389 dedisset
921 1347 1064 1400 tidem,
1094 1349 1226 1389 etiam

339 1408 494 1460 spiritu
528 1409 729 1461 privavit.
783 1412 942 1453 Brutus
966 1417 1012 1453 et
1038 1412 1227 1461 Cassius,

341 1476 442 1512 ante
487 1482 614 1524 quam
665 1473 880 1514 victorum
926 1474 1227 1527 experirentur

340 1533 542 1586 animum,
561 1534 807 1577 voluntaria
824 1542 964 1578 morte
984 1537 1226 1580 obierunt.¹

340 1596 609 1639 Paterc.11.
679 1597 793 1639 Vide
841 1599 1052 1643 Senecam
1086 1599 1226 1653 Epist.

342 1669 525 1702 Lxxxn.

396 1724 454 1763 Et
491 1736 567 1764 non
602 1725 839 1778 necessaria]
907 1693 1224 1768 Freinshemius

340 1787 574 1838 existimat,
602 1787 787 1830 fortasse
815 1791 1068 1844 legendum:
1107 1792 1226 1833 etiam

337 1850 567 1893 ’necessat-ia.
607 1852 808 1894 Boecler.

395 1913 533 1966 Neque
564 1916 859 1970 temporariam]
905 1917 1125 1959 Manutius
1154 1914 1227 1960 ex·

339 1977 479 2030 ponit,
497 1978 644 2031 exigui
656 1981 873 2033 temporis.
919 1982 1059 2023 Falso.
1104 1983 1164 2023 Et
1179 1982 1225 2024 in

340 2041 522 2082 alteram
541 2041 868 2095 interpretando
887 2047 1056 2096 partem
1074 2044 1226 2087 Schot-

340 2108 409 2144 tus
428 2116 601 2158 quoque
616 2111 752 2149 errat.
778 2107 888 2149 Quis
907 2108 1019 2149 enim
1038 2121 1224 2162 unquam

337 2165 676 2219 ‘temporarium
689 2169 702 2190 ’
726 2181 824 2210 esse
845 2171 1013 2212 lentum
1032 2171 1225 2213 audivit?

338 2229 353 2252 ‘
371 2230 701 2283 Temporarius'
730 2238 814 2285 est,
828 2234 905 2287 qui
929 2239 1102 2287 spectat
1115 2241 1226 2277 tem-

339 2305 435 2345 pus,
466 2291 732 2349 affectusque
764 2309 863 2338 suos
895 2298 1109 2340 successui
1137 2299 1224 2341 for·

338 2360 456 2397 tunae
477 2357 653 2398 alterius
672 2362 950 2412 attemperat.
979 2361 1226 2414 Explicavit

340 2431 436 2460 sese
455 2419 598 2472 paullo
617 2421 835 2472 superius:
864 2424 877 2445 ‘
895 2423 1003 2464 Quae
1034 2435 1131 2463 cum
1159 2422 1224 2465 fa-

338 2482 497 2534 ciebat,
532 2494 658 2523 nemo
695 2496 792 2524 eum
831 2485 1039 2537 temporis
1073 2497 1225 2527 caussa

338 2545 485 2586 {lacere
504 2551 678 2598 poterat
697 2547 983 2588 existumare?
1025 2548 1098 2589 Sic
1118 2550 1224 2590 Cur-

339 2610 426 2650 tius
457 2609 485 2648 .‘
518 2610 783 2662 temporaria
841 2610 1037 2663 ingenia’
1099 2612 1224 2654 dixit.

338 2675 351 2696 ‘
372 2675 652 2727 Tempora-ria
671 2676 936 2727 liberalitaS,’
958 2688 1054 2730 quae
1074 2682 1225 2729 captat

341 2735 511 2788 feliceS‚
534 2744 586 2778 et
623 2739 828 2791 temporis
858 2751 1009 2780 caussa
1029 2740 1226 2792 largitur,

340 2801 541 2853 quamdiu
572 2807 722 2853 sperat
741 2802 836 2843 fore
867 2803 1048 2844 eundem
1082 2815 1224 2844 rerum

339 2864 621 2904 secundarum
655 2878 839 2906 cursum.
898 2866 1025 2906 Haud
1051 2866 1225 2919 dispare

339 2932 484 2967 mente
518 2927 692 2967 Curtius
721 2940 760 2968 v.
779 2932 818 2969 3.
848 2928 862 2951 ‘
880 2929 1111 2970 Mandates
1130 2934 1227 2971 erat

338 2989 463 3041 liujus
496 2990 680 3042 regionis
713 2990 973 3043 Praefectus,
993 2992 1103 3032 band
1122 3004 1224 3034 sane

339 3057 581 3105 temporum
616 3054 845 3094 multorum
879 3054 1032 3104 liomo;
1061 3055 1240 3107 (μύρρα

339 3116 491 3156 ultima
511 3129 590 3168 pro
617 3115 702 3156 fide
732 3117 919 3168 experiri
940 3117 1227 3159 decreverat.’

340 3177 376 3216 A
400 3179 654 3219 scholiorum
682 3178 875 3219 Auctore
904 3180 945 3219 in
974 3179 1226 3233 Aristopha-

340 3241 406 3282 nis
427 3242 568 3282 Ranas
590 3243 893 3294 temporarium
913 3243 1130 3296 ingenium
1151 3256 1226 3297 op-

340 3303 444 3342 time
474 3305 703 3355 exponitur
730 3304 992 3357 παλίμβολος,
1015 3305 1225 3359 Eryxias-po-

341 3372 429 3415 φος,
464 3370 680 3414 καθομιλῶν
718 3367 810 3408 τοὺς
846 3368 1014 3420 καιροὺς,
1050 3368 1144 3422 πρὸς
1178 3369 1226 3422 Τὸ

340 3429 517 3479 κρεῖττον
542 3427 653 3479 μέρος
687 3429 746 3469 ἀεὶ
775 3430 897 3471 διδοὺς
919 3431 1069 3471 ἑαυτόν.
1120 3432 1225 3471 Geb-

340 3492 499 3532 hardus.
550 3491 603 3531 Et
640 3494 923 3546 ‘temporarii
960 3495 1116 3542 amici,’
1153 3495 1225 3547 qui

730 271 908 310 No'rAE
954 260 1283 311 VARIO'RUM
1326 273 1391 312 m
1432 275 1485 314 c,
1526 275 1790 315 NEPOTIS

1292 389 1575 433 amicitiarum
1596 391 1699 445 jura
1726 403 1815 432 non·
1837 389 1939 443 fide,
1971 391 2047 433 sed
2080 405 2176 436 suc-

1291 463 1416 494 cessu
1435 455 1704 507 ponderant,
1692 469 1703 478 ·
1739 461 1789 496 ut
1807 455 1997 509 loquitur
2011 456 2175 499 sustin.

1291 516 1366 556 lib
1387 522 1564 559 xx11.⁷.
2074 535 2079 540 ’

1346 581 1484 633 Neque
1500 583 1700 634 callidam]
1730 582 2063 637 Insidiatricem,
2075 593 2177 648 cap-

1290 643 1506 685 tatricem.
1543 645 1747 686 Schottus
1758 646 1926 687 calidam
1939 647 2065 700 legit,
2082 647 2177 688 red·

1289 705 1458 760 dltque,
1473 709 1761 750 temerariam.
1818 711 1951 752 Certe
1979 722 2065 751 non
2090 711 2177 752 cal-

1289 768 1387 811 lide.
1443 771 1574 812 Cotta
1608 773 1723 825 apud
1749 773 2023 815 Sallustium:
2051 775 2065 798 ‘
2091 775 2178 816 Ne-

1289 845 1373 886 que
1394 845 1477 886 ego
1503 834 1703 876 callidam
1740 834 2001 889 facundiam,
2033 849 2174 890 neque

1289 895 1504 948 ingenium
1543 898 1598 938 ad
1632 897 1743 939 male
1774 898 2021 941 faciendum
2052 912 2178 941 exer-

1290 960 1391 1002 cui.’
1438 961 1638 1004 Gebhard.

1341 1025 1527 1066 Judicari
1542 1026 1688 1079 potest]
1721 1027 1863 1080 Igitur
1879 1039 1934 1069 ex
1953 1032 2178 1084 praecepto

1292 1087 1513 1129 Ciceronis
1534 1087 1662 1130 Offic.
1684 1101 1738 1131 11.
1769 1090 1814 1130 in
1844 1090 2065 1132 beneficiis
2089 1086 2178 1133 col-

1289 1152 1642 1195 locandis'mores
1660 1154 1894 1202 hominum,
1920 1149 2006 1195 non
2038 1153 2178 1196 fortu-

1290 1227 1388 1256 nam
1410 1215 1685 1269 sequebatur.
1741 1215 1840 1257 Hoc
1860 1216 1973 1257 enim
1993 1217 2176 1258 maxime

1290 1277 1420 1319 officii
1449 1285 1533 1330 est,
1565 1285 1616 1320 ut
1652 1279 1830 1333 quisque
1861 1279 2045 1321 maxime
2078 1281 2174 1334 opis

1290 1341 1495 1394 indigeat,
1512 1342 1576 1383 ita
1600 1341 1640 1383 ei
1662 1342 1929 1395 potissimum
1957 1343 2176 1396 opitulari.

1290 1407 1439 1450 Infra:
1457 1409 1470 1433 ‘
1494 1410 1596 1451 Non
1616 1408 1818 1461 fortun'ae,
1839 1409 1915 1450 sed
1932 1409 2174 1450 hominibus

1289 1472 1430 1512 solere
1449 1483 1545 1513 esse
1563 1472 1780 1514 amicum!
1823 1472 1977 1515 Schott.

1345 1535 1460 1581 Quod
1494 1547 1571 1575 mm
1595 1534 1836 1587 florentibus
1869 1547 1911 1576 se
1939 1534 2177 1587 venditavit]

1290 1597 1523 1650 Corrupte‚
1541 1599 1614 1652 qui
1633 1599 1855 1640 vendicavit
1881 1599 2088 1640 hactenus
2115 1601 2179 1640 le-

1290 1666 1464 1714 gerunt,
1493 1667 1542 1703 ut
1574 1661 1844 1715 intelligatur
1865 1662 2061 1704 Atticum
2091 1675 2176 1703 non

1268 1719 1488 1776 captasse
1527 1723 1709 1776 gratiam
1743 1725 1906 1776 eorum,
1933 1724 2008 1778 qui
2038 1725 2177 1778 'pluri-

1289 1791 1403 1829 mum
1424 1792 1628 1840 poterant
1646 1787 1691 1827 in
1716 1786 1958 1840 republica,
1983 1787 2062 1828 sed
2091 1787 2179 1828 vic-

1291 1851 1346 1892 tis
1365 1850 1562 1904 partibus
1583 1863 1700 1904 saepe
1720 1851 1867 1893 tulisse
1883 1863 2024 1904 opem.
2063 1851 2178 1894 Con-

1290 1918 1380 1956 stat
1427 1913 1541 1954 enim
1586 1925 1673 1955 non
1720 1913 1946 1956 ambivisse
1966 1913 2177 1956 'favorem

1290 1977 1442 2030 Sullae,
1459 1983 1536 2019 aut
1554 1978 1769 2031 Pompeii,
1790 1983 1864 2019 aut
1882 1976 2090 2031 Caesaris,
2107 1978 2178 2019 vel

1290 2041 1483 2095 Antonii,
1517 2047 1596 2084 aut
1630 2042 1840 2096 Augusti:
1895 2042 1996 2096 quin
2032 2042 2177 2095 potius

1290 2104 1477 2156 pecunia
1515 2104 1764 2146 subvenisse
1809 2103 2085 2158 Pompeianis
2130 2109 2177 2144 et

1288 2167 1528 2219 Brutianis,
1555 2180 1704 2209 eorum
1730 2166 1901 2210 afflictis
1920 2167 2062 2210 rebus.
2106 2168 2177 2209 Sic

1288 2230 1396 2272 Lud-
1411 2231 1562 2284 Vives‚
1583 2232 1711 2286 epist.
1730 2245 1827 2286 quae
1846 2244 1980 2285 penes
1995 2235 2079 2272 me‘
2092 2238 2177 2283 est,

1278 2293 1343 2334 ‘ad
1362 2294 1517 2336 Franc.
1535 2295 1866 2347 Craneveldum,
1883 2296 1928 2339 J.
1944 2296 1997 2337 C.
2025 2295 2177 2337 δώσει.

1289 2356 1362 2398 Ita
1381 2357 1535 2399 Cicero
1565 2371 1646 2412 pro
1676 2359 1819 2400 Sulla:
1847 2360 1861 2383 ‘
1882 2357 2176 2401 Fallacissime

1288 2431 1334 2461 se
1354 2421 1482 2461 alicui
1501 2421 1756 2462 venditare!

1343 2483 1554 2524 Serviliam
1593 2484 1720 2524 Bruti
1752 2483 1936 2537 matrem]
1998 2484 2176 2526 Catonis

1290 2547 1508 2588 Uticensis
1526 2559 1731 2600 sororem,
1755 2561 1882 2602 quam
1909 2543 2050 2591 Julius
2078 2548 2174 2590 Cae-

1288 2625 1358 2653 sar
1378 2613 1518 2653 adhuc
1538 2612 1787 2654 adolescens
1806 2615 1981 2656 amavit.
2044 2614 2173 2656 Unde

1289 2675 1605 2730 quodammodo
1644 2676 1872 2728 creditum,
1918 2678 2105 2720 Brutum
2150 2689 2177 2718 a

1291 2741 1463 2782 Caesare
1482 2740 1688 2792 genitum.
1715 2740 1942 2784 Plutarch.
1959 2742 2141 2783 Sueten.

1347 2803 1438 2844 Non
1474 2802 1602 2842 minus
1628 2806 1718 2854 post
1746 2807 1909 2844 mortem
1937 2803 2035 2857 qius]
2073 2804 2177 2844 Plu-

1289 2866 1459 2906 tarchus
1474 2864 1586 2905 enim
1602 2865 1738 2905 Bruto
1755 2866 2031 2917 superstitem
2043 2864 2175 2907 fuisse

1288 2934 1488 2978 matrem,
1508 2933 1658 2968 auctor
1676 2932 1755 2968 est.
1795 2927 1945 2969 Schote.

1343 2992 1438 3031 Non
1464 2989 1631 3030 malebat
1662 2990 1852 3041 oblivisci,
1877 3003 1992 3043 quam
2021 2990 2174 3044 ulcisci]

1289 3055 1342 3095 P.
1359 3054 1494 3106 Syrus
1511 3066 1522 3093 :
1543 3053 1555 3074 ⁴
1575 3053 1836 3104 Injuriarum
1855 3050 2086 3094 remedium
2107 3060 2175 3095 est

1288 3116 1475 3157 oblivio!
1516 3115 1714 3156 Gebhard.

1342 3180 1551 3230 Proecepta
1569 3179 1761 3218 retinebat
1781 3178 1983 3232 beneficia]
2019 3179 2074 3220 Id
2093 3183 2161 3220 est

1286 3247 1387 3282 ante
1404 3245 1596 3293 accepta.
1618 3241 1794 3283 Lambini.
1831 3243 1971 3284 Emst.
2008 3240 2173 3284 Graecis

1286 3302 1571 3358 προληφθέντα·
1597 3309 1644 3343 ut
1662 3304 1764 3344 alibi
1783 3316 1898 3357 saepe
1919 3304 1981 3343 M.
1993 3304 2174 3354 Tunius,

1288 3374 1334 3409 et
1356 3368 1562 3420 Virgilius
1591 3367 1760 3407 AEneid.
1780 3377 1845 3407 xr.
1871 3366 1885 3388 ‘
1906 3366 2185 3419 Exultatqne

1288 3433 1454 3483 animis,
1489 3443 1539 3471 ac
1562 3431 1652 3482 jam
1685 3441 1783 3481 spes
1810 3429 2011 3481 praecipit
2043 3430 2173 3470 ante.¹

1287 3495 1436 3536 Sclaott.
1486 3495 1556 3534 Ita
1595 3494 1671 3534 illi.
1730 3493 1817 3533 Sed
1854 3494 1990 3533 minus
2022 3499 2168 3534 recte:
