2306 3900
263 255 418 314 cxxii

317 403 455 451 postea
487 394 656 447 AEgypti
700 393 862 446 imperio
911 393 1147 446 celebratus)

319 451 427 497 xviii,
449 453 513 489 10.
532 449 610 496 xxi,
626 452 651 488 3
681 447 919 488 Ptolemaeus
946 447 1146 488 Ceraunus

319 503 503 545 interficit
529 501 735 542 Seleucum
762 501 840 549 xxi,
860 505 885 542 3
927 514 951 540 a
969 515 1047 554 quo
1067 507 1149 542 erat

291 557 298 562 “
318 558 478 610 adjutus
497 556 651 608 opibus,
674 556 770 595 ibid.

265 612 396 652 Pubes
435 608 703 664 (adjective):
744 622 879 662 puero,
926 608 1148 661 priusquam

318 665 441 717 pubes
459 669 576 711 esset,
592 668 718 703 scorta
737 664 1031 703 adducebantur
1047 676 1086 710 x,
1105 666 1131 702 4

260 719 450 759 Publicus
485 718 593 757 locus
628 717 798 772 (oppon.
826 715 1020 769 privatus)
1039 717 1089 763 ii,
1125 721 1153 757 6

318 772 474 825 pubHca
494 785 554 811 res
575 771 799 825 (negotium
818 769 950 823 publ.)
978 785 1042 816 xx,
1057 773 1081 810 3
1111 770 1153 809 in

318 826 517 878 publicum
548 824 703 877 prodire
730 826 797 872 vii,
829 828 853 866 3
901 837 1046 877 ponere
1081 824 1151 864 ali·

318 881 414 932 quid
449 880 488 919 in
519 879 677 931 publico
706 879 774 925 vii,
802 883 829 919 4
874 878 914 917 in
952 876 1151 930 publicum

318 933 469 974 deferre
487 933 656 985 praedam
676 930 738 986 (in
755 931 935 984 publicos
950 945 1041 972 usus
1057 943 1151 971 aera·

318 987 374 1027 rio
396 987 506 1039 publ.
535 984 696 1038 inferre)
724 985 807 1034 xiii,
827 989 849 1026 1
898 985 1022 1039 (sicut
1044 986 1150 1037 apud

320 1040 484 1080 Graecos
519 1039 567 1080 τὸ
602 1038 787 1090 δημόσων
819 1039 948 1092 aerar.)
994 1038 1152 1091 publica

319 1093 454 1147 inopia
471 1093 618 1134 Athen.
646 1092 857 1148 (civitatis)
886 1107 976 1140 xxv,
995 1097 1022 1134 2
1050 1093 1150 1145 pub-

322 1148 397 1188 lica
416 1149 573 1188 vincula
601 1148 628 1195 i,
646 1152 688 1188 7.
708 1148 762 1194 iv,
779 1151 806 1188 2
835 1146 992 1199 publice
1011 1147 1061 1186 ali
1081 1146 1149 1200 (ex

320 1200 501 1255 publico)
543 1201 600 1248 iii,
618 1205 642 1242 3
684 1202 786 1254 (vid.
808 1201 1004 1241 Buchner.
1033 1200 1150 1240 Thes.

321 1263 362 1296 et
379 1254 530 1295 Rhodii
545 1256 641 1295 Lex.
670 1253 869 1308 Scribon.)
897 1255 1053 1308 publice
1083 1267 1151 1293 ex-

321 1323 482 1362 poscere
510 1309 691 1363 (publico
722 1307 903 1362 nomine)
931 1308 974 1356 ii,
992 1312 1018 1349 8
1057 1307 1149 1348 Sic:

320 1364 478 1416 publice
521 1364 571 1403 ab
607 1362 917 1403 Atheniensibus
963 1361 1150 1416 Evagorae

320 1418 476 1469 adjutor
493 1417 607 1456 datus
637 1417 822 1457 Chabrias
850 1417 960 1462 xii,2
994 1417 1151 1468 publice

322 1471 616 1524 comprobatum
629 1476 690 1510 est
716 1471 822 1516 xxiii,
839 1474 864 1511 3
896 1469 1052 1521 publice
1067 1483 1151 1509 ver-

322 1538 447 1564 suram
466 1525 592 1564 facere
635 1539 724 1572 xxv,
743 1529 769 1565 2
809 1523 966 1577 publice
986 1524 1151 1563 honores

323 1579 464 1618 habere
493 1579 611 1617 alicui
655 1592 745 1625 xxv,
765 1582 790 1618 3
834 1577 989 1630 publice
1022 1577 1151 1617 literas

323 1633 474 1672 mittere
495 1632 625 1684 aliquo
653 1633 735 1679 xiii,
754 1636 794 1672 3.
812 1645 901 1678 ΧΠ,
921 1635 947 1671 2
995 1631 1151 1682 publice

323 1686 459 1738 efferre
478 1685 658 1738 (publico
684 1687 831 1725 honore
855 1682 1084 1736 sumtuque)
1112 1698 1150 1731 x,

323 1744 376 1780 10
405 1739 562 1791 publice
581 1739 745 1792 sepelire
773 1753 837 1786 η,
856 1744 879 1779 5
928 1737 1013 1791 (Sic
1037 1737 1152 1778 Taci-

325 1802 386 1833 tus
405 1793 459 1832 H.
491 1793 543 1840 iv,
563 1798 605 1841 9,
624 1797 651 1834 4
698 1799 709 1817 ‘
727 1799 772 1832 ut
789 1791 1026 1845 Capitolium
1053 1792 1154 1844 pub-

325 1848 399 1888 lice
431 1847 720 1890 restitueretur.'
762 1847 816 1886 Et
849 1846 983 1899 Agric.
1029 1846 1107 1893 xxi,
1129 1850 1150 1887 1

326 1908 337 1925 ⁶
353 1900 538 1954 adjuvare
559 1901 742 1954 publice-⁹
783 1901 928 1954 aliique
947 1906 959 1924 ‘
975 1899 1154 1952 passim')

272 1956 480 1996 Publicare
526 1955 631 2001 bona
661 1956 729 2004 vii,
755 1959 794 1997 4.
821 1955 902 2002 viii,
923 1959 944 1995 l
991 1954 1154 2007 (confis-

325 2023 428 2057 care,
445 2009 610 2062 intellig.
639 2011 756 2058 bona,
775 2022 863 2062 quae
887 2008 1046 2062 publico
1060 2021 1154 2048 ven-

325 2063 504 2103 dicantur
539 2064 602 2103 vel
632 2078 679 2104 ex
710 2071 882 2118 tempore
910 2062 972 2102 vel
997 2062 1158 2115 publica

325 2117 562 2158 venditione.
589 2117 750 2169 Boecl.)

272 2172 434 2211 Publius
449 2171 653 2212 Cornelius
667 2171 799 2224 Scipio
816 2186 825 2210 ι
845 2185 882 2210 ν.
896 2169 1029 2223 Scipio

272 2226 390 2265 Pueri
418 2225 665 2266 literatissimi
683 2227 757 2280 (de
776 2225 894 2266 servis
911 2223 1038 2264 Attici
1066 2237 1155 2270 xxv,

328 2283 378 2320 13
419 2292 516 2331 puer
546 2281 595 2319 ab
621 2279 746 2332 janua
776 2279 1015 2332 prospiciens
1051 2277 1157 2324 xxiii,

329 2337 381 2373 12
411 2336 470 2385 (v.
487 2333 638 2385 Janua)

275 2385 493 2426 Puerulus:
522 2400 585 2427 me
615 2386 793 2438 puerulo,
819 2391 957 2437 utpote
974 2395 1056 2422 non
1074 2397 1155 2423 arn·

328 2439 430 2491 plius
448 2452 588 2479 novem
607 2453 730 2479 annos
749 2445 842 2478 nato
868 2438 975 2485 xxiii,
993 2441 1020 2478 2

275 2491 439 2533 Puerilis
452 2499 546 2532 aetas
574 2508 662 2541 xxV,
682 2497 704 2533 1

275 2547 415 2600 Pugna
429 2547 647 2588 Cannensis
663 2544 771 2594 xxiii,
787 2550 810 2586 5
837 2545 1042 2585 Leuctrica
1052 2558 1119 2591 xv,
1131 2548 1158 2585 6

330 2601 582 2642 Marathonia
608 2601 768 2641 laudata
806 2601 834 2648 i,
852 2605 876 2641 5
923 2599 1083 2652 depicta
1116 2599 1158 2638 in

330 2654 482 2707 porticu
510 2655 538 2703 i,
558 2660 585 2696 6
611 2655 760 2695 navalis
788 2655 845 2702 iii,
864 2657 890 2694 2
921 2665 1063 2706 pugnae
1082 2653 1159 2706 sig·

328 2722 423 2747 num
438 2710 552 2748 datur
578 2708 685 2755 xxiii,
703 2712 750 2749 11
773 2722 796 2747 a
811 2720 943 2761 pugna
957 2708 1160 2747 discedere

329 2762 486 2803 infectis
503 2765 615 2802 rebus
631 2763 704 2815 (de
723 2776 831 2815 oppn
861 2761 1020 2800 natione
1035 2761 1138 2800 urbis

329 2815 359 2862 i,
378 2820 403 2856 7
433 2817 486 2870 (si
503 2817 714 2870 genuinum
734 2824 794 2856 est
806 2815 832 2855 il
853 2816 905 2854 ud
924 2820 934 2837 ⁸
950 2829 975 2854 a
992 2761 1161 2868 pugna'3

282 2871 460 2923 Pugnare
478 2872 660 2910 adversus
678 2870 847 2923 aliquem
875 2868 956 2915 viii,
977 2872 1002 2908 2
1031 2869 1161 2908 animo

332 2923 454 2975 magis
472 2938 587 2976 quam
604 2937 766 2976 corpore
784 2924 851 2976 (ut
867 2922 1019 2962 infestis
1033 2922 1160 2970 armis,

334 2977 389 3016 sic
437 2977 700 3019 infestioribus
738 2978 875 3018 animis
913 2977 1161 3029 concurrere)

331 3029 439 3079 xviii,
471 3034 497 3072 4
526 3031 667 3084 (paulo
695 3038 814 3072 ante:
844 3029 1002 3070 inimica
1033 3036 1163 3069 mente

333 3085 606 3137 contendere).
635 3090 810 3137 pugnata
840 3096 974 3138 pugna
1001 3081 1110 3130 xxiii,
1137 3089 1160 3123 5

334 3139 392 3190 (V.
410 3139 526 3179 Voss.
545 3139 595 3179 de
614 3145 824 3179 construet.
844 3150 931 3190 cap.
951 3136 1040 3190 22).
1064 3150 1161 3189 pug-

333 3193 522 3232 nandum·
539 3193 647 3241 dolo,
674 3194 740 3232 ubi
770 3193 884 3232 armis
916 3191 1080 3243 impares
1099 3204 1163 3230 su·

334 3258 418 3285 mus
443 3246 498 3300 (si
523 3247 653 3287 Marte
669 3253 803 3298 aperto
825 3244 1050 3291 diffidimus,
1084 3250 1165 3289 arte

336 3305 378 3336 et
395 3300 558 3338 consilio
578 3299 806 3352 nitendum)
846 3299 953 3346 xxiii,
973 3302 1025 3339 10
1065 3311 1165 3361 pug-

338 3359 472 3391 natum
488 3360 547 3392 est
560 3366 739 3405 magnam
754 3359 902 3406 partem
917 3352 997 3392 diei
1015 3350 1124 3399 xviii,
1138 3355 1164 3393 4

284 3403 452 3446 Pulcher
474 3419 483 3444 :
542 3406 778 3459 amplissima
831 3406 1166 3460 pulcherrimaque

338 3460 509 3511 corporis
527 3459 648 3498 sonna
661 3460 738 3507 xxi,
756 3465 773 3500 l
792 3462 895 3511 (vid.
917 3461 1165 3502 Buchnerum

338 3514 388 3553 ad
400 3513 488 3556 Cic.
509 3514 558 3553 de
578 3512 692 3554 Offic.
711 3527 747 3555 c..
770 3513 845 3566 36)

1071 270 1270 310 lNDEx

1209 392 1378 432 Pulchre
1408 386 1558 445 aliquid
1583 393 1709 433 facere
1735 405 1851 445 posse
1880 392 1954 445 (de
1970 403 2090 445 opera

1262 452 1415 499 promta
1431 446 1692 500 expeditaque
1711 445 1832 499 serv.)
1860 447 2037 496 nrum]

1210 499 1407 540 Pullulare
1453 499 1668 552 incipiebat
1709 499 1860 540 luxuria
1899 499 2092 552 (crescere

1264 553 1360 607 ἃς.)
1403 555 1507 601 xxiv,
1525 559 1554 595 2
1607 553 1800 607 (metaph.
1831 554 1882 592 ab
1913 553 2090 602 arborum

1267 607 1396 660 pullis.
1424 607 1584 660 Lamb.)

1213 661 1402 702 Pulvinar
1435 662 1533 702 Paci
1549 661 1770 701 institutum
1797 659 1880 707 xiii,
1898 664 1925 701 2
1963 658 2095 712 (Inter

1266 716 1432 756 honores
1449 715 1602 757 divinos
1621 721 1633 739 ‘
1653 714 1882 768 pulvinaria’
1899 713 2034 760 fuisse,
2051 712 2093 752 id

1267 783 1356 809 vero
1375 770 1469 809 satis
1485 775 1640 808 constat
1658 784 1667 807 ε
1695 770 1746 809 de
1774 767 1997 821 significatu
2013 779 2094 806 non

1267 822 1532 866 consentiunt.
1577 822 1789 862 Lambinus
1826 822 2004 868 lectulos,
2027 822 2029 824 ’
2052 820 2095 860 in

1267 877 1409 929 quibus
1440 875 1616 916 Deorum
1642 881 1783 917 statuae
1799 875 2096 922 collocarentur,

1267 929 1455 983 exponit3
1490 943 1583 971 sane
1602 929 1779 982 plerique
1796 935 1867 969 aut
1882 941 1953 981 pro
1973 927 2096 970 lectu-

1268 983 1315 1023 lis
1350 983 1393 1023 in
1419 985 1566 1036 templo
1596 984 1725 1023 stratis
1755 989 1825 1023 ant
1849 995 1920 1035 pro
1946 980 2095 1026 lecticis

1267 1035 2099 1143 tsspssssssztssffa⁰323⁰sszzff⁶÷ssffi}f.ss3;

1267 1145 1353 1185 aliis
1389 1146 1518 1199 signif.
1557 1146 1831 1197 interpretatur
1864 1143 2097 1196 pulvinaria,

1266 1213 1354 1252 quae
1373 1213 1490 1252 super
1507 1200 1630 1239 lectos
1658 1205 1796 1238 stratos
1814 1197 1856 1238 in
1875 1195 2096 1250 templisad

1266 1255 1470 1293 simulacra
1487 1253 1690 1292 numinum
1716 1251 1956 1292 sublevanda
1973 1262 2098 1304 pone·

1266 1308 1419 1348 bantur.
1444 1307 1583 1348 Boecl.
1611 1307 1705 1347 add.
1735 1306 1904 1347 casaub.
1922 1310 1964 1344 et
1986 1304 2096 1345 Torr.

1269 1362 1321 1401 ad
1339 1362 1448 1402 citat.
1475 1362 1638 1401 Sueten.
1656 1360 1757 1414 loc.)

1213 1415 1405 1456 Pulvinus
1423 1430 1433 1454 ε
1450 1417 1523 1455 sub
1533 1415 1619 1470 (alii
1637 1430 1646 1454 z
1661 1413 1726 1468 in)
1745 1412 1948 1466 pulvinum
1967 1410 2099 1463 subje»

1265 1468 1321 1509 cit
1338 1469 1544 1522 epistolam
1558 1470 1636 1521 (sc.
1655 1480 1771 1520 super
1793 1479 1873 1519 quo
1890 1466 2097 1506 accumbe·

1267 1522 1355 1575 bat)
1381 1523 1460 1570 xvi,
1477 1527 1501 1562 3
1548 1522 1635 1575 (Sic
1667 1522 1746 1561 sere
1777 1519 1934 1562 Curtius
1978 1517 2037 1565 iii,
2054 1522 2099 1566 6.

1265 1581 1290 1616 7
1333 1583 1345 1600 ’
1359 1576 1563 1629 epistolam
1594 1575 1722 1628 sigillo
1753 1573 1890 1614 annuli
1922 1572 1980 1611 sui
2026 1572 2100 1612 im-

1267 1643 1437 1735 press3m
1455 1628 1633 1683 pulvino,
1647 1628 1712 1669 cui
1724 1627 1990 1675 incumbebat,
2009 1626 2100 1666 sub-

1284 1685 1362 1724 ecit

1217 1698 1377 1790 Prippes
1409 1742 1579 1778 avertere
1625 1735 1731 1783 xxiii,
1771 1739 1816 1777 11
1864 1734 1969 1788 (vid.
1999 1732 2099 1777 Vet-

1270 1798 1350 1832 tere

1218 1792 1398 1899 Purpuia
1416 1845 1606 1891 violacea,
1637 1844 1754 1884 rubra
1779 1841 2004 1891 Tarentina,
2038 1840 2101 1881 di-

1271 1901 1402 1953 bapha
1418 1899 1551 1953 Tyria,
1571 1898 1634 1938 Fr.
1652 1901 1678 1938 8
1947 1936 1951 1940 ,

1220 1956 1301 1996 Pus
1331 1954 1502 2006 erumpit
1545 1966 1634 2000 xxV,
1654 1955 1705 1993 21
1755 1949 1890 2004 (juxta
1923 1948 2102 1992 codicem

1273 2008 1526 2048 Medicaeum.
1554 2021 1592 2045 v.
1619 2005 1728 2059 not.)

1221 2064 1365 2103 Putate
1382 2060 1461 2103 vim
1480 2061 1742 2101 adhibendam
1769 2057 1822 2106 iv,
1841 2061 1866 2099 4
1915 2062 1959 2096 ut
1985 2061 2103 2110 puts.-

1273 2115 1341 2156 bat'
1366 2116 1420 2164 iv,
1440 2121 1465 2156 5
1513 2128 1595 2155 non
1620 2113 1815 2167 putabant
1844 2117 2023 2164 oportere
2034 2109 2104 2162 ju-

1274 2170 1395 2211 dicari
1413 2169 1488 2210 &c.
1515 2169 1569 2217 iv,
1588 2173 1613 2210 3
1643 2167 1848 2221 putavitse
1865 2171 2102 2206 retenturum

1272 2224 1349 2265 &c.
1379 2224 1392 2263 i
1427 2227 1453 2264 3

1221 2278 1351 2317 Putris
1387 2253 1461 2330 (al.
1499 2275 1625 2330 puris)
1650 2275 1781 2315 fistula
1825 2287 1915 2322 xxv,
1944 2276 1998 2314 21
2043 2272 2100 2326 (v.

1274 2331 1306 2370 F
1308 2329 1446 2382 istula)

1220 2384 1365 2436 Pydna
1402 2383 1514 2436 (urbs
1554 2382 1803 2422 Macedoniae
1840 2378 2103 2420 littoriaccu·

1274 2437 1392 2490 bans)
1419 2437 1462 2484 ii,
1483 2439 1510 2476 8

1221 2491 1469 2544 Pylaemenes
1487 2487 1614 2542 (Thyi
1632 2486 1763 2540 pater)
1791 2487 1870 2534 xiv,
1887 2490 1915 2527 2

1222 2546 1436 2598 Pyrcnaeus
1454 2543 1576 2582 saltus
1602 2540 1709 2590 xxiii,
1728 2544 1755 2582 3
1798 2570 1801 2578 .

1223 2599 1396 2652 Pyrrhus
1430 2596 1613 2651 Epirotes
1648 2595 1731 2637 ictu

1277 2653 1356 2699 xxi,
1375 2655 1416 2694 2.

1224 2707 1496 2760 Pythagoreus
1512 2702 1647 2758 (Lysis
1662 2700 1918 2754 Tarentinus)
1945 2713 2011 2747 κν,
2024 2702 2056 2741 2

1224 2759 1373 2814 Pythia
1418 2759 1446 2805 i,
1481 2763 1517 2799 1.
1538 2758 1579 2804 ii,
1605 2762 1632 2798 2
1674 2756 1895 2810 (subintell.
1926 2754 2106 2797 sacerdos

1278 2812 1476 2866 Apollinis
1502 2811 1654 2864 Pythii,
1687 2823 1776 2862 quae
1811 2806 2106 2850 consulentibus

1767 2592 1910 2647 lapidis
1959 2571 2107 2638 interiit
2121 2617 2125 2622 =

1278 2867 1556 2967 iffciiissidii'ai'
1591 2863 1702 2962 5³12?
1721 2877 1904 2966 ἑὲοῖωὲν
1925 2861 2107 2967 w

1279 2976 1482 3029 προφῆτις,
1508 2971 1643 3017 Πυθία.
1672 2986 1712 3011 ν.
1740 2971 1907 3011 Diodor.
1934 2970 2015 3013 Sic·
2033 2968 2103 3013 hb.

1283 3034 1348 3072 16.
1375 3035 1417 3070 et
1435 3027 1602 3082 Gyrald.
1630 3025 1721 3066 hist.
1738 3025 1861 3066 Deor.
1879 3030 2035 3079 syntag.
2056 3020 2106 3075 7,)

1649 3222 1701 3270 Q.

1551 3314 1583 3331 §c-
2017 3319 2019 3322 ⁴

1229 3349 1320 3397 Qua
1351 3350 1423 3390 iter
1441 3349 1601 3397 fecerat,
1633 3349 1772 3389 eadem
1788 3358 1961 3390 reversus
1974 3351 2038 3386 est
2063 3344 2106 3393 ii,

1281 3408 1307 3445 5
1336 3403 1426 3444 Sic:
1454 3416 1689 3459 quacunque
1706 3403 1779 3442 iter
1792 3400 1900 3443 fecit·
1914 3398 2021 3447 xxiii,
2036 3402 2062 3440 8

1230 3459 1321 3506 Qua
1334 3456 1440 3512 (pro,
1458 3455 1612 3511 aliqua)
1624 3472 1638 3495 r
1666 3469 1717 3495 ne
1734 3468 1812 3508 qua
1834 3451 2038 3507 repentina
2049 3452 2108 3516 yid⁸

1283 3510 1327 3552 in
1343 3509 1502 3553 civitate
1521 3511 1700 3552 existeret
1712 3533 1713 3543 ι
1726 3509 1795 3556 vii,
1809 3511 1835 3549 3
1863 3520 1913 3548 ne
1930 3519 2009 3561 qua
2035 3507 2109 3561 nbi
