2306 3900
299 272 406 327 540

318 419 322 423 ’
352 406 463 448 Car.
483 409 524 447 8.
556 405 886 451 Quemadmodum
908 407 1077 459 sedaret,
1116 418 1184 447 ne-

294 471 434 523 sciret]
464 470 572 510 Cum
593 470 771 511 sedandi
791 470 1003 511 rationem
1017 482 1103 512 non
1117 482 1184 511 re-

296 534 477 587 periret,
497 532 708 585 ἀμηχανῶν
724 532 793 575 καὶ
810 534 976 587 ἀπορῶν.
999 535 1183 575 Lambin.

354 598 550 644 Quorsum
573 599 797 651 evaderent]
826 599 1019 652 Vulgati,
1045 603 1183 641 evade-

295 665 372 702 ret.
441 660 670 714 Approbo,
705 664 929 713 evaderent,
965 663 1182 714 Puteano,

297 723 579 777 Lambino‚et
597 725 650 765 P.
670 725 843 766 Danieli
860 725 1180 778 complacitum.

297 787 454 828 Cicero
462 783 634 830 Attic‘o:
646 789 659 813 ‘
672 789 828 833 Quoad
841 788 1062 829 audiamus
1072 789 1181 839 baec,

296 864 391 904 quae
403 858 616 893 commota
629 858 744 906 sunt,
754 864 952 907 quorsum
966 851 1182 894 evadant!

302 915 427 958 Geoh.

307 994 313 998 ·
352 979 585 1020 Callicrates
597 980 774 1034 quidam]
794 980 932 1020 Immo
945 978 1180 1032 Caffippus,

295 1047 347 1084 ut
385 1043 606 1084 nominant
643 1044 914 1101 Plutarchus,
948 1042 1181 1095 Diodorus,

293 1101 546 1159 Athenaeus,
572 1106 743 1159 Suidas,
772 1113 818 1148 et
831 1107 1002 1148 Pletho.
1029 1105 1180 1147 Schott.

292 1169 379 1210 Sed
408 1169 617 1211 credibile
646 1176 728 1222 est,
758 1171 870 1211 hunc
904 1170 1180 1212 Callicratem

294 1231 484 1285 Callippi
515 1231 695 1275 fratrem
726 1232 876 1285 fuisse,
907 1239 955 1274 et
986 1233 1180 1275 Probum

295 1295 484 1348 Callippi
520 1293 699 1336 fratrem
738 1307 818 1348 pro
849 1296 1046 1349 Callippo
1066 1309 1180 1337 sum·

293 1359 423 1400 sisse:
463 1358 820 1412 quemadmodum
858 1358 1010 1399 Poetae
1044 1359 1179 1399 inter·

292 1423 395 1463 dum
410 1422 634 1462 Pollucem
649 1434 727 1475 pro
744 1423 923 1463 Castore
939 1424 1178 1476 appellant.

293 1486 474 1527 Lambin.
504 1487 682 1537 Magius.

348 1551 480 1591 Homo
511 1554 551 1591 et
569 1550 752 1602 callidus]
786 1549 1019 1590 Plutarcho
1037 1548 1178 1603 μιαρώ-

290 1628 428 1666 τατος,
466 1614 512 1654 id
554 1619 639 1665 est,
682 1615 981 1666 impurissimus.
1053 1614 1177 1655 Idem

246 1674 249 1675 ⁷
289 1678 439 1730 paucis
459 1682 584 1730 post:
612 1675 815 1730 διέφθειρε,
833 1677 897 1718 καὶ
909 1676 1181 1731 παρεσκεύαζέ

288 1756 397 1782 τινας
412 1744 491 1782 τῶν
509 1740 624 1794 ξένων
638 1742 700 1782 ἐπὶ
716 1742 787 1782 τὸν
801 1741 947 1795 Δίωνα,
963 1745 1176 1791 κακοηθεσ-

286 1803 413 1854 τάτην
443 1806 570 1858 ἀρχὴν
586 1804 652 1847 καὶ
668 1804 988 1859 πανουργοτάτην
1007 1804 1179 1856 ‘trocnad-

290 1879 416 1920 μενος.
445 1871 625 1912 Lambin.

239 1935 244 1939 ’
345 1935 481 1976 Facile
515 1935 687 1976 omnium
733 1935 882 1976 animos
912 1936 1177 1989 cogniturum]

291 1997 420 2039 Hanc
438 1998 650 2039 rationem
667 1999 832 2040 consilii
851 1998 916 2039 sui
935 1999 1176 2053 Callippum,

288 2061 379 2103 sive
395 2062 650 2103 Callicrates
669 2061 894 2104 afferebat.

344 2125 512 2178 Excipit
539 2126 612 2167 has
637 2131 771 2178 partes
801 2126 885 2178 ipse
920 2127 1175 2180 Callicrates]

290 2188 421 2229 Hunc
454 2195 597 2230 actum
627 2190 762 2230 veluti
786 2190 979 2231 Persona
998 2191 1175 2243 egregie

286 2252 502 2293 sustinere
517 2264 652 2304 gnara
667 2252 711 2293 in
730 2264 777 2292 se
797 2251 1020 2293 transfert.
1074 2254 1174 2293 Ele-

287 2327 392 2368 gans
411 2315 602 2366 tralatio,
633 2327 718 2355 non
749 2315 802 2355 ab
835 2315 905 2368 iis,
937 2315 1008 2368 qui
1042 2316 1174 2368 pilam

287 2384 364 2420 aut
381 2378 543 2432 aliquid
561 2377 697 2418 simile
714 2378 920 2419 traditum
934 2379 1173 2432 excipiunt,

286 2447 419 2495 prout
448 2442 578 2482 docet
609 2441 860 2494 Lambinus,
886 2441 963 2482 sed
993 2453 1020 2483 a
1045 2454 1174 2483 scena

285 2506 377 2547 sive
394 2504 687 2556 histrionibus,
706 2516 886 2558 quorum
909 2505 977 2546 hae
998 2505 1068 2545 vel
1086 2505 1172 2545 illae

285 2573 387 2613 sunt
404 2572 577 2621 partes:
608 2572 655 2608 et
673 2568 743 2609 hic
761 2568 830 2608 vel
847 2568 922 2608 ille
947 2568 1074 2621 hujiis
1101 2569 1171 2610 vel

284 2631 408 2672 istius
427 2629 677 2682 ὑποκειμένου
695 2637 841 2684 partes
861 2631 1028 2684 excipit
1041 2636 1172 2685 atque

285 2696 390 2749 agit.
446 2697 594 2736 Valer.
614 2696 795 2736 Maxim.
814 2706 857 2736 v.
879 2699 921 2737 3.
939 2698 979 2736 4.
997 2696 1010 2718 ‘
1027 2695 1172 2749 Impe-

284 2758 410 2801 tratis
424 2758 693 2800 detestabilis
711 2759 936 2800 ministerii
952 2759 1173 2812 partibus!

285 2823 520 2877 Conjungit
539 2824 694 2865 crebro
710 2825 864 2865 Cicero
877 2824 1113 2865 Personam
1126 2829 1173 2866 et

284 2887 455 2941 Partes,
489 2894 536 2928 ut
564 2900 643 2940 pro
676 2887 866 2929 Archia:
901 2888 914 2911 ‘
937 2888 1033 2929 Nisi
1061 2889 1191 2930 hane.

283 2962 512 3003 personam
532 2957 578 2992 et
596 2952 670 2992 has
689 2958 834 3004 partes
858 2963 1026 3003 possem
1045 2951 1171 2992 susti·

281 3015 432 3056 nere.'>
474 3017 533 3056 Et
569 3021 620 3055 ut
652 3015 746 3055 heic
764 3016 927 3067 vNepos
967 3016 1170 3067 excipere

281 3085 460 3133 partes;
490 3080 551 3120 ita
576 3079 650 3119 ille
681 3078 901 3130 suscipere
918 3077 1025 3119 dicit
1046 3078 1172 3131 Epis-

282 3144 381 3186 tolis
412 3143 467 3184 ad
495 3143 772 3184 Familiares:
803 3142 815 3164 ‘
837 3142 906 3182 De
932 3153 1001 3182 me
1024 3147 1169 3183 autem

283 3208 456 3260 suscipe
472 3207 691 3260 paulisper
705 3211 851 3260 partes
867 3219 1001 3259 meas,
1014 3213 1062 3249 et
1071 3219 1170 3248 eum

282 3274 329 3310 te
364 3282 460 3310 esse
495 3270 611 3323 finge
644 3271 718 3324 qui
753 3283 837 3323 ego
867 3270 993 3313 sum.'
1047 3273 1106 3314 Et
1124 3273 1168 3314 in

282 3331 491 3374 Verrem:
514 3335 527 3357 ⁴
550 3335 658 3374 Cum
680 3339 776 3374 tuas
796 3340 942 3387 partes
960 3336 1168 3389 suscipio,

283 3406 361 3437 eur
377 3400 494 3435 tuum
512 3408 618 3436 onus
635 3398 824 3439 sustineo
835 3399 863 3439 ?’
886 3399 1086 3443 Gebhard.

339 3458 607 3512 Conveniunt]
661 3460 800 3501 Paulo
834 3462 963 3504 aliter
994 3463 1166 3505 Plutar-

283 3522 390 3589 chus
399 3536 410 3567 ε
432 3522 535 3575 Ἤδη
561 3521 604 3566 δὲ
623 3523 773 3567 καὶτὸν
786 3524 915 3569 Δίωνα
930 3526 994 3569 καὶ
1006 3527 1079 3570 τὰς
1097 3542 1166 3581 γυ-

687 286 867 326 No'rAE
907 285 1245 326 VARIORUM
1287 285 1353 325 ΙΝ
1398 287 1449 327 G.
1490 287 1767 327 NEPo'ris-

1246 406 1379 448 ναΐκας
1395 404 1552 448 ὑπόνοια
1567 409 1648 448 τῶν
1664 404 1939 460 πραττομένων
1953 405 2052 461 εἷχε,
2068 407 2134 450 καὶ

1244 468 1425 520 μηνύσεις
1443 470 1618 521 ἐγίνοντο
1637 469 1894 523 πανταχόθεν.
1921 472 2105 521 Lambin.
2196 464 2203 473 ⁹

1301 537 1351 576 ln
1378 538 1501 577 oedem
1530 537 1784 590 Proserpinoe
1811 537 2025 589 deducunt]
2053 537 2133 579 Ni·

1245 597 1306 638 hil
1325 596 1468 640 notius
1487 605 1617 652 raptu
1637 599 1931 652 Proserpina»,
1951 600 1994 639 in
2013 600 2134 652 cujus

1244 661 1450 702 honorem
1466 663 1676 715 templum
1693 669 1902 703 erectum.
1931 662 2132 715 Orpheus

1246 730 1393 766 tamen
1427 730 1474 766 et
1506 726 1743 766 Pausanias
1774 726 1817 765 in
1856 725 2009 766 Attica
2042 737 2132 765 rem

1244 794 1413 840 gestam
1446 788 1636 841 tradunt,
1656 802 1741 843 qua
1767 789 1976 842 Cephisus
1997 788 2134 829 amuis

1242 852 1484 892 Eleusinem
1518 852 1728 904 praeterit.
1782 853 1793 874 ‘
1815 851 1928 892 Deo'
1961 862 2132 904 quoque

1243 915 1488 968 appellatur
1519 914 1752 967 Hesychio.
1804 915 1935 955 Unde
1965 918 1977 938 ‘
1999 915 2133 955 Deois

1242 977 1516 1030 Proserpina'
1547 978 1661 1030 apud
1693 976 1944 1018 Ausonium.
1995 977 2132 1018 Simul

1241 1043 1315 1083 ille
1348 1055 1446 1083 cum
1479 1043 1636 1084 Cerere
1666 1043 1712 1082 in
1739 1042 1970 1083 Eleusiniis
1997 1044 2132 1083 sacris

1242 1105 1483 1146 colebatur.
1550 1105 1892 1157 Thesmophoria
1926 1106 1970 1145 in
2002 1106 2132 1146 hono-

1242 1181 1335 1209 rem
1353 1168 1628 1222 Proserpiuae
1661 1176 1811 1222 raptus
1830 1170 2016 1210 maximo
2031 1181 2130 1210 cum

1240 1234 1364 1274 luctu
1381 1245 1531 1274 mense
1551 1233 1827 1287 Pyanepside
1844 1234 2128 1285 habebantur,

1242 1309 1370 1351 quem
1401 1295 1583 1350 ἐπόριμον
1613 1296 1712 1338 ideo
1738 1309 1924 1338 mensem
1943 1297 2130 1351 appella-

1242 1361 1305 1402 vit
1324 1362 1608 1402 Plutarchus.

1294 1425 1357 1466 Ac
1382 1425 1526 1476 jurare
1557 1425 1724 1477 cogunt]
1768 1426 2004 1466 Maximum
2033 1430 2128 1465 erat

1231 1489 1548 1542 juramentum,
1583 1491 1698 1543 apud
1727 1490 1896 1531 Siculos
1931 1489 2047 1543 quod
2083 1489 2128 1528 in

1241 1553 1336 1594 aede
1359 1554 1634 1606 Proserpinae
1652 1553 1796 1594 fiebat.
1851 1553 2008 1593 Fiebat
2023 1564 2126 1592 vero

1238 1616 1318 1657 bac
1337 1617 1624 1658 solennitate:
1654 1618 1666 1640 ‘
1691 1617 1776 1658 Qui
1797 1615 1926 1656 fidem
1947 1622 2127 1668 praesta·

1239 1678 1334 1730 bat,
1362 1679 1406 1719 in
1431 1679 1602 1719 Cereris
1633 1678 1869 1720 descendat
1899 1679 2125 1731 templum,

1239 1746 1286 1781 et
1297 1740 1552 1794 quibusdam
1567 1742 1752 1793 peractis
1766 1740 2126 1792 sacrificiis,Deae

1238 1817 1470 1857 purpuram
1502 1805 1732 1846 induebat:
1781 1810 1870 1845 tum
1902 1804 2126 1846 ardentem

1238 1876 1419 1921 captans
1456 1867 1658 1921 faculam,
1681 1869 1888 1921 jurabat?
1960 1868 2128 1911 Auctor

1237 1932 1496 1973 Plutarchus
1523 1932 1565 1972 in
1588 1931 1746 1982 Dione,
1766 1932 1890 1984 cujus
1907 1933 2043 1973 verba
2060 1933 2124 1972 lu-

1237 2007 1331 2036 cem
1352 1995 1458 2036 dant
1478 1995 1639 2036 Probo.
1669 1995 1845 2046 Mag-ius.
1862 1995 2090 2047 Longolius.

1249 2087 1252 2089 >
1292 2059 1407 2102 CAP.
1425 2063 1467 2102 9.
1508 2060 1560 2101 In
1587 2061 1760 2101 conclavi
1788 2060 1912 2112 edito]
1956 2061 2127 2102 Plutar-

1236 2122 1369 2164 chus:
1410 2121 1487 2164 Καὶ
1516 2122 1776 2175 καθεζομένου
1806 2122 1951 2166 Δίωνος
1968 2123 2126 2173 ἑνοίκή·

1234 2200 1328 2235 ματι
1357 2185 1494 2228 κλίνας
1509 2187 1617 2229 τινὰς
1630 2186 1766 2238 ἔχοντι
1777 2187 1878 2238 μετὰ
1893 2190 1972 2228 τῶν
1982 2186 2122 2240 φίλων.

1236 2251 1442 2292 solebant
1458 2257 1625 2292 veteres
1640 2264 1737 2292 cum
1758 2263 1910 2292 vacare
1926 2252 2124 2305 precibus

1237 2317 1312 2352 aut
1331 2313 1423 2353 sine
1443 2313 1612 2354 arbitris
1629 2325 1757 2366 agere
1774 2315 1952 2365 vellent,
1971 2315 2016 2354 in
2035 2313 2125 2356 edi-

1236 2380 1328 2416 tum
1357 2378 1498 2418 locum
1518 2377 1772 2418 ascendere:
1811 2378 2029 2419 interdum
2048 2391 2124 2432 pe-

1235 2439 1440 2481 culiarem
1478 2441 1620 2481 locum
1657 2441 1701 2481 in
1749 2441 1960 2493 superiori
1996 2448 2122 2495 parte

1234 2502 1384 2545 domus
1403 2504 1500 2545 huic
1527 2504 1588 2544 rei
1606 2504 1780 2545 habere.
1836 2505 2012 2545 Sueten.
2034 2506 2123 2546 Au-

1235 2575 1350 2622 gust.
1370 2580 1409 2610 c.
1425 2571 1493 2609 ⁷2.
1547 2569 1560 2591 ⁴
1574 2569 1620 2610 Si
1639 2570 1808 2622 quando
1828 2569 1932 2622 quid
1950 2575 2121 2611 secreto

1233 2637 1309 2673 aut
1326 2633 1416 2673 sine
1443 2632 1793 2685 interpellatione
1820 2645 1949 2686 agere
1968 2644 2124 2686 propo·

1233 2697 1405 2748 suisset,
1433 2702 1532 2737 erat
1563 2697 1625 2737 illi
1653 2697 1771 2738 locus
1802 2697 1847 2737 in
1883 2697 2003 2738 edito
2036 2698 2121 2738 sin·

1236 2759 1424 2812 gularis.’
1482 2761 1549 2801 De
1585 2760 1760 2801 Tiberio
1795 2760 1937 2801 Tacit.
1969 2772 2033 2802 vr.
2050 2764 2123 2803 21.

1234 2825 1248 2847 ‘
1272 2824 1481 2866 Quotiens
1502 2836 1632 2878 super
1650 2825 1824 2877 negotio
1839 2827 2122 2879 consultaret,

1234 2888 1352 2928 edita
1370 2888 1521 2929 domus
1540 2894 1664 2941 parte
1685 2889 1920 2931 utebatur?

1288 2950 1568 3003 Recubuisset]
1615 2953 1810 2994 Lambin.
1847 2958 1893 2993 et
1929 2954 2119 2997 Puteau.

1233 3014 1306 3055 lib.
1323 3014 1555 3054 recubuisset
1570 3027 1585 3054 .·
1622 3016 1778 3055 domum
1804 3019 1904 3056 cust.
1921 3017 2119 3070 sepsi-sset,

1232 3076 1423 3126 osoribus
1439 3090 1478 3130 q.
1497 3089 1539 3119 n.
1554 3077 1809 3129 discederent,
1825 3083 1951 3119 certos
1973 3079 2119 3132 proese·

1232 3144 1371 3184 cisset:
1413 3142 1577 3183 consciis
1609 3143 1692 3182 loca
1718 3143 1864 3194 munit.
1878 3145 2020 3195 tradit,
2048 3157 2118 3185 na·

1231 3219 1331 3258 vem,
1349 3209 1418 3259 850.
1469 3206 1584 3246 Sane
1611 3204 1675 3246 ita
1701 3207 1925 3247 Plutarch.
1955 3214 2117 3251 narrat.

1232 3271 1290 3312 Et
1321 3269 1522 3311 custodes
1552 3269 1607 3310 ab
1636 3269 1730 3321 ipso
1760 3269 1900 3310 Dione
1936 3270 2117 3322 positos,

1231 3334 1393 3375 Noster
1430 3346 1582 3374 comm.
1619 3337 1662 3373 6.
1699 3332 1872 3374 videtur
1921 3335 2116 3378 innuere.

1231 3398 1343 3438 Msc.
1374 3397 1523 3438 Boecl.
1582 3397 1762 3438 conscios
1782 3395 1978 3445 facinoris
2013 3398 2043 3438 1.
2062 3411 2116 3440 m.

1229 3474 1266 3502 o.
1297 3461 1440 3513 tradit,
1457 3461 1496 3501 d.
1514 3473 1550 3501 c.
1566 3459 1703 3511 sepsit,
1719 3471 1745 3499 a
1761 3458 1887 3508 scrib.
1905 3473 1942 3512 ¹1·
1974 3473 2016 3503 a.
2035 3458 2117 3502 dir-

1228 3528 1383 3581 cedant,
1397 3529 1524 3567 certos
1551 3523 1740 3579 proeficit,
1756 3537 1891 3567 navem
1921 3525 2115 3568 armatam
