2306 3900
596 320 799 362 xxm.
857 318 1308 371 HANNIBALEM,
1349 317 1484 359 cAP.
1521 304 1577 359 5.

157 450 270 488 atur.
300 447 400 490 Quo
419 442 609 487 secundo
629 441 862 484 Consulatu
877 440 1046 493 collega

154 509 250 562 ejus
268 508 353 550 fuit
372 508 436 549 Μ.
454 504 683 550 Juventins
712 503 871 553 Helva,
907 514 954 544 m
974 514 1047 545 xc.

155 573 268 614 utin
285 571 427 613 Fastis
446 570 594 610 videre
610 572 692 608 est.
732 567 885 607 Keuck.

211 637 263 677 In
290 633 480 686 Inmunis]
527 633 680 673 Florus
711 642 764 672 11.
792 633 835 670 6.
876 629 1048 670 ‘Ausus

153 706 203 742 et
219 699 476 753 Sempronio
499 695 701 738 Graccho
721 694 834 735 duce
854 705 934 746 per
959 693 1047 734 Lu-

153 763 319 806 caniam
349 761 490 814 sequi,
525 766 571 800 et
595 770 793 812 premere
825 761 952 810 terga
979 764 1048 797 ce-

156 823 330 868 dentis!
358 823 505 865 Livius
522 822 693 864 Decad.
712 832 785 862 111.
804 825 844 863 5.
875 821 887 844 ‘
911 820 1048 861 Grac-

152 889 297 940 chum,
309 886 405 940 jam
424 885 632 926 nudatum
654 883 875 938 praesidio,
901 883 1047 924 vivum

153 956 315 1005 capere
330 950 457 991 Poeni
474 949 686 990 nituntur.
719 948 935 989 Caeterum
955 946 1045 999 ille,

151 1016 428 1069 conspicatus
443 1014 665 1055 Lucanum
696 1011 911 1063 hospitem
931 1009 1048 1050 inter

150 1080 314 1132 hostes,
330 1077 439 1119 adeo
460 1076 643 1118 infestus
673 1073 894 1116 confertos
930 1073 1047 1114 inva-

151 1142 228 1196 sit,
244 1148 295 1184 ut
313 1142 435 1196 parci
471 1141 514 1181 ei
545 1140 633 1181 sine
652 1139 884 1180 multorum
903 1136 1047 1190 perni-

150 1206 216 1248 cie
229 1217 317 1247 non
335 1209 501 1258 posset.
531 1203 780 1245 Exanimem
800 1214 897 1244 eum
914 1202 1047 1254 Mago

151 1268 448 1323 extempload
472 1267 731 1311 Annibalem
764 1267 898 1319 misit,
924 1265 1047 1320 poni-

150 1345 253 1387 que,
286 1345 389 1374 cum
408 1332 552 1385 captis
571 1332 698 1373 simul
716 1330 923 1384 fascibus,
944 1335 1046 1372 ante

150 1395 344 1439 tribunal
355 1395 628 1450 imperatoris
639 1395 784 1448 jussit.
814 1395 926 1435 Haec
942 1407 1047 1436 vera

149 1459 267 1502 fama
298 1464 382 1502 est.
439 1459 661 1500 Gracchus
691 1459 737 1498 in
774 1457 960 1498 Lucanis
989 1457 1046 1498 ad

149 1534 345 1577 campos,
360 1522 434 1576 qui
453 1528 623 1564 veteres
641 1527 871 1574 vocantur,
889 1520 1047 1574 periit?

148 1586 264 1629 Vide
292 1585 534 1640 sequentia,
563 1585 637 1626 ubi
669 1584 811 1626 varios
831 1585 886 1626 de
905 1584 1045 1626 Grac-

149 1649 221 1692 ehi
246 1654 389 1691 morte
423 1660 642 1691 sermones
669 1648 802 1691 fuisse
842 1654 1044 1691 testatur.

151 1712 242 1755 Alii
261 1714 305 1755 in
324 1725 432 1768 agro
450 1715 762 1756 Beneventano
793 1726 928 1767 prope
962 1715 1044 1755 Ca-

150 1778 288 1819 lorem
322 1776 501 1820 fluvium
538 1778 851 1829 interemptum
891 1777 1045 1818 volunt

149 1839 207 1881 ab
223 1839 421 1882 hostibus
458 1841 574 1881 inter
606 1840 757 1881 salicta
789 1840 1042 1881 latentibus.

149 1902 264 1943 Sunt
281 1901 369 1956 qui,
388 1903 636 1956 aruspicum
651 1903 818 1944 monitu
837 1903 1044 1958 quingen·

151 1970 221 2006 tos
251 1977 404 2018 passus
423 1977 449 2006 e
468 1967 624 2007 castris
657 1978 951 2019 progressum,
978 1967 1043 2009 uti

150 2029 246 2071 loco
265 2041 375 2082 puro
388 2029 591 2082 prodigia
606 2035 878 2082 procuraret,
907 2029 962 2071 ab
983 2031 1043 2070 in-

148 2091 392 2134 sidentibus
415 2091 531 2134 forte
550 2094 693 2134 locum
709 2093 876 2134 duabus
893 2093 1045 2134 turmis

151 2156 440 2198 Numidarum
459 2157 817 2208 circumventum,
833 2155 1043 2197 scribant.

151 2217 295 2270 Adeo,
316 2231 400 2281 nec
417 2220 555 2272 locus,
582 2231 663 2260 nec
682 2219 793 2260 ratio
818 2219 986 2270 mortis,
1000 2219 1045 2259 in

151 2282 245 2323 viro
265 2287 351 2322 tarn
367 2282 486 2323 claro
505 2287 550 2323 et
576 2282 731 2334 insigni
751 2286 934 2324 constat.
961 2283 1045 2322 Fu-

151 2344 266 2386 neris
285 2357 456 2399 quoque
482 2345 672 2387 Gracchi
689 2345 807 2387 varia
823 2344 941 2386 fama
958 2350 1042 2387 est.

149 2410 242 2452 Alii
272 2410 318 2452 in
354 2410 506 2452 castris
539 2410 744 2452 Romanis
780 2410 996 2463 sepultum
1017 2422 1043 2452 a

151 2474 239 2515 suis
302 2477 536 2515 testantur.
608 2472 696 2517 Alii
742 2473 787 2514 in
831 2473 1043 2515 vestibulo

152 2537 419 2579 Punicorum
434 2542 677 2578 castrorum
689 2549 838 2590 rogum
851 2537 906 2578 ab
920 2537 1042 2579 Han-

150 2599 295 2643 nibale
327 2604 596 2641 exstructum
622 2600 802 2650 volunt;
838 2599 893 2640 ob
914 2610 1043 2653 quem

151 2668 341 2705 armatus
358 2662 594 2715 exercitus,
612 2674 710 2703 cum
719 2660 924 2714 tripudiis
940 2661 1042 2704 His-

152 2738 361 2778 panorum
391 2731 439 2766 et
473 2726 653 2767 aliarum
691 2725 903 2778 gentium,
927 2725 1043 2766 omni

150 2790 310 2829 honore
349 2788 557 2841 exequias
594 2788 860 2830 celebrabat.
928 2788 1041 2830 Haec

151 2851 349 2902 tradunt,
388 2852 462 2903 qui
504 2851 550 2891 in
592 2852 776 2893 Lucanis
805 2852 868 2893 rei
902 2859 1040 2906 gestae

150 2919 351 2955 auctores
371 2919 486 2955 sunt.
542 2915 589 2956 Si
619 2915 720 2967 illis,
743 2915 815 2968 qui
846 2916 899 2956 ad
921 2916 1041 2958 Calo-

149 2989 242 3018 rem
275 2975 455 3018 fluvium
484 2977 763 3019 interfectum
787 2987 1042 3034 memorant,

149 3038 328 3081 credere
347 3041 472 3093 velis,
490 3041 646 3094 capitis
665 3046 833 3083 tantum
853 3043 1041 3085 Gracchi

148 3102 294 3144 hostes
338 3104 471 3156 potiti
511 3110 625 3146 sunt.
679 3106 744 3146 Eo
795 3105 941 3148 delato
984 3107 1040 3149 ad

152 3165 460 3219 Hannibalem,
491 3168 644 3210 missus
666 3168 722 3210 ab
740 3181 791 3210 eo
810 3168 1039 3212 confestim

153 3230 375 3282 Carthalo,
410 3231 483 3283 qui
516 3231 560 3271 in
597 3238 740 3274 castra
765 3233 959 3276 Romana
983 3233 1039 3275 ad

153 3294 232 3336 Cn.
262 3294 508 3336 Cornelium
541 3300 798 3348 quoestorem
829 3295 1038 3338 deferret.

150 3357 197 3398 Is
214 3355 342 3399 funus
369 3358 639 3410 imperatoris
667 3358 710 3399 in
742 3360 911 3412 castris,
928 3361 1040 3402 cele-

153 3420 380 3463 brantibus
413 3434 512 3463 cum
543 3422 740 3464 exercitu
765 3423 1038 3464 Beneventa-

153 3483 234 3535 nis,
250 3482 374 3526 fecit.
430 3485 541 3526 Haec
560 3486 718 3529 Livius.
772 3485 957 3527 Videtur
977 3492 1040 3528 ta-

152 3559 250 3590 men
277 3548 320 3589 in
348 3550 633 3602 posteriorem
646 3550 905 3594 sententiam
919 3551 1038 3594 abire

259 3615 405 3668 Delpla.
421 3620 460 3656 et
478 3616 572 3658 Vur.
591 3618 699 3661 ctae.

1008 3619 1113 3672 Nep.

1890 305 1997 359 657

1112 440 1242 482 etiam
1272 438 1514 493 Appianus.
1570 434 1722 478 Verba
1739 435 1831 488 ejus
1850 434 1894 475 in
1914 433 2002 475 Au·

1111 502 1338 544 nibalicis:
1368 500 1548 554 Αἶσχρῶς
1577 500 1612 540 δ’
1637 498 1756 540 αὐτὸν
1783 495 2006 552 ἐνηδρευμέ-

1110 581 1191 618 νον,
1204 564 1396 616 ἀγάμενος
1411 565 1511 616 ὅμως
1527 566 1600 612 τῆς
1615 562 2004 616 τελεωείαςάρεῐῆς,

1111 628 1248 681 ἔθαψε,
1269 628 1335 668 καὶ
1350 628 1404 670 τὰ
1420 628 1522 669 ὀστᾶ
1539 627 1736 677 Ῥωμαίοις
1750 626 1935 679 ἔπεμψεν.

1168 693 1392 744 Quinquies
1409 691 1619 744 consulem]
1665 692 1881 738 Quinctum
1903 691 2005 731 Con-

1111 757 1236 797 sulem
1254 755 1552 808 reponendum
1577 759 1699 808 puto,
1727 755 1930 795 Varronis
1957 758 2004 795 et

1111 819 1332 861 Ciceronis
1353 818 1615 860 auctoritate
1645 817 1763 871 apud
1789 816 1932 868 Agell.
1949 827 1998 857 x.

1112 887 1151 924 1.
1181 884 1249 925 Ex
1267 882 1528 936 compendii,
1545 887 1597 923 ut
1613 881 1679 935 fit,
1697 886 1801 922 nota
1827 882 1878 922 V.
1907 882 1999 922 Cos.

1107 946 1309 988 librarius
1341 946 1566 999 imperitus
1590 945 1790 997 quinquies
1806 943 2002 996 exscrip-

1110 1010 1183 1053 sit.
1229 1010 1433 1052 Schottus.
1488 1008 1616 1051 Quod
1658 1019 1747 1048 nou¹
1789 1007 2001 1060 improbo.

1110 1073 1182 1115 Ita
1201 1073 1316 1114 enim
1335 1072 1583 1125 Appianas:
1615 1069 1808 1112 Κλαύδιόε
1828 1086 1877 1112 τε
1893 1070 2007 1125 Μάρ·

1109 1139 1292 1180 zenoso
1306 1137 1490 1183 Σικελίαν
1509 1138 1626 1188 ἑλὼν,
1645 1134 1825 1188 πέμπτον
1835 1136 2002 1178 §wanb-

1110 1217 1164 1244 ων
1188 1201 1298 1256 τότε,
1328 1203 1394 1243 καὶ
1419 1201 1533 1244 Τίτος
1559 1203 1783 1255 Κρισπῖνος.
1840 1201 2004 1243 Consul

1109 1271 1257 1307 autem
1291 1278 1393 1307 cum
1427 1266 1527 1307 Tito
1565 1266 1770 1309 Quinctio
1801 1265 2002 1319 Crispino

1109 1331 1343 1372 Marcellus
1363 1329 1447 1371 fuit
1477 1342 1588 1372 anno
1615 1331 1765 1372 Romae
1794 1341 1933 1371 nxnv.
1952 1335 2003 1373 ut

1109 1399 1282 1436 constat
1310 1405 1365 1434 ex
1386 1393 1542 1434 Fastis.
1579 1394 1781 1435 Keuchen.
1798 1393 2001 1436 Schottus.

1162 1457 1283 1509 Apud
1309 1455 1538 1508 Venusiam]
1583 1456 1695 1498 Quae
1711 1457 2002 1496 Romanorum

1108 1520 1276 1562 colonia
1294 1518 1393 1573 fuit,
1419 1520 1534 1561 inter
1551 1518 1755 1571 Apuliam
1784 1523 1831 1560 et
1862 1519 2003 1560 Luca-

1108 1583 1239 1624 niam.
1267 1581 1475 1624 Velleius.
1531 1582 1655 1623 Inter
1673 1580 1939 1622 Hidruntem
1956 1587 2004 1624 et

1107 1647 1277 1700 Equum
1287 1646 1500 1687 Tuticum.
1521 1644 1779 1687 Antoninus.
1837 1645 2003 1686 Hanni-

1107 1709 1178 1751 bal
1198 1709 1313 1763 apud
1331 1708 1581 1763 Appianum
1607 1710 1807 1762 παρῆλθεν
1830 1708 2002 1762 ἀχθόμε-

1107 1788 1172 1815 νος
1187 1774 1227 1814 ἐς
1244 1772 1440 1827 Θουρίους,
1457 1774 1632 1828 κάκεῖθεν
1644 1774 1685 1816 ἐς
1701 1773 1954 1818 Οὐενουσίαν.

1161 1838 1268 1879 Pari
1285 1839 1396 1878 modo
1409 1837 1631 1890 interfecit]
1678 1839 1833 1879 Multis
1857 1839 2000 1880 verbis

1107 1905 1255 1941 narrat
1279 1900 1461 1942 duorum
1489 1902 1721 1942 Consulum
1752 1902 1922 1944 cladem
1945 1903 1999 1944 Τ.

1108 1963 1254 2005 Livius
1298 1963 1412 2005 Anu.
1452 1975 1605 2009 xxvn.
1658 1966 1858 2019 Uterque
1901 1965 1999 2018 pari

1106 2026 1255 2067 mortis
1267 2039 1425 2080 genere
1439 2027 1738 2081 interemptus.
1791 2030 1999 2082 Κρισπῖνος

1105 2087 1179 2138 μὲν
1207 2088 1460 2140 ἀκοντίσμασι
1498 2090 1585 2130 δυσὶ
1625 2090 1885 2142 βεβλημένος.
1939 2094 2001 2136 Et

1106 2152 1152 2192 in
1171 2153 1322 2193 eadem
1342 2165 1487 2206 pugna
1505 2151 1742 2207 Μάρκελλον
1760 2153 1806 2195 δέ
1820 2170 1882 2196 τις
1904 2154 2000 2207 λόγ-

1104 2230 1162 2269 χῃ
1184 2215 1353 2270 πλατείᾳ
1391 2215 1454 2257 διὰ
1481 2219 1559 2258 τῶν
1590 2219 1774 2271 πλευρῶν
1795 2217 1997 2267 διήλασεν.

1107 2279 1220 2320 Vide
1239 2281 1296 2322 sis
1309 2279 1558 2334 Appianum
1571 2281 1812 2338 Ἀννιβσιῒκῇ,
1828 2287 1875 2325 et
1893 2285 1998 2326 Plu-

1106 2344 1302 2385 tarchum
1319 2344 1365 2385 in
1378 2345 1605 2388 Marcello.

1163 2407 1297 2454 Quare
1326 2409 1399 2450 hoc
1433 2421 1554 2450 unum
1584 2409 1684 2451 satis
1716 2411 1794 2452 erit
1825 2411 1995 2465 dictum]

1105 2471 1334 2513 Postrema
1353 2484 1437 2514 vox
1450 2472 1506 2513 de
1520 2473 1676 2515 mendo
1690 2479 1895 2527 suspecta
1910 2480 1994 2527 est,

1105 2541 1153 2576 et
1171 2548 1197 2576 a
1215 2535 1372 2578 Glossa
1382 2536 1607 2589 irrepsisse
1628 2543 1826 2592 apparet.
1854 2538 1995 2580 Schot-

1104 2602 1183 2639 tus.

1160 2662 1359 2708 Quamdiu
1373 2662 1416 2703 in
1431 2662 1556 2704 Italia
1563 2662 1673 2716 fuit]
1700 2663 1880 2705 Scilicet
1895 2676 1992 2717 spa-

1103 2724 1166 2766 tio
1199 2731 1407 2767 annorum
1437 2726 1671 2768 sexdecim.
1724 2727 1922 2770 Justinus
1942 2727 1993 2769 li-

1104 2787 1184 2828 bro
1218 2787 1385 2828 ultimo.
1431 2788 1549 2839 Mag.
1617 2789 1802 2831 Constat
1844 2795 1993 2832 autem

1105 2851 1396 2892 Hannibalem
1415 2862 1546 2893 annos
1584 2852 1831 2906 quindecim
1862 2858 1909 2895 et
1940 2866 1994 2896 eo

1102 2914 1285 2967 amplius
1317 2914 1364 2956 iu
1400 2914 1533 2956 Italia
1561 2914 1710 2958 fuisse.
1764 2916 1816 2957 T.
1843 2917 1990 2958 Livius

1102 2977 1218 3019 Ann.
1235 2977 1311 3019 lib.
1327 2989 1441 3020 xxx.
1461 2978 1628 3020 dedisse
1646 2979 1819 3036 tandem
1836 2980 1880 3021 id
1897 2979 1991 3036 (va-

1104 3054 1229 3084 cuam
1255 3043 1451 3087 hostibus
1477 3044 1671 3098 Italiam)
1697 3046 1816 3087 Deos
1849 3051 1992 3087 sexto-

1102 3107 1269 3149 decimo
1290 3116 1388 3162 post
1424 3109 1595 3151 demum
1625 3123 1761 3152 anno:
1791 3123 1872 3152 nec
1894 3123 1990 3152 esse

1101 3172 1174 3226 qui
1209 3173 1309 3214 Diis
1347 3174 1508 3226 gratias
1555 3174 1743 3229 agendas
1780 3179 1990 3217 censeat:

1099 3237 1112 3260 ‘
1131 3236 1174 3277 N
1177 3248 1227 3278 ec
1245 3237 1350 3278 satis
1370 3242 1537 3279 certum
1552 3243 1752 3279 constare
1768 3237 1883 3290 apud
1899 3238 1990 3279 anl-

1099 3313 1191 3341 mos
1229 3306 1422 3353 poterat,
1458 3306 1599 3342 utrum
1627 3300 1785 3353 gaudio
1813 3300 1987 3355 dignius

1099 3368 1234 3415 esset,
1254 3363 1545 3405 Hannibalem
1574 3369 1671 3417 post
1686 3369 1856 3407 sextum
1874 3364 1991 3408 deci·

1099 3437 1216 3467 mum
1251 3437 1407 3467 annum
1438 3437 1493 3468 ex
1518 3425 1652 3468 Italia
1683 3427 1986 3481 decedentem,

1100 3501 1280 3531 vacuam
1308 3490 1403 3543 ejus
1431 3489 1744 3552 possessionem
1764 3491 1988 3545 reliquisse

1101 3550 1215 3608 Pop.
1237 3553 1445 3610 Romano,
1464 3565 1520 3598 an
1532 3554 1668 3611 magis
1686 3555 1982 3608 metuendum,

1789 3627 1815 3664 2
1841 3622 1877 3662 Τ
