2306 3900
0 815 6 897 .„,„-
0 472 17 797 v-fn-:m-rv-vs

627 246 775 318 x31x.
839 273 1226 326 ΡΗοοιοΝΕΜ,
1267 273 1404 314 οΑΡ.
1441 261 1494 314 4.

144 395 342 441 babebat.
387 395 614 438 Plutarch.
659 392 840 445 Magius.

201 462 406 504 Neminem
431 462 483 501 ad
511 471 623 501 arma
646 457 817 510 vocavit]
858 455 1028 496 Plutar-

143 524 249 567 chus
276 537 379 566 vero
415 523 492 576 ait,
522 522 782 563 Phocionem
820 525 924 560 tunc
962 523 1029 559 tu-

141 590 427 630 multuantem
463 587 668 640 populum
699 582 860 624 frustra
903 594 1030 623 cona·

142 660 237 695 tum
267 653 468 702 educere,
499 657 545 693 et
576 651 675 692 odio
695 655 741 692 et
761 649 1030 702 contemptui

134 717 342 763 ‘omnibus
361 715 509 757 fuisse.
540 716 665 755 Idem.

193 782 308 823 Ciu».
325 783 366 822 3.
401 780 490 820 Una
515 778 649 832 populi
674 789 849 818 caussam
867 774 1030 828 agebat]

141 842 429 885 Democratiae
449 841 669 882 studebat.
700 839 883 881 Lambin.

194 907 337 950 Altera
392 906 643 960 optimatum]
714 903 1028 945 Aristocratiae.

188 1034 426 1080 ‚Demetrius
458 1031 690 1084 Phalereus]
731 1032 804 1073 De
838 1042 922 1084 quo
965 1029 1029 1071 sic

142 1097 468 1152 Polyaenusflib.
485 1109 548 1139 xv.
589 1094 890 1149 Κασσανδρίζων
917 1093 1030 1145 &try-

141 1164 257 1214 χανε,
286 1161 330 1202 id
349 1166 434 1211 est,
465 1171 553 1200 cum
574 1159 795 1199 Cassandro
821 1157 1028 1208 sentiebat,

141 1235 225 1266 seu·
244 1223 438 1275 faciebat.
482 1222 633 1262 Lamb.
702 1219 868 1262 Eodem
902 1218 1029 1260 modo

138 1286 456 1331 Demosthenes
496 1284 737 1340 φιλιππίζειν
771 1284 827 1326 de
870 1284 1030 1338 Pythia

141 1349 270 1394 dixit.
298 1351 501 1393 Keuchen.

197 1416 305 1456 Nam
333 1412 562 1467 populares]
607 1409 906 1463 Δημοκρατικοὶ,
921 1410 1033 1464 quos

139 1479 366 1532 Plutarch.
391 1478 436 1518 in
459 1476 593 1518 Arato
611 1474 870 1529 φιλοπολίτας
890 1479 1028 1517 vocat.

138 1543 319 1584 Boecler.

193 1607 402 1662 Propulit]
451 1605 684 1648 Lambinus
718 1603 834 1646 solus
875 1603 1028 1656 pepulit

139 1672 378 1726 evulgavit.
416 1671 540 1714 [dent.

194 1735 246 1777 ln
287 1735 351 1777 his
395 1735 633 1776 Phocionem
673 1737 714 1775 et
760 1731 1029 1784 Demetrium]

138 1799 364 1840 Plutarch.
377 1797 735 1840 Callimedontem
751 1801 798 1837 et
812 1796 1029 1836 Periclem

139 1867 285 1915 vocat,
316 1861 388 1916 qui
417 1874 472 1902 ex
506 1860 615 1901 urbe
650 1864 741 1900 tum
779 1857 1029 1911 profugere,

139 1927 298 1981 quique
342 1937 578 1980 paucorum
615 1923 903 1966 dominationi
943 1935 1030 1964 una

140 2004 237 2038 cum
257 1990 479 2033 Phocione
497 1989 715 2040 faverunt,
731 1993 777 2028 et
794 1986 1030 2039 Antipatro

141 2066 193 2096 ac
227 2054 398 2107 regibus
428 2052 715 2094 studuerunt:
744 2050 895 2105 populi
926 2062 1030 2093 vero

139 2117 294 2171 opibus
324 2123 372 2159 et
407 2116 614 2171 potentiae
654 2113 872 2156 adversati
915 2119 1028 2156 sunt.

139 2181 253 2223 Vide
273 2181 402 2223 Diod.
425 2181 559 2222 Sicul.
590 2180 667 2220 lib.
687 2189 822 2219 xvm.
841 2181 909 2218 65.
933 2189 1030 2219 cum

140 2258 231 2301 seq.
249 2251 298 2288 et
312 2245 606 2288 Plutarchum.
635 2244 839 2284 Ernstius.

197 2310 368 2350 Causam
386 2310 492 2362 apud
505 2307 732 2360 Philippum
746 2318 879 2358 regem
895 2303 1031 2358 verbo]

139 2373 391 2428 Philippum
419 2371 643 2414 Aridaeum
669 2369 876 2423 intelligit
895 2370 1032 2422 Eury-

140 2437 496 2487 dicesmaritum,
514 2434 638 2476 uxori
665 2439 712 2476 et
731 2432 825 2474 aliis
851 2432 1030 2475 monito-

140 2502 260 2545 ribus
318 2501 564 2543 obnoxium.
641 2497 906 2553 suppeditat
958 2498 1030 2539 hic

140 2565 356 2619 Princeps
369 2563 570 2605 eximium
585 2561 802 2604 vecordiae
815 2572 867 2602 ac
882 2566 1029 2614 stupo-

141 2629 200 2670 ris
228 2629 491 2682 exemplum,
526 2638 654 2681 quem
691 2637 824 2679 penes
860 2629 1030 2666 tantum

142 2693 295 2736 umbra
312 2692 510 2744 nominis,
537 2701 671 2744 penes
700 2699 880 2731 uxorem
907 2687 1030 2728 alios-

143 2769 228 2811 que
270 2757 336 2798 vis
381 2760 511 2809 atque
557 2753 798 2806 imperium.
866 2750 1029 2794 Justin.

140 2820 219 2862 lib.
239 2831 339 2862 xrv.
357 2824 397 2860 6.
427 2821 439 2844 ⁴
464 2818 644 2859 Interea
674 2814 892 2868 Eurydice
922 2826 1031 2856 uxor

143 2883 308 2925 Aridaei
348 2881 478 2935 regis,
518 2886 568 2922 ut
619 2878 970 2932 Polyperchonta
1005 2889 1032 2919 a

143 2947 319 2989 Graecia
346 2946 488 2987 redire
518 2945 560 2985 in
596 2942 899 2984 Macedoniam
933 2954 1031 2996 cog-

143 3010 279 3062 novit,
296 3014 342 3051 et
374 3008 429 3050 ab
459 3020 510 3049 eo
542 3006 792 3049 arcessitam
812 3004 1032 3060 Olympia-

144 3072 259 3125 dem,
283 3072 484 3114 muliebri
515 3070 787 3113 aemulatione
816 3070 1032 3123 perculsa,

144 3136 327 3177 abutens
351 3135 598 3176 valetudine
625 3134 726 3187 viri,
753 3133 873 3187 cujus
889 3132 1032 3175 officia

144 3198 226 3239 sibi
259 3195 534 3239 vindicabat.'
590 3197 691 3239 Non
722 3197 851 3238 video
885 3201 1030 3238 autem

146 3273 358 3313 caussam,
393 3273 472 3302 cur
507 3263 674 3300 mutato
717 3259 870 3301 ordine
909 3258 1032 3300 malit

145 3324 374 3366 schottus:
436 3324 607 3364 Causam
652 3324 756 3375 apud
798 3322 1032 3374 Philippum

144 3387 258 3428 verbo
293 3388 473 3441 quiderm
515 3398 650 3440 reapse
695 3386 798 3439 apud
843 3385 1033 3437 Polyper·

146 3449 337 3492 chantem.
367 3449 583 3492 Gebhard.

201 3512 264 3554 Ab
308 3513 535 3567 agnaniae]
603 3511 880 3567 Exemplaria
925 3510 1033 3553 Μαι.

1871 255 1980 311 621

1091 393 1307 443 nonnulla,
1323 397 1369 433 et
1382 391 1411 434 J
1414 390 1614 453 ensonJca
1630 399 1799 444 quoque
1815 387 1986 439 Agnone

1092 456 1266 499 habent.
1323 456 1411 497 Sed
1432 469 1486 497 ex
1504 455 1742 496 Plutarcho
1763 458 1904 506 patet,
1921 453 1983 493 le-

1093 521 1279 574 gendum
1314 533 1409 561 esse
1441 519 1675 571 Agnonide:
1701 518 1775 571 qui
1806 516 1905 570 fuit,
1934 522 1984 558 ut

1092 584 1183 637 ipse
1212 584 1291 636 ait,
1323 584 1600 637 sycophanta.
1657 583 1769 623 Sane
1801 581 1984 632 Agnonia

1091 646 1273 691 hominis
1323 647 1485 688 deliciis
1528 645 1741 687 affluentis
1787 644 1983 686 meminit

1093 710 1329 752 Athenaeus
1345 710 1421 751 lib.
1444 721 1532 751 xn.
1554 713 1622 750 18.
1652 709 1770 760 Mag.
1801 707 1982 750 Schedae

1092 780 1282 826 veteres,
1318 774 1404 814 Hic
1441 774 1489 814 ab
1523 773 1732 825 Agnonide
1765 775 1984 825 accusatus,

1093 840 1210 891 qnod,
1224 840 1292 891 ὅγε.
1310 837 1576 879 concinnius.
1605 836 1804 877 Schottus.

1148 903 1218 942 Ex
1243 901 1438 942 consimili
1455 899 1668 952 sententia]
1705 899 1777 941 Sic
1810 899 1916 940 Mss.
1937 905 1984 940 et

1092 966 1258 1019 vulgati
1289 977 1452 1018 omnes,
1481 977 1579 1018 quae
1610 964 1741 1005 lectio
1768 975 1853 1004 non
1881 962 1982 1015 reji-

1093 1030 1247 1071 cienda
1267 1029 1440 1071 videtur
1474 1033 1521 1069 et
1549 1029 1630 1070 hac
1662 1034 1808 1069 mente
1841 1027 1983 1080 accipi

1093 1098 1276 1146 potest..
1307 1091 1526 1135 Consimili
1553 1092 1784 1143 sententia,
1803 1104 1890 1146 qua
1910 1102 1981 1131 an-

1094 1163 1166 1198 tea
1199 1157 1393 1198 Phocion
1423 1156 1467 1197 in
1493 1167 1711 1198 carcerem
1741 1155 1983 1207 conjectus,

1093 1227 1139 1263 et
1165 1222 1209 1262 in
1240 1222 1415 1263 exilium
1448 1226 1544 1262 erat
1570 1219 1794 1273 expulsus,
1822 1218 1983 1258 iterum

1093 1299 1194 1328 reus
1232 1285 1484 1340 proditionis
1519 1290 1642 1327 actus
1679 1284 1724 1324 in
1762 1294 1983 1325 carcerem

1094 1351 1318 1402 conjectus
1350 1355 1432 1391 est.
1503 1349 1807 1402 Conjecturam
1835 1352 1982 1387 tamen

1092 1413 1280 1454 Puteani
1311 1418 1357 1453 et
1392 1412 1591 1453 Lambini
1628 1416 1832 1452 testatam
1869 1410 1984 1460 volo,

1092 1478 1164 1531 qui
1182 1490 1235 1519 ex
1251 1477 1403 1518 consilii
1418 1475 1612 1516 sententia
1626 1475 1790 1526 legunt.
1818 1473 1983 1525 Magno

1091 1542 1201 1583 libro
1240 1541 1457 1583 Notarum
1491 1540 1550 1580 D.
1572 1539 1623 1580 C.
1649 1539 1694 1580 S.
1731 1537 1786 1578 de
1819 1535 1984 1578 consilii

1093 1604 1323 1646 sententia.
1370 1602 1595 1645 Videndus
1610 1601 1751 1643 Cicer.
1772 1600 1913 1653 Epist.
1928 1598 1984 1640 ad

1093 1668 1233 1710 Attic.
1251 1669 1326 1711 lib.
1347 1679 1432 1708 vn.
1456 1670 1520 1707 17.
1541 1677 1662 1706 ruore
1694 1663 1828 1706 etiam
1848 1662 1984 1703 Athe·

1091 1733 1301 1774 niensium
1356 1729 1665 1784 comprobatur
1715 1728 1984 1781 conjectura.

1093 1796 1146 1837 In
1177 1797 1397 1836 Eumene:
1423 1795 1436 1819 ‘
1456 1793 1513 1835 ad
1540 1792 1766 1834 consilium
1799 1790 1982 1832 retulit—2

1093 1861 1257 1901 Postea
1288 1859 1302 1883 ‘
1318 1857 1493 1911 cognita
1529 1855 1695 1898 consilii
1726 1852 1981 1896 voluntate·.'

1093 1923 1259 1967 Sauara.
1312 1923 1386 1964 Sic
1406 1920 1536 1963 etiam
1568 1919 1613 1960 in
1640 1917 1875 1962 Sluiskenii
1894 1917 1979 1958 Ms.

1094 1987 1297 2027 Keuche‘n.

1147 2049 1326 2090 Athenas
1358 2049 1544 2090 deductus
1586 2045 1664 2099 est]
1707 2047 1771 2088 Ut
1813 2044 1983 2087 scilicet

1095 2118 1268 2154 causam
1289 2111 1446 2165 capitis
1465 2111 1661 2161 diceret3
1694 2108 1794 2150 vide
1822 2107 1984 2148 Diodo-

1094 2189 1187 2218 rum
1221 2177 1297 2217 lib.
1330 2187 1471 2218 xvm.
1518 2179 1563 2216 ct
1609 2172 1891 2214 Plutarchum
1936 2171 1981 2212 in

1093 2231 1330 2282 Phocione.
1400 2238 1559 2280 Obiter
1589 2236 1853 2288 observabis,
1883 2246 1982 2276 reos

1091 2303 1392 2345 honoratiores
1422 2302 1618 2344 Athenas
1653 2302 1805 2343 missos
1835 2301 1983 2352 fuisse,

1093 2371 1143 2408 ut
1175 2365 1498 2419 magistratibus
1522 2365 1816 2417 traderentur,
1846 2370 1982 2418 utque

1092 2429 1297 2483 legitimis
1310 2427 1541 2483 confectis,
1552 2434 1627 2470 aut
1638 2428 1983 2481 absolverentur,

1091 2499 1167 2536 aut
1186 2493 1507 2546 addicerentur,
1533 2493 1648 2547 quod
1679 2497 1725 2534 et
1750 2491 1866 2545 apud
1897 2492 1983 2532 Ro·

1092 2569 1240 2598 manos
1276 2556 1486 2598 invaluit:
1526 2560 1617 2597 not.
1660 2555 1734 2607 ad<
1756 2555 1981 2596 Sidonium

1092 2621 1234 2675 Epist.
1254 2620 1331 2661 lib.
1353 2623 1494 2661 vn.⁷.
1527 2619 1685 2674 quibus
1715 2618 1905 2659 moribus
1935 2625 1982 2661 et

1091 2683 1482 2725 Senatusconsultis
1509 2683 1651 2724 locum
1678 2681 1802 2723 dedit
1829 2682 1872 2722 in
1893 2683 1981 2722 suis

1094 2745 1416 2800 Capitularibus
1449 2746 1629 2787 Carolus
1661 2746 1862 2799 Magnus.
1906 2745 1981 2786 Sa·

1092 2824 1201 2854 varo.

1149 2875 1316 2917 emat.
1343 2873 1599 2926 vehiculoque
1605 2871 1854 2926 portaretur]
1881 2873 1983 2915 Plu-

1094 2938 1232 2980 tarch.
1258 2937 1344 2990 Ἐφ’
1367 2935 1527 2988 ἁμάξαις
1555 2933 1814 2988 κομιζομένων
1843 2936 1980 2979 αὐτῶν.

1094 3002 1182 3043 Hic
1201 3006 1347 3043 tamen
1373 3012 1458 3042 non
1491 3005 1669 3053 propter
1685 2999 1980 3041 infirmitatem

1094 3065 1252 3119 pedum
1268 3066 1330 3107 sic
1360 3070 1511 3106 vectos
1539 3076 1631 3106 esse
1652 3063 1882 3117 siguificat,
1902 3064 1980 3104 sed

1094 3129 1364 3172 contumeliae
1383 3141 1526 3170 causa.
1555 3129 1737 3169 Lambin.
1870 3128 1873 3129 ’

1150 3196 1282 3241 Quum
1298 3194 1371 3235 alii
1388 3193 1674 3234 reminiscentes
1686 3191 1830 3232 veteris
1836 3190 1981 3245 sama,

1093 3259 1226 3300 oetatis
1260 3259 1564 3299 misererentur.-
1600 3255 1764 3308 plurimi
1794 3267 1885 3297 cero
1917 3256 1982 3296 ira

1093 3320 1391 3372 exacuerentur]
1417 3320 1590 3372 Duplex
1619 3319 1735 3360 istud
1762 3318 1980 3360 hominum

1094 3397 1243 3438 genus,
1273 3384 1372 3424 hinc
1406 3381 1712 3434 miserantium,
1736 3381 1980 3423 indeiusul·

1094 3448 1277 3489 tautium
1297 3447 1337 3488 iu
1355 3445 1552 3488 omuibus
1570 3445 1727 3487 talibus
1745 3445 1913 3488 casibus
1932 3457 1979 3485 se

1094 3510 1285 3555 exhibet.
1339 3509 1479 3553 Tacit.
1511 3508 1584 3553 lib.
1619 3520 1704 3553 xn.
1731 3512 1800 3566 4⁷.
1837 3510 1849 3532 ‘
1871 3509 1980 3550 Mox
