2306 3900
699 301 923 341 RERUM
967 301 1043 340 ET
1084 299 1448 342 VERBORUM.

204 425 334 479 copiae
351 423 466 466 simul
483 437 572 473 cum
590 424 728 466 nuntio
751 424 825 479 (de
842 427 951 466 nuda
966 426 1047 467 dis-

208 479 405 532 cessione)
432 478 540 527 xviii,
557 482 582 520 8

153 531 338 586 Dilegere
351 534 576 574 affinitatem
593 531 759 586 alicujus
772 532 938 588 (eligere
954 550 964 573 z
988 535 1048 575 sic

209 588 292 627 Ms.
309 586 481 640 schotti)
509 601 598 634 xxv,
616 590 643 627 2

153 636 331 694 Diligere
361 654 523 694 puerum
552 653 682 679 amore
711 641 890 681 venereo
933 642 986 688 iv,
1019 646 1046 682 4

205 694 306 747 (nisi
335 696 465 734 tamen
490 694 702 746 posteriora
729 695 847 734 verba
870 709 894 734 a
921 696 1049 747 glossa

207 754 311 795 sunt,
328 749 436 800 quod
454 748 633 788 Piccarto
651 748 811 802 visum).
839 747 950 802 diligi
969 755 1047 788 tur-

207 801 518 895 ffl2503”312¹12l'ii‘
529 801 778 908 ἷῗέιιῖἔιῑέᾏὲ)
795 802 911 896 ῗῗέἑ
931 816 1048 896 qii‘?

206 922 302 962 gens
334 909 505 949 veritatis
533 908 796 973 φιλαλήθης)
823 886 888 957 xx’v,
906 913 930 950 3
959 911 1048 950 dni-

191 967 323 1015 *gente
352 970 461 1015 patre
495 969 552 1003 uti
579 978 668 1012 xxV,
689 968 711 1005 1
741 963 790 1017 (i.
809 978 846 1004 e.
863 970 1016 1004 amante
1035 979 1046 1004 t

206 1017 282 1056 nisi
299 1016 410 1057 malis
428 1030 498 1070 pro
516 1031 632 1070 parco
663 1018 855 1070 accipere,
884 1031 1046 1070 quomo—

205 1071 258 1110 do
294 1071 524 1112 Ciceronem
551 1085 600 1112 ea
627 1085 724 1111 voce
758 1072 815 1110 uti
843 1073 1049 1112 observant

207 1123 342 1164 Gisan.
364 1126 447 1164 obs.
467 1125 513 1164 L.
531 1125 578 1164 L.
597 1138 687 1178 pag.
705 1129 772 1166 70.
790 1125 963 1178 Schopp.
981 1139 1047 1178 ep.

206 1178 259 1217 de
285 1179 382 1219 disc.
408 1179 496 1219 Lat.
529 1179 574 1218 L.
603 1192 694 1232 pag.
713 1179 806 1218 mihi
824 1183 891 1220 94.
909 1185 951 1219 et
968 1180 1046 1220 Pa-

203 1244 291 1272 reus
308 1232 351 1272 in
365 1232 462 1272 Lex.
481 1233 652 1286 Critieo)

152 1285 334 1338 Diligens
350 1285 560 1339 imperator
574 1286 646 1340 (al.
665 1285 818 1339 imperii
835 1301 845 1325 ι
872 1287 923 1326 de
935 1286 1047 1328 ducis

204 1340 395 1380 industria
412 1346 453 1379 et
470 1347 626 1381 strenua
643 1339 921 1393 administrat.)
948 1341 1001 1388 ix,
1022 1345 1044 1380 1

205 1393 314 1446 (Tali
331 1394 519 1447 loquendi
534 1395 699 1434 formula
715 1394 809 1434 Tac.
837 1400 850 1417 ¹
869 1400 1048 1434 strenuus

201 1446 381 1493 militine?
396 1447 453 1486 H.
478 1447 537 1495 iii,
555 1451 624 1495 42,
642 1453 669 1488 6
696 1447 771 1487 &c.
790 1448 951 1501 Boecl.)
985 1449 1048 1486 di-

202 1500 364 1553 ligentia
394 1501 516 1540 multa
544 1508 743 1554 comparet
773 1501 815 1539 iu
848 1502 909 1540 his
941 1501 1047 1542 libris

202 1553 394 1607 (auctoris
410 1555 516 1608 scil.)
543 1556 646 1602 xxiv,
666 1559 691 1595 3
720 1553 925 1608 diligentia
940 1556 1048 1595 omni

204 1608 389 1649 affectare
445 1608 676 1649 munditiem
716 1608 846 1663 (omni
891 1609 1046 1662 studio)

206 1677 296 1710 xxv,
316 1667 367 1704 13
396 1663 523 1702 minus
555 1663 762 1716 diligenter
791 1664 867 1702 hoc
899 1664 1047 1702 celatur

199 1716 420 1770 (proditur,
464 1717 660 1769 detegitur
703 1729 751 1756 ex
786 1715 1047 1769 negligentia)

205 1769 260 1816 ix,
279 1776 303 1810 6
333 1770 538 1823 diligentia
568 1770 854 1823 Epaminondae
886 1771 1045 1821 ‚deside-

203 1830 308 1865 ratur
325 1823 580 1878 (φιλοπονία)
607 1838 672 1871 xv,
693 1827 717 1864 7

150 1876 349 1918 Dimicare
365 1878 576 1931 (pugnare,
591 1877 766 1930 praelium
783 1877 1046 1931 committere)

205 1931 276 1979 vii,
297 1935 323 1972 8
370 1933 508 1986 (mox:
547 1932 770 1984 confligere.
805 1932 897 1971 Sic:
929 1932 1044 1971 dimi-

195 1998 296 2025 sscare
322 1986 450 2025 armis.
477 1987 590 2025 armis
617 1985 743 2039 cum).
771 1986 955 2026 dimicare
973 1987 1043 2025 ad-

204 2052 335 2079 versus
353 2053 469 2093 quem
489 2040 700 2093 (resistere,
728 2041 770 2079 in
797 2040 922 2079 aciem
940 2039 1045 2079 exire

206 2093 351 2144 ad.).i,
368 2097 396 2134 4
423 2093 606 2134 dimicare
635 2094 686 2133 de
716 2106 864 2133 summa
893 2093 1044 2146 imperii

205 2147 314 2194 xxiii,
333 2150 359 2188 8
387 2148 437 2187 de
456 2147 614 2193 summis
633 2148 747 2187 rebus
774 2146 882 2192 xviii,
903 2151 955 2188 10
983 2148 1045 2186 di·

207 2201 350 2240 micare
376 2200 554 2253 eqnitatu
581 2201 687 2247 xviii,
707 2204 731 2240 3
769 2200 811 2239 in
830 2206 930 2239 terra
955 2199 999 2248 ii,
1018 2205 1043 2240 3

207 2253 357 2306 (Paulo
366 2254 502 2294 latiore
510 2254 751 2307 significatu)
760 2254 944 2293 dimicare
956 2267 1045 2294 cum

209 2306 342 2360 aliquo
370 2308 454 2361 (est
479 2308 644 2361 bellare)
672 2309 725 2355 ix,
743 2311 770 2348 4
809 2308 902 2347 Sic:
932 2308 1046 2347 dimi·

157 2389 160 2392 ·
205 2360 489 2401 caturinAsia
515 2361 683 2415 (bellum
713 2360 878 2414 geritur)
906 2362 1000 2408 xvii,
1018 2366 1045 2403 2

205 2415 390 2455 dimicare
424 2416 475 2456 de
510 2417 614 2454 fama
644 2415 706 2468 (in
737 2414 907 2467 judicio,
936 2415 1045 2468 sub.)

205 2470 473 2509 conservanda
498 2468 615 2516 xiim
644 2469 729 2522 (Sic
743 2468 912 2522 Cicfpro
924 2469 1045 2509 Arch.

206 2527 219 2546 ‘
240 2522 425 2562 dimicare
447 2523 498 2562 de
515 2522 622 2562 vita?
649 2521 804 2574 Vorst.)

153 2575 362 2615 Dimittere
405 2574 612 2628 imperium
656 2573 898 2629 (deponere)
938 2589 1001 2622 xx,
1020 2579 1047 2616 2

206 2627 325 2668 vitam
354 2628 460 2676 xxiii,
480 2633 532 2670 12
573 2628 786 2682 (amittere,
815 2635 860 2667 ut
878 2628 1050 2681 loquitur

206 2682 346 2722 Horat.
369 2682 399 2728 i.
415 2686 452 2723 1.
480 2696 548 2722 seu
560 2681 790 2736 negligere).
808 2681 905 2725 Sic:
934 2695 1049 2723 occa·

205 2736 357 2776 sionem
382 2735 413 2783 i,
431 2740 456 2777 8
484 2735 559 2776 &c.
595 2738 723 2789 (quod
745 2738 1049 2790 περιφραστυεῶς

206 2790 288 2842 est)
302 2796 455 2843 tempus
474 2790 528 2830 rei
545 2793 726 2843 gerendae
753 2791 821 2838 vii,
840 2795 865 2831 8
894 2791 1049 2844 (Priore

206 2845 371 2883 formula
395 2857 485 2883 usus
512 2850 554 2883 et
584 2844 632 2884 P.
663 2844 809 2898 Syrus:
839 2850 851 2867 ‘
872 2844 1050 2886 cavendi

208 2898 317 2937 nulla
361 2897 595 2937 dimittenda
640 2897 822 2939 occasio.’
876 2898 1049 2951 itemque

209 2951 325 2992 Caes..
346 2951 397 2991 Β.
434 2950 486 2991 G.
514 2965 553 2999 v,
586 2954 654 2993 57.
698 2952 909 3005 posteriore
943 2952 1048 2992 idem

210 3004 313 3044 Caes.
339 3005 383 3052 ii,
395 3008 464 3047 21.
491 3004 650 3046 Curtius
660 3005 762 3046 dixit
788 3011 800 3030 ¹
817 3007 1049 3059 opportuni-

208 3063 327 3097 tatem
341 3058 549 3099 dimittere’
577 3058 631 3106 ir,
652 3064 694 3107 4,
716 3059 776 3112 1).
816 3073 895 3099 non
916 3060 1047 3100 dimit-

169 3141 174 3145 .
209 3117 290 3150 tere
321 3123 345 3150 a
375 3125 417 3151 se
450 3116 726 3164 praeceptorem
754 3113 855 3166 (non
873 3113 1048 3154 desinere

208 3164 852 3272 {juizrfliiffffiffssfflssfflffssiss
871 3167 1051 3283 3221&ss

209 3272 452 3313 inconvicto
473 3271 651 3322 assiduo)
676 3286 767 3319 xxv,
786 3276 813 3313 4
855 3274 1049 3314 dimittere

179 3363 183 3368 ,
210 3326 301 3378 aliq.
332 3325 505 3365 saucium
523 3338 569 3364 ac
587 3326 764 3378 fugatum
790 3326 897 3372 xxiii,
914 3329 941 3367 4
981 3339 1050 3365 ue-

168 3408 172 3410 -
210 3379 351 3421 minem
389 3378 461 3418 nisi
502 3379 645 3418 victum
691 3379 837 3419 dimisit
882 3379 990 3426 xxiii,
1024 3383 1048 3419 3

212 3431 305 3482 (Ele
333 3446 402 3472 ans
414 3432 592 3478 formula,
605 3446 683 3484 qua
697 3432 919 3473 Graecorum
935 3435 1050 3485 δρασ-

210 3499 296 3536 τηρι
343 3500 390 3533 ης
420 3484 485 3526 καὶ
517 3485 691 3538 ἐνέργεια
706 3485 790 3539 περὶ
818 3485 888 3527 τὰς
918 3484 1050 3538 μάχας

169 3574 172 3577 Α
209 3538 298 3587 μετ’
320 3538 499 3589 εὐτυχίας
517 3546 684 3580 notatur.
712 3540 870 3594 Boecl.)

1862 290 2005 345 xlvii

1110 423 1246 466 Dinon
1264 423 1513 479 (historicus)
1540 424 1594 476 ix,
1611 430 1636 466 6

1110 478 1334 519 Diomedon
1347 480 1571 534 Cyzicenus
1585 479 1896 532 Epaminondam
1906 481 2005 524 frus-

1164 538 1222 572 tra
1240 539 1367 573 tentat
1383 547 1627 585 corrumpere
1644 534 1812 586 pecunia
1837 549 1903 584 xv,
1920 541 1949 578 4

1108 584 1217 626 Dion
1233 587 1497 640 Syracusanus
1513 588 1740 626 describitur
1756 603 1780 628 a
1798 590 1910 629 bonis
1928 590 2005 630 for·

1164 647 1285 688 tunae,
1326 640 1447 680 animi
1483 641 1651 693 corporis
1679 655 1717 688 x,
1737 645 1759 681 1
1806 643 2004 697 Dionysio

1162 694 1336 740 intimus,
1362 694 1461 733 ibid.
1505 694 1766 746 legationibus
1792 698 2005 746 adbibitus,

1162 747 1259 789 ibid.
1299 748 1458 789 Platoni
1475 747 1685 800 Syracusas
1705 749 1830 788 accito
1848 751 2005 791 deditus

1165 815 1205 848 x,
1223 805 1249 842 2
1277 802 1511 840 simultatem
1529 802 1686 841 tacitam
1703 816 1791 842 cum
1808 802 2008 857 Dionysio

1163 862 1318 895 exercet
1344 870 1380 903 x,
1400 859 1425 895 3
1454 869 1545 894 mox
1559 862 1762 907 suspectus
1776 856 2009 898 Corinthum

1164 909 1372 948 dimittitur
1398 923 1437 956 x,
1454 913 1481 948 4
1512 922 1629 948 uxore
1647 916 1688 948 et
1705 910 1786 949 filio
1804 911 2006 963 spoliatur,

1163 961 1262 1002 ibid.
1307 963 1452 1003 bellum
1478 969 1590 1016 parat
1612 970 1779 1016 tyranno
1806 979 1845 1012 x,
1865 970 1889 1005 5
1929 966 2004 1020 Sy·

1164 1016 1308 1056 racusis
1340 1017 1487 1069 potitur
1505 1023 1547 1056 et
1563 1017 1614 1056 ad
1644 1018 1845 1068 pactiones
1872 1025 2008 1072 tyran-

1162 1083 1258 1109 num
1287 1070 1443 1123 redigit,
1480 1071 1577 1111 ibid.
1633 1072 1803 1110 adversis
1845 1073 2007 1113 conflic-

1161 1130 1264 1164 tatur
1291 1139 1331 1177 x,
1348 1129 1376 1165 6
1402 1125 1524 1164 multa
1550 1125 1784 1177 impotenter
1813 1127 1896 1178 agit
1923 1141 1960 1174 x,
1980 1133 2006 1169 7

1162 1190 1188 1216 a
1206 1178 1415 1218 Callicrate
1443 1179 1614 1231 quodam
1641 1179 1820 1219 simulata
1836 1179 2009 1220 amicitia

1162 1232 1357 1285 decipitur
1382 1247 1422 1279 x,
1440 1237 1466 1274 8
1494 1238 1536 1272 et
1550 1232 1778 1272 interficitur
1805 1247 1845 1280 x,
1863 1239 1891 1275 9
1918 1243 2010 1287 post

1165 1293 1326 1326 mortem
1366 1299 1552 1326 converso
1586 1286 1731 1326 affeetu
1767 1287 2009 1329 desideratur

1163 1353 1204 1387 x,
1225 1343 1278 1380 10
1320 1339 1407 1392 ejus
1442 1340 1562 1380 caedis
1596 1339 1744 1379 mentio
1781 1342 1898 1380 etiam
1940 1357 2005 1390 ιχ,

1109 1443 1329 1499 Dionysius
1366 1447 1469 1499 prior
1503 1446 1634 1500 diligit
1661 1446 1833 1487 Dionem
1861 1463 1900 1496 x,
1921 1447 1962 1496 1,
1979 1453 2006 1490 2

1161 1499 1248 1551 ejus
1285 1514 1404 1540 causa
1445 1501 1652 1541 Platonem
1696 1502 1870 1549 accersit,
1909 1502 2009 1543 ibid.

1162 1567 1299 1594 somno
1317 1555 1467 1606 sopitus
1493 1555 1591 1602 obit,
1621 1555 1719 1594 ibid.
1759 1557 1866 1596 idem
1884 1556 2009 1605 fortis,

1165 1609 1386 1655 continens,
1405 1609 1646 1656 ambitiosus,
1664 1609 1759 1648 felix
1786 1623 1851 1656 xx,
1870 1614 1897 1651 2

1108 1660 1327 1715 Dionysius
1356 1662 1458 1702 filius
1488 1662 1694 1701 Platonem
1724 1669 1766 1702 et
1797 1664 2005 1703 Philistum

1162 1716 1326 1755 accersit
1353 1731 1393 1763 x,
1409 1720 1435 1756 3
1463 1716 1636 1756 Dionem
1654 1716 1803 1768 ingenii
1822 1723 2009 1768 praestan·

1163 1769 1217 1808 tia
1236 1777 1460 1821 suspectum
1479 1770 1711 1809 Corinthum
1734 1770 1895 1810 dimittit
1922 1785 1961 1818 x,
1979 1774 2006 1811 4

1160 1837 1185 1877 a
1209 1837 1288 1876 quo
1314 1823 1417 1863 bello
1451 1825 1595 1876 petitus
1614 1825 1666 1863 ad
1685 1824 1886 1875 pactiones
1905 1824 2008 1865 redi-

1162 1877 1264 1928 gitur
1290 1891 1328 1925 x,
1342 1883 1366 1918 5
1395 1877 1528 1917 Dione
1541 1878 1746 1917 interfecto
1764 1890 1911 1918 rursum
1927 1879 2003 1932 Sy-

1160 1932 1303 1971 racusis
1322 1932 1469 1983 potitus
1485 1938 1546 1971 est
1571 1946 1636 1978 xx,
1655 1936 1681 1972 2

1106 1983 1389 2037 Dionysiorum
1408 1986 1584 2037 tyrannis
1611 1999 1652 2031 x,
1673 1989 1696 2025 1

1106 2037 1326 2091 Dionysius
1345 2039 1489 2092 (Theb.
1509 2038 1700 2091 musicus)
1728 2052 1793 2085 xv,
1811 2042 1838 2079 2

1107 2091 1285 2144 Dii-igere
1302 2105 1470 2139 cursum,
1499 2105 1579 2145 quo
1597 2092 1747 2132 intend.
1759 2091 2006 2145 (navigando

1162 2147 1341 2198 provehi,
1369 2147 1421 2186 ad
1441 2152 1549 2186 term.
1570 2145 1718 2186 itineris
1747 2145 2009 2199 contendere)

1162 2200 1192 2246 i,
1213 2204 1234 2240 1
1265 2200 1325 2253 (v.
1341 2213 1427 2252 sup.
1447 2199 1580 2252 Curr.)
1612 2213 1661 2240 eo
1684 2199 1849 2253 dirigere
1866 2213 2007 2240 navem

1162 2253 1240 2306 (sc.
1260 2255 1310 2293 ad
1331 2253 1508 2307 portum)
1535 2255 1604 2302 xii,
1622 2258 1649 2296 4

1108 2306 1324 2347 Discedere
1344 2308 1393 2347 ab
1412 2307 1543 2360 aliquo
1558 2307 1709 2360 (abire)
1738 2307 1842 2355 vii,8
1870 2308 2008 2347 domos

1163 2374 1252 2400 suas
1272 2362 1322 2408 ii,
1339 2367 1367 2402 4
1393 2362 1594 2402 discedere
1606 2362 1707 2402 inter
1719 2374 1761 2400 se
1774 2361 1891 2413 longe
1907 2361 1953 2414 (a
1966 2374 2008 2401 se

1163 2414 1354 2468 invicem)
1382 2416 1490 2462 xviii,
1506 2419 1532 2455 8
1558 2417 1701 2468 hospes
1721 2415 1789 2467 qui
1807 2428 2008 2467 nunquam

1163 2469 1365 2508 discedere
1398 2469 1571 2508 voluerat
1602 2469 1694 2521 (qui
1729 2481 1881 2520 semper
1915 2481 2008 2507 enm

1163 2523 1370 2561 comitatus
1399 2522 1548 2574 fuerat)
1576 2523 1644 2569 vii,
1666 2526 1717 2562 10
1756 2521 1958 2561 discedere
1984 2534 2010 2560 a

1158 2574 1312 2627 judicio
1341 2575 1480 2627 capitis
1506 2589 1571 2622 xv,
1590 2579 1617 2616 8
1658 2575 1749 2614 Sic:
1780 2574 2011 2615 discesserat

1165 2629 1372 2680 aliquoties
1393 2629 1573 2668 liberatus
1592 2628 1669 2682 (sc.
1687 2641 1712 2667 a
1724 2627 1901 2681 judicio)
1929 2628 2009 2675 xix,

1165 2685 1192 2723 2
1247 2682 1446 2722 discedere
1483 2682 1566 2735 pari
1600 2682 1734 2735 praelio
1769 2682 1838 2735 (ut
1872 2688 2011 2722 neuter

1166 2734 1314 2784 vicerit,
1342 2735 1463 2788 aequis
1496 2737 1672 2776 manibus
1705 2736 1937 2789 abscedere)
1964 2735 2008 2783 ii,

1164 2793 1190 2831 3
1219 2789 1397 2830 discessit
1423 2789 1597 2842 superior
1627 2790 1848 2844 (victoriam
1876 2803 2010 2843 repor-

1165 2843 1284 2896 tavit)
1312 2844 1389 2891 xiV,
1407 2847 1447 2884 8.
1476 2844 1570 2891 xxii,
1589 2848 1626 2885 1.
1655 2844 1764 2891 xxiii,
1783 2848 1805 2884 1
1835 2843 2010 2896 superior

1166 2897 1299 2949 praelio
1326 2898 1433 2945 xviii,
1462 2902 1512 2939 10
1558 2897 1791 2951 (respondet
1833 2898 2010 2937 formulae

1165 2956 1282 2990 antea
1301 2951 1485 2998 laudatae,
1503 2957 1515 2975 ‘
1530 2953 1675 2992 victum
1690 2965 1714 2991 a
1726 2965 1769 2992 se
1785 2951 2008 2991 dimittere.'

1166 3005 1326 3057 Boecl.)
1344 3005 1544 3046 discedere
1562 3004 1718 3046 infectis
1734 3006 1848 3046 rebus
1866 3018 1891 3044 a
1908 3018 2010 3057 pug-

1166 3071 1217 3098 na
1229 3059 1428 3111 (omittere
1439 3059 1796 3112 oppugnationem)
1825 3059 1888 3105 ἱ,7
1918 3057 2009 3109 (ubi

1166 3118 1297 3152 tamen
1316 3113 1383 3152 illa
1410 3119 1422 3137 ⁴
1443 3126 1468 3152 a
1485 3113 1631 3166 pugna'
1648 3113 1797 3153 melior.
1816 3111 1921 3151 libris
1937 3111 2009 3150 ab·

1166 3172 1257 3204 sunt

1112 3166 1278 3260 Discere)
1309 3218 1579 3270 (cognoscere,
1609 3216 1862 3272 intelligere),
1890 3217 2008 3257 Pras.

1166 3273 1290 3324 (sicut
1316 3278 1328 3294 ‘
1349 3272 1501 3312 docere’
1527 3273 1738 3323 aliquando
1768 3277 1829 3311 est
1854 3276 1867 3296 ‘
1887 3284 2007 3324 expo-

1166 3324 1285 3365 nere.’
1322 3339 1359 3364 v.
1395 3325 1584 3375 Docere).
1632 3325 1791 3365 discitur
1823 3325 2007 3366 facillime

1124 3418 1126 3421 ,
1166 3394 1212 3419 ex
1248 3378 1337 3424 hoe.
1369 3380 1477 3429 quod
1500 3379 1587 3430 quis
1605 3379 1800 3420 studiosus
1818 3385 1879 3419 est
1894 3380 2005 3419 audi-

1166 3431 1258 3471 endi
1288 3445 1352 3477 xv,
1372 3436 1396 3470 3

1114 3485 1333 3535 Disciplina
1353 3485 1503 3524 militari
1535 3487 1685 3528 erudire
1717 3487 1924 3528 exercitum
1954 3485 2005 3530 xi,

1166 3545 1192 3580 2
1221 3539 1414 3579 nobilitari
1440 3540 1491 3586 xi,
1512 3543 1532 3581 1
