2306 3900
326 290 434 344 524

326 429 474 472 αγγελε
479 421 519 462 bs
529 422 598 462 τοῦ
607 421 800 469 βασιλέως
811 422 876 464 καὶ
885 421 1123 465 πιστότατος
1132 426 1210 464 τῶν

323 486 450 539 φίλων
466 486 567 536 μετὰ
578 486 758 538 Βαγώαν.
793 480 1117 539 Colligotamen
1133 488 1208 528 ali-

324 551 495 603 quando
514 551 597 591 ista
615 548 755 592 officia
775 557 976 604 separata
997 550 1144 602 fuisse,
1163 555 1208 591 et

324 615 554 655 Chiliarchi
567 613 823 666 dignitatem
836 614 1105 656 Internuncii
1119 615 1208 655 sive

322 676 586 728 εἶσαγγελέως
604 679 770 719 honore
796 678 1046 730 ampliorem
1077 684 1207 731 atque

323 743 562 784 celsiorem.
604 743 715 784 Nam
727 747 777 784 ut
796 748 920 795 patet
935 754 988 782 ex
998 741 1073 782 lib.
1091 752 1206 782 xvn.

322 803 597 847 Aristozanes
623 811 775 858 postea
799 806 968 846 demum
997 804 1051 844 ad
1074 805 1206 845 Chili-

323 869 437 910 archi
457 870 635 922 gradum
661 870 868 910 ascendit.
901 869 1024 910 Gebh.
1080 868 1205 909 Idem

318 925 585 984 Megistanes
599 932 850 984 vocabatur,
866 937 911 972 et
924 937 1025 984 post
1041 932 1205 983 Regem

321 995 456 1035 totius
501 995 633 1047 regiae
689 995 956 1035 curationem
1000 994 1205 1047 habebat,

321 1056 678 1109 quemadmodum
704 1057 817 1110 apud
847 1057 1073 1109 AEgyptios
1101 1057 1204 1097 dioe-

321 1123 455 1160 cetes.
511 1119 667 1161 Qualia
696 1119 741 1159 in
770 1119 954 1160 Oriente
972 1120 1107 1160 multa
1133 1132 1207 1160 no-

320 1183 450 1235 mina,
488 1195 584 1236 quae
616 1195 661 1223 se
697 1183 903 1224 latissime
946 1183 1205 1225 extendunt.

320 1247 416 1289 Nec
445 1247 633 1300 ambigo,
651 1247 752 1300 quin
772 1247 840 1288 hic
865 1246 1000 1289 fuerit
1022 1259 1128 1287 unus
1148 1259 1203 1287 ex

320 1311 550 1352 Persarum
563 1310 794 1364 δορυφόροις,
807 1323 911 1365 quos
925 1311 1042 1352 mille
1054 1311 1204 1364 fuisse,

317 1379 507 1416 testatur
525 1374 761 1416 Athenaeus
789 1375 862 1415 lib.
881 1385 988 1416 xm.
1007 1378 1048 1416 3.
1096 1375 1202 1417 Qui·

317 1438 398 1479 bus
427 1439 643 1492 aliquanto
661 1438 833 1479 viliores
862 1443 988 1479 erant
1016 1438 1202 1480 Cubicu-

318 1502 432 1554 larii,
449 1502 503 1542 ad
517 1502 856 1555 ostium'palatii,
873 1514 977 1555 quos
989 1501 1204 1554 πυλουροὺς

319 1569 552 1622 vocabant,
565 1571 648 1622 vel,
662 1571 895 1611 secundum
908 1571 1204 1627 Plutarchum,

318 1632 577 1675 κατευάστας.
606 1626 809 1676 Keachen.

375 1697 458 1743 Qui
466 1699 675 1739 secundum
685 1699 854 1750 gradum
862 1698 1020 1752 imperii
1029 1698 1203 1752 tenebat]

318 1761 516 1801 Venusta
553 1760 691 1814 figura
733 1762 912 1805 dictum.
975 1764 1117 1805 Cicer.
1147 1764 1203 1805 de

319 1823 447 1866 Offic.
474 1825 488 1848 ‘
511 1825 677 1865 Tenere
705 1826 939 1867 consularis
979 1826 1203 1880 dignitatis

315 1886 525 1939 gradum!
546 1913 549 1916 »
567 1888 625 1928 Et
637 1899 715 1940 pro
729 1888 918 1930 Planco:
949 1890 962 1912 ‘
983 1890 1204 1930 Summum

315 1951 360 1990 in
387 1951 528 2004 aliquo
553 1951 650 1992 loco
679 1957 828 1992 tenere
850 1958 895 1993 et
915 1952 1138 2005 dignitatis
1156 1958 1204 1994 et

317 2015 496 2067 gratiae?
540 2014 666 2055 Infra
683 2015 929 2057 Phocione:
968 2017 981 2040 ‘
1001 2017 1203 2070 Namque

317 2084 470 2119 auctus
517 2079 774 2133 adjutusque
818 2093 844 2121 a
896 2080 1204 2134 Demosthene,

316 2155 414 2183 eum
434 2155 562 2196 quem
597 2143 790 2196 tenebat,
821 2144 1080 2185 ascenderat
1109 2157 1204 2197 gra—

315 2204 444 2246 dum?
478 2206 655 2248 Sueten.
673 2206 824 2248 Claud.
843 2220 880 2249 c.
898 2211 940 2249 4.
967 2208 980 2230 ‘
994 2208 1109 2250 Quin
1126 2218 1204 2260 per

315 2267 488 2309 eosdem
508 2270 665 2322 gradus
681 2275 727 2312 et
744 2271 946 2312 articulos
958 2271 1200 2324 producen-

315 2331 394 2372 dus
414 2332 499 2374 sit!
533 2333 656 2372 Gema.
1191 2337 1194 2339 ’

374 2395 522 2435 Utrum
547 2395 710 2447 colloqui
735 2396 865 2448 malis,
890 2408 942 2436 on
966 2408 1039 2450 per
1066 2397 1202 2438 literas

314 2458 446 2510 edere]
478 2459 490 2479 ‘
516 2458 606 2499 Per
624 2459 866 2511 epistolam,
894 2465 970 2500 aut
998 2472 1078 2513 per
1094 2473 1202 2501 nun-

315 2522 459 2573 cium,’
488 2527 538 2563 ut
570 2527 639 2563 est
665 2522 782 2575 apud
809 2523 1014 2565 Plautum
1035 2525 1077 2565 in
1107 2525 1202 2568 Mil.

316 2592 403 2628 act.
424 2598 485 2628 tv.
517 2599 578 2628 sc.
595 2591 633 2628 6.
701 2588 761 2629 Et
789 2588 832 2628 in
850 2587 930 2629 hae
957 2590 1202 2632 narratione

317 2651 474 2703 saepius
492 2652 643 2703 Nepos
672 2650 885 2704 ἑλληνίζει.
922 2654 1035 2694 Nam
1056 2654 1202 2696 Graeci

316 2712 489 2760 βασιλέα
500 2713 634 2756 ἁπλῶς
652 2714 724 2756 τὸν
743 2714 898 2769 Πέρσην
910 2717 1202 2770 appellabant,

315 2783 365 2818 ut
383 2790 513 2831 supra
538 2791 563 2819 a
581 2778 704 2819 nobis
725 2779 780 2819 ad
812 2780 1054 2821 Miltiadem
1080 2787 1203 2822 nota-

316 2846 423 2882 tum.
497 2843 583 2885 Qui
620 2848 765 2883 tamen
795 2843 983 2884 adeundi
1018 2856 1110 2885 mos
1148 2845 1202 2885 ab

317 2905 413 2945 aliis
466 2905 673 2958 deinceps
720 2906 908 2959 regibus,
955 2911 1032 2947 aut
1081 2908 1203 2959 regia

314 2974 534 3020 potestate
554 2969 748 3020 praeditis
766 2970 1031 3012 observatus.
1078 2972 1202 3012 Taci-

317 3038 388 3072 tus
409 3030 524 3072 Ann.
546 3043 608 3072 ιν.
627 3032 682 3072 de
696 3032 840 3073 Tiber.
886 3034 899 3056 ‘
918 3034 1054 3074 Moris
1078 3035 1202 3087 quip-

315 3105 373 3146 pe
401 3099 492 3134 tum
520 3099 631 3144 erat,
657 3106 900 3147 quanquam
926 3101 1202 3149 praesentem,

317 3157 478 3209 scripto
498 3156 649 3198 adire.'
685 3158 887 3199 Keuchen.
1068 3152 1071 3155 ’

370 3220 438 3259 An
450 3232 525 3272 per
542 3221 678 3261 literas
696 3219 825 3271 edere]
868 3219 1015 3272 Agere,
1034 3220 1200 3262 Schott.

316 3283 429 3323 Dan.
463 3283 615 3325 Git'an.
654 3284 831 3325 Savaro.
879 3285 1031 3325 Malim
1074 3286 1199 3325 edere.

319 3345 495 3386 Curtius
531 3345 642 3386 dixit
680 3358 851 3400 quoque
883 3347 895 3370 ‘
916 3347 1049 3388 edere
1082 3359 1200 3388 man·

317 3409 447 3449 data'
476 3409 548 3449 lib.
563 3420 608 3449 x.
630 3414 696 3451 32.
744 3412 907 3452 Noster
921 3413 1067 3464 paullo
1086 3417 1199 3465 post.

319 3474 411 3523 Liv.
442 3473 516 3514 lib.
548 3484 660 3513 xxx.
718 3474 731 3497 ⁴
755 3475 1044 3527 Posteaquam
1080 3476 1198 3516 edita

319 3536 547 3582 mandata!
571 3536 697 3578 Gebh.
747 3537 809 3578 An
822 3550 893 3590 per
908 3539 1072 3591 liceras]
1098 3541 1196 3581 Mos

703 303 883 343 NOTAE
923 303 1258 345 vAR10RUM
1300 306 1366 345 IN
1410 308 1464 347 G.
1504 306 1766 348 NEPOTIS

1268 427 1406 477 vetus,
1441 437 1685 480 quanquam
1731 428 1991 478 praesentem
2035 427 2150 480 prin-

1268 488 1423 541 cipem,
1449 489 1611 542 scripto
1639 489 1774 530 adire.
1828 489 1896 529 De
1914 501 1998 543 quo
2017 490 2150 532 etiam

1266 551 1441 593 Tacitus
1466 551 1621 595 Annal.
1653 565 1718 594 iv.
1762 553 1945 594 Caussa}
1963 553 2071 606 ejus,
2098 558 2150 605 ut

1267 616 1472 669 mediate,
1508 629 1594 658 non
1629 618 1724 670 plus
1750 617 1944 657 minusve
1973 617 2149 670 loquan-

1270 682 1367 729 tur-3
1397 685 1446 720 ut
1458 692 1549 721 rem
1566 680 1701 732 magis
1715 680 1855 721 animo
1874 684 1920 720 et
1930 680 2149 721 memoria!

1267 742 1486 795 Principis
1503 743 1831 795 commendent;
1850 755 1906 784 ne
1924 755 2068 784 coram
2089 744 2151 784 al·

1266 805 1449 858 loquuti,
1465 806 1714 859 Principem
1742 813 2001 860 occupatum
2019 808 2151 860 longo

1265 872 1445 909 teneant
1471 881 1692 919 sermone3
1719 876 1769 910 ut
1803 877 1973 924 tempus
2002 870 2058 911 ad
2086 871 2150 912 in·

1267 937 1433 985 tegram
1464 929 1823 983 consultationem
1850 938 2074 984 servetur-3
2101 938 2152 974 ut

1267 990 1454 1050 repulsae
1500 997 1655 1051 pudori
1708 997 1862 1049 literis,
1907 1009 2003 1051 quae
2063 1009 2150 1038 non

1267 1061 1541 1112 erubescunt,
1572 1065 1840 1102 occurratur.
1900 1060 2073 1113 Lipsius
2094 1055 2151 1100 'in

1268 1137 1422 1165 comm.
1441 1129 1488 1165 et
1507 1125 1724 1165 Forstner.
1748 1124 1793 1164 in
1820 1128 1910 1166 not.
1941 1124 2066 1176 polit.
2095 1119 2152 1165 ad

1268 1189 1311 1229 d.
1329 1189 1359 1229 l.
1385 1188 1539 1229 Taciti.
1569 1189 1735 1229 Cononi
1754 1199 1905 1229 caussa
1922 1186 2020 1240 fuit,
2035 1188 2150 1241 quod

1267 1264 1457 1304 praesens
1479 1252 1616 1292 nollet
1643 1263 1760 1292 more
1788 1252 2022 1292 Persarum
2049 1251 2150 1292 ado·

1266 1327 1363 1356 rare
1399 1328 1559 1369 regem,
1605 1320 1653 1357 ut
1689 1328 1791 1357 mox
1827 1321 1979 1356 auctor
2012 1315 2150 1356 addit.

1264 1379 1428 1420 Loccen.
1473 1379 1587 1421 Illud
1613 1392 1732 1430 agere
1763 1379 1972 1432 expungit
2005 1378 2151 1429 Ultra,-

1258 1444 1426 1497 jectina
1442 1449 1487 1484 et
1504 1444 1767 1497 Longoliana
1783 1444 1933 1484 editio.

1320 1507 1370 1548 Si
1387 1508 1432 1549 in
1449 1513 1690 1560 conspectum
1716 1506 1887 1559 veneris]
1931 1505 2161 1548 Arnobius.

1264 1573 1476 1621 μιμητικῶς
1498 1572 1542 1612 in
1562 1571 1689 1612 simili
1710 1571 1954 1612 narratione
1980 1570 2056 1611 lib.
2083 1581 2151 1612 vi.

1264 1635 1277 1657 ‘
1296 1635 1359 1676 Ut
1385 1647 1458 1676 eos
1488 1635 1693 1688 possimus
1719 1647 1861 1676 coram
1884 1640 1932 1676 et
1958 1634 2151 1676 cominus

1265 1697 1442 1746 intueri,
1475 1697 1598 1739 affari
1624 1699 1679 1740 de
1715 1696 1941 1751 proximo!
1987 1697 2075 1739 Ubi
2103 1703 2151 1740 et

1264 1761 1388 1815 affari
1423 1767 1508 1814 est,
1535 1762 1648 1816 quod
1674 1763 1758 1802 hoc
1787 1763 1882 1803 loco
1908 1762 2153 1818 προσκυνεῖν,

1264 1827 1355 1866 sive
1373 1826 1550 1866 adorare.
1590 1821 1817 1867 Reuehen.
1876 1834 1878 1836 ·
1979 1820 1982 1822 ’

1326 1889 1518 1930 Veneram·
1537 1893 1577 1930 te
1593 1887 1763 1941 Regem]
1781 1887 1951 1930 Praeter
1967 1893 2151 1931 caeteros

1264 1953 1465 1995 Justinus
1496 1953 1572 1994 lib.
1592 1964 1656 1994 VI.
1695 1953 1708 1976 ‘
1728 1953 1882 2007 Itaque
1902 1953 2059 1995 Conon,
2074 1953 2149 1994 diu

1266 2029 1370 2070 rege
1417 2028 1496 2070 per
1553 2017 1758 2069 epistolas
1807 2015 2024 2070 fatigato‚'
2069 2009 2152 2057 ἀὲ.

1267 2078 1414 2134 Reges
1428 2080 1544 2121 enim
1560 2071 1792 2122 Persarum
1805 2093 1852 2120 se
1867 2079 2024 2121 fratres
2039 2079 2149 2121 Solis

1267 2149 1312 2184 et
1333 2137 1466 2184 Lunae
1486 2143 1737 2196 jactabant,
1755 2149 1800 2184 et
1815 2150 1866 2185 ut
1884 2144 1959 2184 Dii
1978 2139 2148 2184 adorari

1266 2207 1485 2248 volebant.
1542 2207 1715 2248 Praeter
1733 2220 1784 2248 ea
1805 2219 1901 2261 quae
1919 2207 1966 2248 in
1982 2198 2149 2248 Sidoni*-

1266 2283 1338 2311 um
1365 2271 1442 2312 lib.
1459 2282 1561 2312 vm.
1589 2271 1731 2324 Epist.
1750 2275 1792 2311 9.
1829 2267 2150 2323 elegantissime

1265 2334 1425 2375 Petrus
1446 2330 1731 2386 Chrysologus
1751 2334 1886 2374 Serm.
1908 2337 2002 2374 120.
2030 2334 2043 2356 ‘
2061 2333 2149 2375 Ne·

1263 2410 1317 2438 ve
1331 2397 1475 2445 simus,
1490 2402 1540 2438 ut
1559 2398 1788 2437 Persarum
1810 2409 1947 2450 reges,
1961 2397 2034 2450 qui
2052 2397 2149 2438 snb-

1257 2460 1383 2513 jecta
1417 2472 1532 2501 nunc
1559 2459 1742 2511 pedibus
1770 2460 1856 2499 suis
1886 2460 2149 2513 sphera,·ut

1264 2525 1408 2576 polum
1441 2535 1489 2564 se
1521 2525 1692 2565 calcare
1723 2522 1837 2563 vices
1866 2523 2149 2574 mentiuntur,

1265 2599 1379 2628 nunc
1410 2587 1576 2628 radiato
1595 2587 1739 2639 capite
1757 2598 1812 2627 ne
1834 2586 1922 2627 sint
1938 2586 2146 2645 homines.

1264 2651 1364 2690 solis
1375 2650 1567 2691 resident
1585 2650 1630 2690 in
1645 2649 1799 2703 figura,
1811 2662 1927 2691 nunc
1943 2648 2151 2703 impositis

1266 2714 1349 2754 sibi
1385 2713 1599 2766 cornibus,
1639 2714 1759 2767 quasi
1803 2713 1917 2754 viros
1961 2725 2009 2754 se
2054 2726 2150 2771 esse

1265 2777 1455 2829 doleant,
1469 2775 1781 2817 effoeminantur
1794 2776 1838 2816 in
1856 2778 2018 2829 lunam,
2034 2789 2148 2819 nunc

1265 2842 1405 2882 varias
1432 2843 1553 2882 velut
1580 2841 1766 2882 siderum
1796 2846 1969 2882 sumunt
1986 2840 2148 2882 formas

1265 2909 1315 2945 ut
1332 2904 1513 2945 hominis
1531 2903 1716 2955 perdant
1735 2902 1943 2956 figuram?
1981 2903 2147 2945 Savaro.

1265 2967 1524 3007 Plutarchus
1537 2967 1579 3006 in
1588 2966 1875 3006 Themistocle
1893 2978 1949 3006 ex
1967 2979 2150 3019 persona

1264 3029 1477 3070 Artabani
1497 3027 1754 3070 Chiliarchi:
1781 3029 1896 3078 Ἥμΐν
1918 3027 1960 3069 δὲ
1985 3032 2148 3087 πολλῶν

1262 3092 1387 3143 νόμων
1403 3092 1468 3132 καὶ
1486 3094 1618 3132 καλῶν
1634 3091 1771 3144 ὄντων,
1790 3090 2007 3134 κάλλιστος
2033 3093 2149 3135 οὗτός

1262 3156 1364 3208 ἐστι,
1377 3161 1540 3196 ΤΙΜΑΝ
1564 3159 1796 3207 numm,
1814 3160 1902 3196 ΚΑΙ
1930 3159 2148 3199 ΠΡΟΣΚΤ·

1262 3225 1386 3261 NEIN
1427 3224 1619 3260 ΕῙΚΟΝΑ
1662 3223 1794 3259 ΘΕΟΥ
1834 3223 1932 3259 TOT
1975 3224 2147 3260 nAN'rA

1261 3287 1541 3326 ΣΩΖΟΝΤΟΣ.
1597 3285 1712 3335 Ergo
1732 3282 2019 3324 Orientalium
2046 3283 2147 3338 fuit,

1263 3349 1405 3400 Reges
1451 3360 1549 3388 suos
1593 3346 1889 3398 superstitiose
1932 3349 2144 3399 venerari,
2191 3374 2196 3380 -

1262 3414 1353 3453 sive
1371 3412 1566 3453 adorare.
1619 3410 1747 3453 Quod
1767 3409 1881 3461 apud
1900 3422 1944 3449 se
1964 3410 2008 3450 in
2023 3423 2142 3454 more

1261 3489 1370 3527 esse,
1405 3476 1615 3528 negabant
1643 3472 1972 3514 Lacedaemonii.
2026 3476 2141 3517 Vide

1261 3539 1473 3582 Herodot.
1502 3538 1700 3591 Polymn.
1752 3536 1854 3577 Οὔτε
1887 3535 1965 3590 γάρ
1991 3545 2062 3591 σφι
2100 3539 2141 3580 ἐν
