2306 3900
779 264 1001 304 RERUM
1048 265 1122 303 ΕΤ
1163 264 1536 304 VERBORUM.
2020 263 2060 302 V

287 406 390 433 cosae
405 390 571 432 nationis
621 402 676 429 sc.
691 390 743 429 ad
767 388 903 442 amic.)
932 390 1039 438 xxiii,
1060 394 1111 430 10

286 447 436 499 aliquos
454 445 579 485 socios
617 441 766 494 facere)
793 443 919 490 xiii,2
946 444 1112 483 amicum

286 500 360 539 sibi
376 499 560 551 cupiebat
623 496 738 549 jungi
763 509 854 535 eum
883 495 953 543 vii,
981 501 1008 537 9
1053 497 1113 534 iu-

286 552 372 593 sula
401 552 589 605 adjuncta
617 550 766 604 oppido
792 548 1026 603 (conjuncta
1044 550 1113 589 ad·

279 605 438 659 jacens)
464 619 504 652 x,
523 609 548 644 5

231 659 432 713 Adjuvare
449 658 630 698 barbaros
646 656 750 705 (scil.
776 655 901 707 copiis
919 663 961 696 et
992 656 1113 696 milite

285 714 327 752 in
344 711 468 762 bello)
494 711 522 759 i,
541 714 566 751 7
595 709 772 762 adjutum
792 710 962 761 aliquem
981 710 1112 749 venire

283 765 358 820 (ad
381 764 668 817 adjuvandum)
694 777 758 809 xx,
787 766 813 803 2
853 762 1028 815 adjuvari
1062 765 1111 802 ab

283 819 417 871 aliquo
434 818 476 857 in
494 831 534 857 re
551 818 733 870 quapiam
763 816 870 863 xviii,
891 821 943 857 10
971 817 1111 869 opibus

283 871 452 924 alicujus
479 885 544 918 xx,
562 875 589 912 2
629 870 805 923 adjuvari
836 870 877 908 in
909 870 1041 922 aliqua
1071 884 1112 909 re

282 939 364 965 nou
389 926 516 965 minus
536 925 757 977 prudentia,
783 936 900 975 quam
926 923 1113 964 felicitate

283 980 426 1033 (atque
444 979 654 1031 prudentia
680 990 765 1025 sua,
795 990 913 1030 quam
942 977 1111 1024 fortuna,

283 1034 473 1079 obtinere,
491 1039 537 1071 ut
550 1045 610 1072 res
633 1032 735 1071 bene
750 1029 957 1082 succedat)
983 1031 1012 1078 i,
1031 1035 1057 1072 2

228 1086 525 1139 Adjutordatus
543 1085 719 1139 (collega
735 1086 905 1138 gerenda
920 1083 1031 1136 bell'i)
1058 1084 1109 1131 ix,

282 1143 309 1180 4
337 1139 454 1180 alicui
483 1140 551 1186 xii,
569 1143 596 1179 2

227 1193 422 1234 Admetus
439 1205 503 1232 rex
519 1192 780 1232 Molossorum
808 1192 850 1238 ii,
871 1196 896 1233 8

226 1246 508 1286 Administrare
533 1246 680 1285 bellum
706 1246 780 1299 (de
798 1246 900 1285 duce
927 1245 995 1297 qui
1014 1244 1113 1298 gerit

282 1300 397 1353 bell.)
425 1300 493 1347 xii,
512 1304 552 1340 2.
592 1300 700 1347 xviii,
732 1305 757 1339 5
798 1298 1014 1351 legationes
1031 1311 1113 1350 -per

281 1354 451 1407 aliquem
502 1353 684 1393 adhibere
716 1353 809 1404 aliq.
837 1354 890 1391 ad
909 1352 1111 1391 obeundas

279 1407 495 1460 legationes
530 1421 570 1452 x,
584 1411 606 1447 1
627 1406 865 1458 provinciam
874 1406 975 1444 bene
983 1405 1110 1454 (com-

280 1473 428 1513 ponere
453 1473 500 1500 ac
520 1458 640 1512 tueri)
667 1459 735 1506 vii,
752 1463 779 1499 4
825 1458 1112 1499 administratur

278 1514 451 1566 respubl.
476 1513 581 1566 jure,
600 1511 780 1565 potentia
806 1512 912 1558 xxiv,
932 1515 958 1552 2
986 1509 1110 1550 admi-

279 1567 443 1660 nistrata
470 1580 520 1608 eo
551 1566 667 1620 pejus
696 1578 757 1606 res
790 1572 851 1605 est
868 1564 941 1619 (de
966 1565 1109 1604 damno

281 1621 372 1661 beli
426 1621 480 1669 ix,
500 1624 523 1661 1

225 1620 420 1714 Admira)ri
451 1675 621 1727 aliquem
655 1672 970 1727 (venerationem
1003 1670 1109 1723 not.)

278 1743 318 1776 x,
336 1733 365 1770 2
405 1729 447 1767 in
479 1742 520 1768 re
538 1727 671 1780 aliqua
697 1726 726 1772 i,
745 1730 796 1767 11
825 1725 910 1766 Sic:
942 1725 1111 1764 admira-

279 1782 427 1825 tionem
437 1782 498 1821 sui
511 1779 672 1832 injicere
685 1779 800 1819 alicui
816 1777 1110 1833 (reverentiam)

279 1836 334 1884 xi,
353 1839 377 1876 3
419 1835 647 1874 admirabile
666 1833 843 1885 inprimis
875 1834 951 1873 hoc
966 1833 1041 1871 fuit
1068 1833 1109 1871 in

251 1910 256 1916 ι
278 1885 990 1982 ἓάεἳέξὲἳθεὲζὲἒέῗέηχῗῶἱὶ
1017 1899 1110 1979 iili?

279 1995 486 2049 paniisque
521 1996 694 2049 (notatu,
727 1994 937 2034 observatu
968 1993 1111 2049 digna)

281 2050 391 2097 xxiv,
411 2054 437 2091 3

226 2102 448 2144 Admittere
465 2102 636 2155 aliquem
662 2102 714 2143 ad
743 2114 786 2140 se
816 2101 976 2140 domum
1006 2099 1111 2155 (adi-

280 2163 364 2196 tum
397 2158 436 2197 ei
468 2157 691 2209 permittere
724 2156 767 2194 in
785 2155 946 2194 domum
983 2153 1111 2208 suam)

279 2224 344 2258 xx,
379 2214 402 2251 l
467 2211 671 2249 admittere
708 2208 857 2261 aliquid
895 2208 1112 2261 (agendum

278 2263 494 2317 suscipere)
519 2277 608 2310 xxv,
630 2267 680 2304 16
710 2262 773 2317 (in
787 2263 880 2302 edd.
898 2262 1021 2314 vulg.;
1041 2260 1112 2302 sed

278 2318 355 2371 leg.
390 2322 464 2364 est,
483 2315 719 2370 annuisset).
746 2315 950 2355 admittere
985 2315 1111 2356 scelus

277 2369 540 2424 (perpetrare)
566 2384 630 2417 xv,
649 2374 676 2412 6
720 2369 830 2423 (sub.
862 2369 904 2408 in
933 2382 990 2415 se,
1010 2382 1111 2421 quo-

279 2426 398 2464 modo
418 2424 504 2465 Cic.
522 2424 630 2464 Phil.
646 2428 687 2465 2.
716 2428 728 2447 ‘
743 2423 804 2462 Ea
821 2423 862 2462 in
877 2428 917 2462 te
935 2423 1111 2462 admisis-

278 2478 337 2517 tie
393 2477 447 2517 Et
475 2484 612 2517 auctor
629 2478 681 2516 ad
699 2477 972 2517 Herennium:
1001 2476 1111 2516 ‘Ad-

278 2530 433 2571 versarii
450 2531 558 2577 hoc,'
586 2531 628 2569 iu
660 2543 702 2570 se
719 2529 887 2577 facinus,
919 2535 931 2553 ‘
947 2530 1110 2570 admise-

279 2584 395 2624 runt.'
423 2582 578 2637 Vorst.)
630 2583 799 2629 admitti,
828 2583 1006 2635 (propria
1034 2597 1109 2622 vox

278 2638 330 2678 de
355 2637 465 2677 aditu
497 2638 549 2677 ad
581 2635 820 2700 principem)
847 2636 926 2682 xiv,
945 2639 970 2676 3
1017 2636 1108 2676 Sic:

278 2704 394 2730 nemo
413 2691 497 2730 sine
515 2692 592 2730 hoc
610 2690 827 2729 admittitur
841 2689 913 2743 (de
928 2690 1110 2742 magistro

278 2745 556 2784 admissionum
587 2743 695 2796 apud
723 2741 884 2797 Persas)
911 2743 964 2790 ix,
985 2747 1010 2784 3
1040 2745 1110 2783 ad-

277 2799 381 2838 mitti
411 2799 463 2838 ad
495 2797 665 2838 officium
698 2797 859 2850 aliquod
892 2796 1110 2851 (adhiberi)

281 2852 391 2899 xviii,
430 2855 453 2892 1
531 2852 573 2891 in
605 2863 808 2890 numerum
839 2850 1108 2902 praefectorum

277 2905 455 2960 (assumi,
476 2905 616 2945 ascisci
641 2905 742 2944 inter
764 2903 988 2957 praesectos)
1016 2905 1070 2952 vi,
1086 2910 1107 2946 1

223 2959 450 2999 Admodum
461 2958 776 2999 adolescentulus
787 2957 967 3011 (omnino
973 2958 1110 3012 valde)

277 3013 371 3061 xxii,
387 3017 408 3054 l
442 3026 523 3052 non
553 3013 767 3052 admodum
793 3011 907 3051 multi
934 3012 1013 3061 xxi,
1031 3016 1053 3055 l

224 3065 442 3105 Admonitu
459 3067 626 3119 alicujus
653 3079 742 3111 xxv,
762 3068 816 3106 20

226 3119 467 3160 Adolescens
484 3121 558 3170 (de
576 3118 678 3170 viro)
704 3133 792 3166 xxv,
808 3123 849 3160 8.
877 3119 955 3167 xvi,
975 3123 996 3160 1
1027 3119 1112 3172 (Ita

281 3173 459 3213 solebant
490 3172 679 3230 Romani,
709 3187 774 3225 ap.
803 3173 969 3213 Sueten.
1004 3173 1110 3226 Aug.

278 3231 348 3268 20.
367 3227 417 3266 de
435 3239 528 3265 aun.
547 3230 614 3267 80.
640 3226 821 3266 habente.
856 3226 992 3266 Boecl.
1019 3228 1109 3267 ·vid.

280 3281 440 3320 Manut.
459 3280 610 3320 Comm.
631 3279 671 3317 in
691 3278 816 3330 Epist.
831 3279 918 3319 Cic.
932 3281 982 3318 ad
1002 3279 1109 3321 Fam.

280 3335 322 3382 ii,
343 3338 382 3374 1.
412 3347 501 3386 pag.
520 3337 587 3373 78.
617 3332 706 3371 Pari
725 3333 842 3371 modo
859 3331 990 3372 Graeci
1010 3332 1109 3373 viros

280 3387 502 3428 νεανίσκους
517 3393 557 3426 et
575 3387 712 3436 κομιδῆ
741 3384 863 3431 νέους,
884 3386 1002 3425 immo
1021 3402 1108 3427 παι·

282 3445 448 3501 δόριαοί
479 3444 668 3500 μειράκια,
703 3445 831 3484 Ebraei
869 3433 985 3492 021'70
1013 3443 1039 3482 i.
1069 3457 1104 3482 c.

1234 399 1376 439 pueros
1395 391 1536 426 vocant
1552 400 1559 423 :
1590 384 1678 424 vide
1691 396 1779 435 quae
1793 382 1958 422 diximus
1976 383 2055 421 Ex-

1233 441 1342 480 ercit.
1357 440 1543 492 philolog.
1558 439 1608 477 ad
1627 442 1653 478 2
1680 437 1780 476 Tim.
1800 437 1840 484 ii,
1853 441 1919 477 22.
1948 450 1984 477 c.
1998 437 2058 482 iii,

1232 497 1262 537 §.
1294 498 1336 534 9.
1365 500 1407 533 et
1434 492 1522 546 lo.)
1539 491 1696 531 illustris
1723 491 1816 537 xxii,
1838 494 1862 531 3
1892 491 1975 530 seni
1986 489 2056 541 ju·

1231 546 1504 593 cundissimus,
1524 552 1568 584 ut
1585 558 1701 584 senex
1717 544 1956 584 adolescenti
1969 557 2057 589 xxv,

1233 603 1286 640 16
1313 613 1445 640 senem
1463 612 1636 639 severum
1655 597 1869 650 aequalibus
1886 598 1927 636 in
1943 597 2057 636 fami·
2135 616 2141 627 s

1231 651 1396 692 liaritate
1415 660 1659 705 anteponens
1687 665 1750 698 xv,
1772 655 1799 691 2
1827 651 2056 691 adolescen-

1231 706 1334 746 tulus
1361 707 1463 753 xxiv,
1483 710 1507 746 l
1549 707 1601 745 de
1631 718 1746 743 xxrr.
1778 717 1965 744 annorum
1989 704 2057 756 ju-

1229 773 1329 800 vene
1370 773 1462 806 xxv,
1495 763 1522 799 2
1563 758 1646 812 (tot
1677 758 1780 797 enim
1817 771 1940 797 annos
1972 764 2056 796 turn

1230 812 1386 853 Atticus
1400 813 1554 853 habuit:
1571 812 1652 851 vid.
1665 811 1940 864 Chronologic.
1957 811 2057 850 Ern-

1230 866 1326 920 stii).
1369 865 1683 906 adolescentulus
1714 865 1873 917 quidam
1885 864 2057 916 Argilius

1230 920 1303 973 (de
1322 919 1426 973 viro)
1445 920 1498 968 iv,
1517 923 1543 960 4
1585 919 1696 974 (narn
1723 919 1906 972 Thucyd.
1939 918 2056 970 Argi-

1230 974 1324 1014 lium
1360 975 1464 1014 hunc
1501 973 1620 1026 ἄνδρα
1646 971 1797 1025 vocat).
1845 973 2055 1012 admodum

1227 1028 1541 1068 adolescentulus
1560 1028 1620 1080 (v.
1632 1025 1883 1078 Admodum)
1910 1025 2002 1071 xxii,
2030 1029 2052 1065 1

1227 1082 1500 1131 adolescentiae
1508 1081 1679 1120 ineuntis
1689 1080 1784 1120 vitia
1792 1078 2059 1133 (incipientis)

1226 1135 1272 1184 ii,
1293 1140 1315 1178 1
1378 1135 1468 1175 Sic:
1505 1135 1666 1174 ineunte
1695 1133 1961 1173 adolescentia
1989 1133 2059 1179 vii,

1228 1192 1254 1229 2
1285 1189 1560 1229 adolescentiae
1576 1188 1728 1228 initium
1748 1188 1887 1227 durum
1917 1200 1954 1234 v,
1975 1190 1998 1227 1

1174 1242 1394 1295 Adoptavit
1422 1242 1599 1282 Atticum
1625 1247 1857 1282 testamento
1887 1241 1939 1287 Q.
1968 1239 2057 1280 Cae·

1229 1296 1340 1336 cilius
1367 1310 1458 1343 xxv,
1476 1301 1500 1337 ὅ
1544 1296 1604 1349 (v.
1622 1302 1706 1335 not.
1720 1293 1879 1340 Emsffi,
1912 1293 2057 1346 Cujac.

1229 1351 1313 1390 obs.
1336 1349 1402 1397 vii,
1421 1353 1461 1390 4.
1489 1349 1610 1389 Petit.
1629 1350 1679 1388 ad
1698 1348 1779 1387 LL.
1792 1347 1916 1387 Attic.
1943 1346 1986 1395 ii,
2005 1348 2058 1399 7)

1173 1401 1342 1443 Adorior
1377 1416 1606 1456 oppugnare
1646 1401 1729 1448 viii,
1761 1406 1787 1442 2
1834 1402 2057 1453 demergere

1228 1470 1268 1504 x,
1287 1461 1314 1498 6
1341 1455 1409 1510 (ut
1426 1455 1548 1496 alias:
1564 1461 1577 1479 ‘
1590 1469 1613 1495 a
1641 1455 1794 1508 gredior
1806 1455 1882 1493 hoc
1899 1454 2056 1501 facere‚’

1226 1517 1411 1550 conatum
1447 1524 1536 1550 cum
1573 1523 1596 1549 e
1628 1515 1719 1549 ectu
1756 1513 1880 1547 notat.
1916 1508 2054 1548 Boecl.

1226 1563 1344 1604 Tueri
1374 1564 1504 1603 forsan
1536 1565 1622 1603 haec
1650 1563 1737 1602 loca
1767 1567 1932 1615 possunt
1949 1563 2056 1614 vulg.

1227 1617 1436 1658 lectionem
1463 1618 1569 1670 apud
1596 1617 1775 1657 Tacitum
1792 1615 1890 1668 Agr.
1917 1629 2009 1663 xxv,
2027 1619 2054 1657 4

1228 1676 1239 1693 ‘
1249 1684 1499 1726 oppugnasse
1514 1672 1614 1711 ultra
1627 1669 1788 1710 castella
1801 1668 1959 1709 adorti?
1974 1669 2058 1716 vid.

1227 1730 1371 1772 tamen,
1402 1738 1490 1777 quae
1523 1726 1573 1764 ad
1605 1737 1694 1764 eum
1728 1724 1804 1764 loc.
1834 1722 2057 1763 Gronovius

1227 1778 1466 1832 annotavit).
1493 1778 1638 1818 adoriri
1652 1778 1866 1817 Dodonam
1919 1777 1971 1816 de
1988 1790 2057 1816 co-

1228 1838 1324 1871 natu
1357 1831 1630 1885 corrumpendi
1661 1832 1882 1872 sacerdotes
1957 1830 2055 1870 odo-

1227 1886 1357 1940 naeos)
1384 1886 1437 1934 vi,
1459 1891 1483 1927 3
1526 1886 1792 1938 imprudentes
1820 1883 1928 1931 xviii,
1947 1887 1975 1926 9

1173 1937 1400 1979 Adventare
1428 1938 1535 1987 xviii,
1557 1943 1582 1980 3
1611 1940 1796 1979 adventat
1823 1938 1956 1978 classis
1982 1937 2051 1986 i‚7

1173 1994 1382 2033 Adventus
1409 1993 1505 2040 xxii,
1525 1997 1546 2034 1

1172 2045 1340 2086 Adversi
1371 2060 1484 2087 casus
1522 2045 1601 2094 xiv,
1633 2051 1658 2087 5
1706 2046 1739 2085 si
1772 2045 1869 2099 quid
1905 2045 2057 2084 adversi

1227 2101 1449 2148 accidisset,
1467 2099 1565 2140 ibid.
1593 2101 1798 2140 adversum
1815 2106 1948 2140 tenere
1965 2112 2056 2151 pro-

1228 2153 1490 2195 ficiscentibus
1509 2154 1582 2208 (de
1594 2160 1714 2194 vento
1725 2153 1794 2206 qui
1808 2152 2056 2205 proficiscen-

1227 2207 1332 2248 tibus
1349 2222 1419 2248 suo
1438 2209 1534 2248 flatu
1554 2215 1614 2248 est
1630 2208 1858 2255 contrarius,
1873 2207 1942 2260 qui
1959 2219 2054 2246 con-

1226 2266 1286 2301 tra
1315 2262 1458 2316 spirat)
1484 2263 1514 2310 i,
1545 2266 1568 2302 1
1623 2263 1832 2302 adversum
1858 2260 2053 2307 Athenas,

1227 2316 1269 2367 (e
1298 2315 1479 2370 regione)
1506 2315 1552 2363 ii,
1570 2319 1594 2356 3
1637 2312 1715 2369 (sic
1735 2315 1828 2355 edd.
1847 2315 1957 2367 vulg.
1975 2314 2055 2354 Sed

1227 2368 1305 2422 leg.
1325 2367 1597 2420 exadversum)

1172 2421 1372 2463 Adversus
1402 2437 1506 2463 arma
1533 2424 1631 2462 ferre
1659 2421 1752 2470 xvii,
1781 2426 1807 2462 4
1854 2420 1940 2476 (Sic
1966 2420 2055 2462 Cic.

1227 2476 1327 2517 offic.
1358 2476 1387 2524 i,
1409 2481 1460 2518 12
1502 2482 1516 2500 ‘
1531 2477 1599 2529 qui
1628 2481 1764 2516 contra
1789 2476 1905 2515 ferret
1922 2475 2054 2514 arma!

1227 2529 1379 2570 Auctor
1395 2531 1446 2569 ad
1465 2530 1611 2569 Heren.
1637 2529 1692 2575 iv,
1711 2532 1765 2569 39
1793 2534 1805 2552 ‘
1818 2527 1887 2580 qui
1919 2533 2055 2567 contra

1227 2583 1387 2623 tulerint
1419 2582 1551 2622 arma.'
1606 2581 1750 2621 Vellei.
1777 2581 1821 2628 ii,
1840 2585 1908 2622 28.
1954 2587 2055 2620 'nec

1227 2641 1357 2676 tamen
1374 2636 1415 2675 in
1431 2650 1513 2683 eos,
1531 2636 1599 2689 qui
1614 2641 1750 2676 contra
1761 2635 2056 2682 armatulerant,

1226 2689 1431 2730 saevitum.'
1474 2689 1611 2730 Boecl.
1630 2689 1702 2728 Est
1719 2702 1755 2728 a.
1774 2688 1921 2728 locutio
1940 2688 2054 2740 ellip-

1227 2743 1317 2783 tica.
1344 2743 1501 2796 Integre
1520 2744 1653 2783 Livius
1680 2742 1826 2789 xxxvii,
1857 2745 1910 2782 53
1958 2747 1971 2765 ‘
1986 2742 2054 2794 qui

1225 2798 1407 2836 adversus
1424 2811 1495 2838 vos
1510 2810 1616 2837 arma
1632 2796 1839 2849 tulerint').
1868 2796 2052 2835 adversus

1226 2851 1400 2891 resistere
1427 2852 1505 2900 xvi,
1526 2855 1549 2892 1
1584 2850 1659 2904 (Et
1677 2851 1781 2890 huuc
1799 2850 1928 2890 locum
1947 2848 2052 2888 simi-

1226 2903 1354 2945 litudo
1369 2912 1410 2945 et
1421 2918 1632 2945 consensus
1647 2904 1774 2943 libror.
1788 2909 1929 2943 tuetur.
1949 2902 2054 2942 Boe-

1224 2958 1299 3011 cl.)
1326 2960 1509 2999 adversus
1526 2958 1697 3012 aliquem
1715 2971 1801 2998 esse
1828 2956 1923 3004 xxii,
1942 2961 1968 2998 2
1995 2957 2054 2994 fa-

1226 3025 1312 3052 cere
1341 3013 1447 3061 xviii,
1467 3017 1493 3054 8
1539 3019 1638 3052 stare
1666 3011 1759 3059 xvii,
1778 3016 1802 3051 5
1849 3012 1955 3050 hunc
1983 3011 2054 3047 ad-

1227 3080 1358 3106 versus
1377 3068 1584 3120 imperator
1600 3065 1757 3106 habitus
1783 3064 1837 3111 ix,
1856 3069 1882 3105 2
1909 3063 1981 3116 (Iu
1994 3063 2054 3101 his

1225 3120 1406 3160 omnibus
1422 3121 1614 3160 hostilitas
1633 3117 1861 3170 indicatur).
1889 3118 1964 3155 hoc
1983 3116 2054 3154 ad-

1229 3187 1359 3213 versus
1382 3174 1450 3227 jus
1468 3172 1630 3226 hospitii
1647 3178 1708 3211 est
1734 3174 1948 3223 (repugnat
1972 3168 2055 3221 juri

1226 3227 1361 3279 hosp.)
1406 3227 1514 3274 xxiii,
1550 3230 1600 3267 12
1666 3226 1847 3263 adversus
1882 3222 2053 3276 aliquem

1229 3281 1363 3319 venire
1392 3280 1498 3327 xxiii,
1527 3283 1553 3319 4
1595 3278 1748 3318 obviam
1779 3277 1924 3325 venire,
1956 3277 2053 3317 ibid.

1223 3333 1388 3385 (Plauto
1424 3347 1470 3373 ac
1503 3332 1685 3373 Terentio
1720 3338 1781 3372 est
1822 3332 2053 3371 ‘adversum

1227 3386 1311 3425 ire:’
1331 3400 1368 3425 v.
1388 3387 1542 3426 Buchn.
1559 3386 1746 3426 Thesaur.
1763 3385 1986 3437 mversus).
2005 3398 2052 3422 ex

1157 3472 1162 3476 .
1198 3473 1201 3476 .
1227 3441 1387 3480 adverso
1408 3439 1508 3481 Padi
1523 3440 1654 3481 fauces
1669 3440 1751 3494 (vel
1762 3438 1975 3492 faucibus),
1993 3438 2054 3476 Fr,
