2306 3900
329 301 390 353 xl

383 447 546 489 quorum
564 436 724 476 insidias
742 434 939 476 Pandates
953 435 1112 476 Datami
1129 449 1221 488 ape-

383 493 446 538 rit,
476 492 571 530 ibid.
615 491 732 542 igitur
767 491 900 530 deficit
934 503 959 530 a
993 504 1097 544 rege,
1126 491 1221 530 ibid.

384 546 566 584 adversus
602 545 755 584 Pisidas
792 544 1047 597 proficiscitur
1087 544 1166 590 xiv,
1195 548 1221 584 6

382 598 643 639 defectionem
674 598 797 637 soceri
824 599 978 651 egregie
994 598 1222 645 dissimulat,

380 650 478 691 ibid.
506 653 656 691 hostem
675 652 810 699 vincit,
829 651 924 691 ibid.
953 665 977 691 a
993 651 1073 692 filio
1092 652 1224 704 prodi-

385 711 448 744 tur
463 706 545 758 regi
572 707 650 753 xiV,
668 709 693 746 7
725 705 839 758 cujus
856 707 1065 746 exercitum
1086 706 1223 758 ingen·

384 765 464 798 tem
481 760 664 799 adversus
691 772 732 798 se
760 760 918 799 missum
945 759 1119 799 concidit
1143 760 1224 806 xiv,

385 816 410 854 8
439 814 489 852 ad
509 826 645 866 pacem
662 813 861 861 invitatur,
879 814 975 853 ibid.
1016 826 1105 852 mox
1131 813 1224 852 insi-

383 866 460 906 diis
491 868 702 919 appetitur,
730 880 891 919 quarum
924 867 1066 920 primas
1095 867 1224 907 discu-

383 921 433 959 tit
469 921 548 968 xiv,
561 922 596 961 ⁴9
639 920 809 972 denique
849 921 1102 960 Mithridates
1127 921 1224 960 ima-

380 974 475 1025 Lgine
521 974 702 1014 amicitiae
741 975 862 1014 virum
902 974 1016 1014 illicit
1055 974 1140 1021 xiv,
1173 979 1224 1015 10

386 1028 485 1067 etin
512 1027 708 1081 colloquio
738 1041 808 1085 per
836 1029 1012 1069 fraudem
1041 1027 1226 1073 interficit

383 1082 462 1128 xiv,
483 1086 532 1123 11

333 1135 451 1174 Datis
468 1136 579 1176 classi
599 1136 706 1176 Pers.
726 1136 934 1188 praeficitur
961 1135 990 1182 i,
1009 1139 1035 1176 4

330 1189 420 1229 Dea
438 1202 515 1243 pax
544 1190 624 1237 xiii,
643 1194 668 1229 2
697 1191 810 1243 (nam
829 1189 975 1229 ethnici
988 1187 1119 1230 πάντα
1144 1193 1224 1230 θεο-

382 1245 549 1295 ποιοῦσι,
577 1244 788 1296 praesertim
813 1244 866 1284 τὰ
888 1242 1024 1296 νοητὰ,
1050 1244 1226 1291 virtutes,

383 1297 494 1346 vitia,
513 1298 587 1338 διο.
615 1298 776 1351 Boecl.)

331 1352 397 1391 De
414 1353 584 1392 exercitu
601 1365 681 1391 non
701 1351 866 1404 amplius
891 1351 1092 1391 hominum
1119 1351 1224 1390 mille

386 1406 528 1445 cecidit
571 1406 650 1452 xiv,
681 1410 707 1445 8
760 1419 842 1445 non
891 1412 1022 1458 potest
1053 1405 1224 1456 reperiri,

386 1473 519 1512 neque
533 1460 584 1499 de
604 1459 751 1499 Graecis
770 1460 898 1506 rebus,
917 1471 1046 1511 neque
1064 1459 1114 1498 de
1133 1458 1224 1496 Ital.

385 1514 492 1566 quod
520 1514 625 1560 xxiv,
644 1517 668 1553 3
710 1513 760 1552 de
790 1514 906 1552 servis
939 1514 1018 1552 suis
1045 1511 1225 1552 fidelissi-

387 1581 492 1606 mum
512 1567 617 1606 misit
644 1567 687 1613 ii,
706 1571 732 1606 4
779 1566 842 1606 Sic
860 1581 869 1605 ε
901 1567 952 1606 de
971 1566 1049 1605 suis
1068 1566 1225 1618 triginta

384 1621 522 1659 habuit
550 1633 683 1660 secum
710 1619 836 1666 viii‚2
876 1621 926 1659 de
955 1620 1015 1659 his
1043 1621 1112 1672 qui
1137 1620 1179 1666 ii,
1198 1623 1225 1660 9

348 1676 351 1679 “
386 1674 472 1726 (Ita
501 1674 635 1713 Livius
662 1673 821 1721 xxxviii,
852 1677 905 1714 54
947 1680 957 1696 ¹
977 1674 1106 1721 Quem
1139 1686 1227 1713 eam

386 1741 466 1767 rem
499 1728 592 1767 velit
621 1727 786 1767 Senatus
811 1740 981 1780 quaerere
999 1728 1049 1767 de
1067 1727 1130 1773 iis,
1158 1727 1226 1779 qui

388 1788 570 1834 praetores
589 1795 695 1821 nuuc
715 1782 854 1834 sunt’).
873 1782 969 1834 quid
987 1782 1162 1820 facerent
1176 1782 1226 1820 de

386 1837 467 1875 reb.
485 1837 563 1876 suis
594 1835 725 1888 (alias,
755 1836 868 1875 rebus
901 1836 1006 1875 suis:
1041 1836 1122 1874 vid.
1156 1835 1227 1874 inf.

383 1889 550 1942 Facere)
578 1889 620 1937 ii,
638 1894 665 1930 2
693 1890 743 1928 de
757 1889 936 1929 vehiculo
956 1890 1064 1942 loqui
1079 1888 1163 1942 (ex,
1177 1890 1227 1930 de

387 1956 436 1983 eo
455 1944 522 1996 qui
538 1943 684 1983 insidet
711 1942 821 1998 veh.)
851 1957 912 1991 xx,
931 1947 957 1984 4
1000 1944 1050 1982 de
1073 1956 1155 1996 rep.
1172 1943 1229 1982 nil

347 2020 350 2021 ν
387 2010 528 2050 capere
561 2003 701 2050 praeter
727 2011 805 2045 rw,
837 1999 863 2038 3
909 1997 960 2037 de
997 1997 1228 2050 quotidiano

387 2053 497 2092 cultu
533 2051 632 2091 nihil
669 2058 819 2091 mutare
849 2051 943 2105 (ex)
971 2065 1062 2099 nur,
1083 2055 1134 2092 14
1177 2052 1227 2091 de

388 2107 520 2159 aliquo
556 2106 792 2159 supplicium
827 2118 977 2146 sumere
1031 2105 1140 2152 xviii,
1174 2109 1226 2147 12

388 2160 460 2212 (ab
489 2159 636 2212 aliquo,
667 2166 709 2199 ut
738 2158 910 2212 loquitur
943 2159 1076 2199 Valer.
1113 2159 1226 2202 Max.

388 2214 442 2262 iv,
464 2217 503 2254 1.
529 2213 741 2260 Quomodo
769 2213 927 2253 Terent.
981 2219 994 2237 ‘
1014 2212 1080 2253 De
1110 2213 1226 2252 Davo

388 2267 549 2307 audivi.'
580 2266 734 2319 Vorst.)
770 2269 821 2306 de
851 2280 922 2307 sua
951 2280 990 2306 re
1019 2267 1061 2306 in
1087 2267 1155 2319 jus
1172 2267 1228 2306 ire

389 2321 569 2373 (propter
604 2333 656 2359 ne
682 2322 804 2359 otium
840 2319 1064 2373 proprium)
1092 2334 1182 2367 xxv,
1201 2324 1228 2360 6

348 2403 352 2406 -
388 2376 440 2413 de
458 2374 606 2425 templo
623 2334 748 2413 efferri
768 2372 861 2427 (ex)
888 2375 943 2421 iv,
960 2378 984 2413 5

336 2428 493 2468 Debere
530 2428 605 2481 (de
640 2428 860 2474 honestate,
903 2427 984 2466 sive
1020 2440 1083 2474 eo,
1120 2428 1228 2479 quod

348 2502 350 2504 ·
391 2479 648 2534 fieridecet):
674 2481 740 2521 hic
754 2482 874 2521 debet
885 2493 974 2520 suos
987 2493 1104 2520 nosse
1129 2481 1184 2528 ix,
1202 2485 1228 2522 4

388 2535 536 2575 debent
570 2535 610 2574 hi
645 2535 787 2575 habere
823 2539 973 2588 partem
1007 2534 1117 2586 regni
1143 2548 1183 2581 x,
1202 2538 1229 2575 2

391 2596 581 2642 quantum
626 2589 787 2629 deberet
830 2588 1032 2641 paterfam.
1078 2594 1228 2628 tantum

392 2656 521 2695 operae
538 2641 650 2682 dedit
667 2643 721 2683 rei
739 2641 831 2682 fam.
859 2656 950 2690 xxv,
969 2645 996 2683 4

336 2698 388 2737 de
417 2696 678 2737 necessitate:
707 2697 855 2737 deberit
890 2696 995 2736 bello
1031 2696 1232 2737 exercitati

391 2764 490 2799 esse,
509 2750 578 2802 qui
606 2764 670 2798 xv,
690 2755 715 2790 5

337 2806 388 2845 de
407 2818 482 2845 aere
511 2803 666 2843 alieno:
697 2805 839 2843 debere
868 2816 936 2844 eos
965 2803 1118 2856 longius
1149 2816 1231 2842 non

389 2865 449 2898 est
462 2870 598 2911 passus
612 2858 685 2910 (de
704 2858 788 2897 aeris
805 2857 923 2897 alieni
940 2858 1115 2898 solvendi
1133 2863 1232 2897 tem·

393 2925 486 2963 pore
504 2911 729 2964 observato)
755 2925 844 2958 xxv,
864 2915 891 2952 2
1044 2919 1055 2927 ”

337 2964 603 3006 Debilitantur
637 2964 757 3005 animi
792 2966 956 3004 militum
1000 2963 1231 3018 (terrentur)

389 3019 468 3066 xiv,
487 3022 514 3059 6
541 3018 735 3058 debilitari
746 3019 895 3058 invidia
911 3019 1053 3058 civium
1073 3018 1233 3071 (premi,

386 3071 646 3125 collabefieri)
673 3073 804 3119 xxxiii,
826 3077 845 3113 1
876 3072 1069 3113 debilitari
1093 3073 1231 3112 dicun-

392 3135 454 3166 tur
470 3126 587 3166 etiam
606 3139 702 3178 opes
718 3127 1020 3166 adversariorum
1034 3126 1234 3179 (potentia

391 3180 577 3220 inclinata
607 3186 648 3220 et
678 3180 927 3221 decrescente
957 3181 996 3219 h.
1024 3193 1061 3221 e.
1091 3179 1233 3232 frangi,

393 3234 591 3286 imminui)
620 3233 710 3281 xvii,
730 3239 754 3274 5

339 3286 528 3325 Debitum
573 3293 721 3327 naturae
773 3288 938 3327 reddere·
988 3285 1234 3340 (περίφρασις

394 3340 548 3392 mortis)
576 3341 652 3388 xxi,
674 3345 695 3382 1
725 3340 867 3394 (Nam,
896 3347 939 3380 ut
968 3341 1025 3380 ait
1055 3340 1233 3387 Flaccus,

393 3399 405 3416 ·
426 3394 612 3432 debemus
640 3396 754 3432 morti
780 3409 851 3434 nos
880 3394 1115 3447 nostraque.'
1169 3395 1233 3433 Sic

349 3462 352 3464 ·
394 3445 475 3486 fere
504 3446 640 3486 Cicero
674 3459 743 3498 pro
782 3449 990 3487 Cluentio:
1020 3453 1032 3471 ‘
1050 3453 1091 3487 et
1118 3454 1232 3487 natu-

395 3511 447 3539 rae
483 3506 523 3538 et
558 3499 707 3552 legibus
737 3501 948 3540 satisfecit:
978 3515 1093 3552 quem
1126 3501 1231 3553 leges

394 3554 523 3601 exilio,
538 3560 674 3593 natura
689 3561 809 3594 morte
823 3554 1051 3596 mulctavit!
1095 3555 1230 3593 Lamb.

1161 310 1364 351 INDEX

1338 435 1450 476 Idem
1486 435 1590 475 Phil.
1629 438 1694 476 14.
1734 439 1829 473 extr.
1873 439 1885 457 ‘
1905 433 1942 472 Ο
1980 433 2174 476 fortunata

1337 501 1452 543 mors,
1471 502 1560 544 quae
1577 496 1725 530 naturae
1742 487 1902 535 debita,’
1920 487 1994 528 ὅτε.
2022 487 2175 530 Lucret.

1336 543 1393 592 iii,
1407 547 1486 585 985
1516 550 1528 568 ‘
1547 543 1705 596 vitaque
1719 542 1928 594 mancupio
1940 541 2038 581 nulli
2048 543 2178 591 datur,

1337 597 1485 637 omnib.
1506 597 1606 637 usu.'
1644 597 1763 637 Plura
1781 595 1981 636 Gebhard.
1998 595 2050 636 ad
2067 595 2106 635 h.
2125 597 2177 650 l.)

1285 649 1489 692 Decedere
1515 651 1657 706 (mori)
1683 651 1742 703 iii,
1758 654 1797 691 3.
1828 649 1906 696 xxi,
1922 653 1950 694 2
1977 649 2100 703 (sub.,
2127 651 2180 690 de

1300 717 1301 720 ¹
1338 704 1439 759 vita)
1483 706 1674 746 decedere
1721 710 1844 744 morte
1879 716 1928 743 ex
1963 710 2180 756 conspectu

1337 759 1539 800 hominum
1567 757 1852 812 (significanter
1878 758 1930 796 de
1961 762 2086 797 morte
2110 771 2179 797 vo-

1338 811 1506 851 luntaria
1541 811 1660 863 taedio
1704 810 1992 864 ingratitudinis
2030 810 2180 865 sumta)

1339 879 1405 913 xx,
1425 869 1448 906 1
1476 865 1686 905 >decedere
1718 863 1961 928 inuvinculis
1999 878 2038 912 v,
2068 869 2091 906 1
2137 866 2181 904 in

1341 921 1868 1026 fflssffntpetssffi'ffl‘zss
1890 918 2182 1025 0305323‘30313

1341 1040 1431 1075 xxv,
1460 1031 1512 1068 10
1553 1026 1745 1067 decedere
1779 1024 2032 1073 Sicilia-xxii,
2062 1029 2085 1067 1
2132 1039 2182 1066 ex

1341 1081 1542 1132 provincia
1567 1081 1672 1127 xxiv,
1692 1084 1715 1120 1
1745 1079 1904 1121 decedit
1919 1077 2038 1119 febris
2056 1078 2183 1133 (desi-

1339 1134 1400 1173 nit
1431 1134 1529 1189 &c.)
1555 1148 1644 1183 xxv,
1662 1137 1716 1174 22
1745 1133 1812 1186 (ut
1829 1146 1894 1186 ap.
1911 1132 2040 1173 Cicer.
2056 1136 2099 1174 7.
2116 1146 2183 1187 ep.

1339 1191 1380 1229 2.
1399 1195 1441 1228 et
1458 1189 1508 1228 ad
1528 1188 1617 1228 Att.
1656 1194 1668 1212 ⁸
1689 1187 1856 1227 decessit
1883 1192 2072 1260 quartana
2088 1187 2113 1226 ε’
2141 1194 2184 1228 et

1341 1254 1406 1294 ap.
1422 1242 1579 1282 Terent.
1612 1247 1624 1266 ‘
1644 1241 1802 1281 decedit
1823 1239 1893 1288 ira,
1935 1239 2038 1281 Hec.
2063 1241 2122 1288 iii,
2141 1247 2182 1289 5,

1341 1295 1431 1348 55).
1459 1303 1550 1349 post
1567 1297 1770 1336 decessum
1800 1293 1986 1349 Dionysii
2014 1294 2185 1348 (disces-

1341 1363 1440 1398 sum,
1467 1357 1677 1404 postquam
1704 1348 1905 1404 Syracusis
1937 1347 2184 1403 excessisset)

1301 1431 1305 1436 -
1341 1417 1405 1452 xx,
1424 1408 1450 1444 2

1285 1456 1528 1510 Decemplex
1538 1457 1615 1510 (sic
1630 1457 1750 1496 Mss.z
1766 1455 1867 1496 male
1885 1455 2067 1495 v.Lamb.
2089 1461 2102 1480 ‘
2114 1455 2185 1496 de-

1340 1508 2183 1566 σημεῖ’)ιιυῐηεηιεὴοεῐὶυωζδεκαπλάσως,

1339 1565 1477 1605 decem
1495 1565 1668 1618 partibus
1687 1563 1882 1617 superior)
1909 1564 1938 1612 i,
1956 1569 1980 1604 5
2011 1563 2070 1618 (v.
2085 1565 2182 1605 Pas-

1340 1619 1444 1657 chal.
1465 1620 1516 1658 de
1533 1619 1677 1659 coron.
1706 1632 1745 1665 v,
1764 1621 1833 1658 33.
1861 1617 2023 1670 Boecl.)

1287 1670 1510 1711 Decemviri
1537 1673 1580 1711 in
1611 1671 1836 1712 civitatibus
1863 1672 1917 1720 vi,
1936 1676 1959 1712 1
1988 1671 2184 1712 decemvi-

1338 1725 1428 1765 ralis
1452 1725 1626 1780 potestas
1658 1726 1731 1779 (de
1759 1725 1972 1766 eorundem
2000 1725 2185 1779 imperio)

1343 1779 1394 1827 vi,
1413 1784 1440 1821 2

1288 1833 1454 1873 Decelia
1496 1834 1670 1887 (penult.
1722 1833 1928 1891 producta,
1981 1831 2185 1883 Δεκέλεια,

1344 1887 1553 1941 Frontino)
1581 1889 1610 1935 i,
1629 1891 1654 1928 3
1672 1934 1675 1937 ¹
1694 1886 1870 1927 Decelea
1905 1886 1997 1941 (ubi
2016 1901 2067 1931 ¹v.
2099 1895 2186 1931 not.

1346 1941 1590 1994 Keuchenii)
1608 1942 1799 1995 oppidum
1818 1941 1963 1982 Atticae
1989 1941 2058 1989 vii,
2075 1944 2103 1982 4

1290 1995 1512 2036 Decernere
1543 2009 1634 2035 cum
1659 1995 1791 2049 aliquo
1810 1994 2031 2048 (dimicare,
2049 1994 2188 2036 confli-

1344 2049 1456 2104 gere)
1481 2050 1589 2097 xxiii,
1604 2053 1631 2090 4
1658 2049 1829 2090 exercitu
1854 2049 2005 2104 integro
2031 2049 2141 2096 xviii,
2159 2053 2187 2091 9

1340 2105 1464 2144 classe
1506 2103 1614 2151 xxiii,
1645 2107 1698 2144 10
1751 2102 1958 2157 (Similiter
1988 2102 2098 2145 curt.
2128 2102 2186 2150 iii,

1343 2162 1384 2206 1,
1403 2163 1426 2199 1
1456 2164 1469 2182 ‘
1489 2157 1634 2198 Darius
1663 2157 1800 2197 statuit
1829 2157 1916 2211 ipse
1952 2156 2188 2198 decernere.'

1343 2218 1384 2251 et
1411 2212 1556 2265 passim
1593 2211 1680 2252 Cic.
1706 2210 1864 2264 aliique.
1898 2210 2100 2265 Integrum
2128 2216 2189 2251 est

1344 2271 1356 2290 ⁸
1366 2267 1575 2317 decernere
1589 2265 1687 2305 acie'
1705 2266 1732 2313 i,
1744 2268 1786 2313 4.
1813 2264 1889 2305 nisi
1899 2270 2031 2309 tamen
2041 2265 2096 2304 ibi
2109 2265 2188 2317 leg.

1343 2325 1416 2366 est,
1445 2325 1457 2343 ‘
1471 2318 1766 2359 contenderent'
1777 2319 1840 2358 vel
1859 2323 1873 2342 ‘
1888 2318 2117 2358 cernerent?
2135 2320 2187 2358 de

1344 2385 1423 2425 quo
1441 2386 1479 2412 v.
1497 2378 1581 2412 not.
1600 2372 1682 2410 sive
1699 2377 1711 2394 ⁸
1726 2370 1862 2423 praelio
1878 2371 2116 2419 decernere‚'
2143 2377 2189 2411 ut

1343 2425 1561 2478 ap.Justin.
1589 2422 1768 2472 xiii,8,4.
1796 2424 1876 2464 Sim
1907 2423 2190 2473 lici‘cemere:

1343 2480 1399 2519 sic
1419 2479 1478 2518 usi
1495 2479 1651 2519 Lucret.
1677 2491 1718 2524 ν,
1738 2481 1832 2520 394.
1922 2478 2010 2536 nius
2025 2478 2132 2518 Anu.
2146 2483 2188 2520 6.

1345 2539 1387 2572 et
1416 2533 1459 2572 in
1493 2533 1657 2580 Medea,
1690 2531 1830 2584 Virgil.
1863 2532 1962 2574 AEn.
1997 2532 2065 2581 xii,
2091 2537 2188 2573 709.

1346 2587 1477 2628 Plaut.
1495 2587 1620 2627 Bach.
1645 2584 1704 2634 iii,
1723 2588 1764 2634 2,
1780 2589 1848 2633 15,
1875 2585 1950 2626 διο.
1983 2594 2187 2641 utrumque

1343 2641 1491 2681 factum
1523 2639 1742 2680 imitatione
1777 2639 2016 2687 Graecorum,
2047 2639 2188 2694 quibus

1345 2694 1482 2749 κρίνειν
1514 2693 1587 2735 τὸν
1620 2693 1794 2744 πόλεμον
1821 2700 1864 2734 et
1889 2695 1912 2734 δ
1937 2736 1940 2738 ,
1998 2693 2103 2747 Ινειν,
2129 2701 2190 2734 est

1347 2749 1480 2802 praelio
1499 2749 1697 2796 dimicare,
1725 2754 1767 2788 et
1782 2747 1903 2801 signis
1911 2708 2073 2789 matis
2091 2761 2186 2788 cou-

1346 2803 1532 2857 currere).
1562 2802 1735 2843 decrevit
1752 2802 1897 2842 bellum
1913 2801 2054 2842 inferre
2070 2802 2188 2856 (con-

1347 2856 1495 2910 stituit)
1523 2857 1551 2905 i,
1570 2861 1595 2897 3
1623 2858 1879 2896 decreverunt
1905 2856 2004 2896 illud
2033 2861 2189 2907 tempus

1347 2912 1635 2964 expectandum
1662 2908 1732 2956 vii,
1757 2912 1783 2950 4
1828 2910 2035 2951 decernere
2071 2909 2188 2949 alicui

1347 2967 1514 3005 honores
1540 2964 1610 3011 vii,
1636 2967 1663 3004 7
1709 2969 1855 3003 statuas
1882 2963 1912 3011 i,
1933 2967 1962 3005 6
2006 2963 2187 3017 (decreto

1346 3019 1506 3072 publico
1531 3015 1729 3058 conferre:
1759 3016 1956 3070 proprium
1983 3017 2028 3063 in
2054 3018 2130 3058 hac
2147 3030 2188 3056 re

1347 3073 1387 3112 id
1406 3073 1565 3112 verbum
1584 3071 1672 3111 fuit.
1689 3070 1770 3110 vid.
1788 3070 1960 3110 Emund.
1977 3070 2118 3124 Figrel.
2135 3071 2187 3109 de

1347 3126 1485 3166 statuis
1515 3125 1652 3164 illustr.
1686 3125 1805 3164 Rom.
1832 3125 1887 3174 vi,
1912 3124 1987 3178 15)
2031 3125 2187 3165 decreta

1293 3178 1849 3287 Detzzggffessglffldffiffss
1864 3231 1983 3286 edd.)
2006 3229 2113 3278 xxiii,
2133 3234 2185 3270 10

1347 3289 1471 3341 (sicut
1488 3287 1585 3328 acie.
1639 3287 1721 3327 Ms.
1742 3285 1895 3326 Schotti
1918 3285 1947 3332 i,
1965 3289 2007 3331 4,
2025 3289 2065 3325 4.
2106 3284 2184 3325 Sed

1348 3341 1460 3382 aliter
1490 3348 1656 3395 utroque
1689 3341 1776 3381 loco
1810 3339 1897 3378 libri
1924 3337 2113 3379 meliore&
2146 3352 2183 3379 v·
2234 3338 2244 3351 ⁸

1347 3402 1429 3435 not.

1293 3395 1489 3489 Decide)re
1505 3462 1553 3489 ex
1570 3461 1673 3501 equo
1698 3448 1741 3486 in
1769 3450 1906 3499 terram
1933 3444 2040 3491 xviii,
2058 3447 2084 3484 4
2114 3444 2185 3484 de-

1347 3503 1477 3542 cidere
1512 3502 1655 3554 (dejici
1690 3501 1742 3540 de
1776 3499 1945 3546 fortuna,
1991 3500 2042 3539 de
2080 3503 2183 3537 statu

1347 3555 1440 3609 suo)
1468 3555 1573 3604 xviii,
1590 3558 1636 3597 11
1669 3554 1781 3609 (nam
1800 3559 1812 3577 ⁴
1827 3553 1979 3595 cadere’
1993 3560 2033 3592 et
2051 3558 2063 3576 ⁶
2077 3551 2183 3592 deci-
