2306 3900
709 302 802 341 IX.

167 415 242 466 τὴν
271 416 417 471 χώραν·
435 415 480 459 id
498 421 579 470 est,
603 417 704 458 Cum
721 422 852 459 autem
872 419 1054 470 navigas·

166 486 229 524 set
244 483 415 534 Pharas,
427 483 527 524 hanc
540 484 739 534 regionem
752 483 961 535 populatus
977 487 1052 534 est,

167 549 209 585 et
230 545 364 598 ferro,
390 545 638 598 incendioque
669 546 855 587 vastavit.
897 547 1053 587 Existi-

166 609 283 649 mavi
302 610 433 651 etiam
461 609 689 663 aliquando
715 609 946 663 legendum
971 611 1053 651 Pa·

167 677 265 715 tras.
307 674 458 715 Patrae
482 674 595 716 enim
625 674 729 715 urbs
760 679 828 716 est
858 674 1054 726 Achaiae,

167 734 286 776 Plin.
318 736 395 778 lib.
414 748 478 778 lv.
496 740 539 778 4.
594 736 772 778 ‘Patrae
810 738 979 778 colonia
1007 739 1051 778 in

165 797 410 854 longissimo
444 802 737 855 promontorio
767 802 1053 857 Peloponnesi

167 864 361 917 condita,
397 878 454 907 ex
483 866 666 908 adverso
697 866 886 918 AEtoliae,
913 873 959 908 et
973 865 1053 907 flu·

166 921 479 971 minisEueni.'
535 931 690 983 Neque
713 935 782 970 cst
801 930 916 984 quod
939 931 1052 984 quis-

166 1003 294 1045 quam
311 993 414 1033 mihi
433 992 570 1045 dicat,
587 993 776 1034 Plinium
797 994 1054 1046 simpliciter

167 1054 316 1096 dicere
341 1056 504 1107 colonia,
522 1067 606 1097 non
635 1057 783 1097 colonia
809 1056 1055 1098 Lacedoemo·

165 1117 346 1166 πίοι-κως
388 1119 510 1172 quasi
547 1119 814 1171 probabilius
849 1120 922 1172 sit,
954 1132 1052 1162 eum

166 1193 249 1236 per
292 1182 518 1235 coloniam,
554 1182 795 1235 significare
844 1185 1052 1226 coloniam

167 1247 478 1288 Romanorum:
507 1247 608 1301 quia
626 1248 807 1289 Romani
828 1254 927 1301 post
948 1242 1052 1302 pug'-

165 1310 266 1350 nam
298 1309 525 1352 Actiacam
562 1324 614 1353 eo
635 1313 844 1354 coloniam
864 1313 1053 1356 deduxe-

165 1379 284 1425 runt,
317 1379 367 1415 ut
411 1380 598 1416 testatur
645 1376 799 1418 Strabo
840 1378 916 1418 lib.
946 1390 1051 1420 vm.

163 1437 281 1478 Illud
313 1438 427 1479 enim
446 1439 530 1479 non
549 1451 617 1480 me
645 1445 805 1482 movet.
861 1442 975 1482 Nam
996 1455 1051 1483 ex

164 1499 379 1542 Pausania
395 1501 440 1542 in
458 1502 682 1544 Laconicis
714 1503 758 1543 in
790 1505 928 1556 princ.
946 1505 1053 1547 licet

165 1563 426 1618 intelligere,
455 1566 809 1613 Lacedaemonios
842 1569 1050 1610 coloniam

163 1627 321 1668 Patras
341 1627 587 1681 deduxisse,
606 1630 694 1671 ibi:
727 1630 791 1671 ἐπὶ
809 1630 952 1672 τούτου
971 1638 1051 1673 Πα-

162 1693 251 1743 τρεῒ
259 1692 319 1742 τῷ
329 1690 566 1745 Πρευγένους
580 1693 756 1746 κτίζοντι
772 1696 814 1735 ἐν
828 1697 971 1750 Ἀχαίᾳ
981 1696 1052 1737 πό-

161 1763 243 1809 λιν,
258 1756 395 1806 ἥντινα
423 1756 578 1812 Πάτρας
603 1759 670 1801 καὶ
683 1760 722 1802 ἐς
746 1760 846 1812 ἡμᾶς
864 1763 1053 1804 καλοῦσιν

163 1821 242 1861 ἀπὸ
255 1823 329 1862 τοῦ
345 1821 524 1875 Πατρέως
549 1821 707 1877 τούτου,
735 1824 1052 1872 συνεπελάβοντο

162 1884 451 1943 Λακεδαιμόνιοι
474 1887 547 1928 τοῦ
560 1886 747 1940 οἰκισμοῦ,
774 1888 990 1944 συνήραντο
1009 1891 1052 1933 δὲ

162 1948 242 2000 καὶ,
291 1951 374 1991 διο.
440 1950 596 1992 Patras
642 1960 951 1996 commemorat
1004 1962 1052 1997 et

161 2013 354 2066 Thucyd.
368 2014 442 2055 lib.
461 2026 514 2055 ιι.
528 2017 675 2068 paullo
689 2022 791 2058 ante
811 2019 1051 2060 contentio-

162 2088 262 2118 nem
281 2077 431 2119 Cnemi
453 2079 751 2122 Lacedaemon.
803 2081 966 2122 Verum
987 2070 1051 2123 ta'-

161 2151 263 2180 men
292 2151 407 2182 nunc
444 2142 605 2183 Pharas
640 2144 784 2196 potius
819 2144 1050 2197 legendum

162 2204 370 2259 arbitror,
406 2218 491 2260 quo
538 2207 668 2250 modo
706 2208 924 2250 edendum
975 2223 1048 2252 cu-

165 2280 276 2311 ravi.

160 2353 166 2358 ·
214 2333 360 2386 AEgos]
402 2335 528 2388 Egos,
546 2339 596 2377 ut
616 2335 790 2390 ubique,
822 2336 973 2379 Codex
993 2337 1049 2380 P.

160 2396 278 2438 Dan.
300 2396 375 2438 ubi
394 2398 616 2450 Lysander
635 2399 691 2440 ad
707 2400 1050 2441 internecionem

160 2460 325 2502 devicit
343 2460 632 2504 Athenienses
653 2463 698 2504 in
721 2464 960 2518 Lysandro,
975 2465 1052 2505 ini·

161 2524 255 2577 tio;
281 2531 330 2567 et
361 2526 406 2566 in
435 2525 681 2579 Alcibiade,
724 2540 819 2581 sup.
856 2528 945 2569 vid.
994 2528 1051 2570 N.

160 2588 326 2630 Savaro.
379 2591 507 2640 AEgos
523 2590 699 2643 fiumen]
738 2591 822 2632 Est
856 2592 902 2632 in
920 2592 1051 2633 'Phra-

160 2651 230 2694 cia
263 2652 398 2693 amnis
432 2653 580 2705 AEgos,
609 2659 659 2694 ut
684 2653 852 2694 Plinius
872 2654 947 2695 lib.
985 2667 1051 2696 se-

162 2714 305 2755 cundo
333 2715 479 2767 capite
509 2719 579 2756 40.
616 2715 774 2771 aliique
799 2721 1049 2769 testantur3

162 2776 308 2819 Graeci
344 2776 455 2828 αἰγὸς
479 2777 656 2827 ποταμὸν
689 2771 866 2829 νὀοοιη,
895 2779 937 2819 id
969 2787 1051 2834 est,

164 2841 307 2893 Caproe
323 2840 494 2893 flumen.
550 2840 794 2893 Stephanus
825 2841 870 2882 in
902 2842 974 2882 lib.
994 2842 1049 2884 de

158 2903 335 2944 urbibus
373 2903 427 2944 ad
466 2903 797 2955 Hellespontum
842 2905 1049 2957 oppidum

159 2965 312 3007 eodem
338 2966 510 3007 nomine
542 2964 654 3017 αἰγὸς
684 2964 861 3017 ποταμὸν
889 2969 1047 3021 posuit.

161 3030 338 3081 Magius.

213 3094 418 3147 Devictoe]
463 3095 646 3136 Penitus
680 3094 807 3137 victae
838 3100 970 3150 atque
991 3097 1046 3139 ad
1105 3131 1107 3134 .

160 3162 494 3203 internecionem
514 3173 655 3212 caesae,
671 3165 723 3202 ut
742 3162 797 3203 ad
818 3174 1046 3215 resurgen-

160 3226 263 3266 dum
296 3225 427 3266 nullae
457 3224 570 3265 vires
598 3229 843 3267 restarent:
888 3227 951 3268 sic
984 3228 1045 3269 lo-

161 3289 306 3341 quitur
342 3287 486 3329 statim
521 3298 652 3340 supra
684 3287 906 3340 Miltiade,
935 3288 1046 3331 infra

160 3351 336 3392 Cimone
354 3357 401 3391 et
434 3349 637 3392 Chabria.
666 3348 844 3391 Curtius
879 3349 956 3391 lib.
976 3362 1044 3392 ix.

162 3418 228 3456 10.
279 3415 292 3437 ‘
313 3414 468 3455 Cilicia
485 3413 693 3455 inundata
710 3425 864 3455 cruore
885 3414 1042 3456 Persa·

161 3490 269 3531 rum,
288 3483 334 3519 et
354 3476 530 3532 Arbela,
548 3478 672 3532 cujus
697 3478 837 3532 campi
856 3478 1045 3521 devicto-

868 301 1189 354 coNoNEM,
1230 303 1366 345 cae.
1405 291 1458 345 1.

1892 292 1998 346 521

1117 431 1212 460 rum
1229 433 1254 460 a
1269 420 1390 462 nobis
1406 420 1572 462 ossibus
1587 420 1715 463 strati
1728 419 1858 464 sunt.’
1873 421 2003 464 Geblc.

1171 482 1248 522 Sed
1274 487 1358 523 eum
1390 483 1513 536 afuit]
1555 485 1704 537 Negat
1736 484 1780 525 id
1800 485 2003 538 Xenoph.

1115 546 1229 586 Ἑλλ.
1259 546 1335 588 lib.
1367 558 1420 586 11.
1461 553 1508 587 et
1540 547 1798 588 Plutarchus
1830 548 1873 587 in
1913 548 2004 588 vita

1116 609 1341 662 Lysandri.
1397 610 1571 650 Etenim
1589 621 1642 649 ex
1660 622 1713 650 eo
1731 611 1881 662 praelio
1900 610 2005 663 fuga

1117 672 1200 713 sibi
1218 673 1399 713 salutem
1418 668 1515 713 octo
1528 671 1776 714 triremibus
1796 675 2004 716 comitan-

1116 736 1230 776 tibus
1250 736 1466 790 quaesivit,
1485 741 1531 776 et
1561 736 1615 776 ad
1647 738 1891 789 Euagoram
1921 739 2005 790 Cy-

1117 800 1186 853 pri
1200 812 1344 853 regem
1365 812 1412 840 se
1436 800 1634 842 contulit.
1662 800 1790 852 Long.
1842 802 2005 845 sustin.

1115 865 1192 906 lib.
1220 877 1283 907 vl.
1330 866 1548 907 Cononem
1582 865 1644 906 ait
1679 871 1862 919 propter
1892 869 2004 910 hanc

1117 930 1283 971 cladem
1297 930 1439 982 patria
1449 930 1618 983 amissa,
1631 931 1798 971 exulem
1813 932 2004 984 Cyprum

1117 994 1363 1047 aliquandiu
1386 994 1626 1036 incoluisse.
1674 995 1852 1036 Orosius
1872 997 2004 1037 etiam

1115 1058 1190 1099 lib.
1204 1069 1255 1098 11.
1278 1061 1320 1100 2.
1341 1057 1384 1097 in
1404 1059 1550 1111 Cypro
1568 1058 1682 1098 hunc
1698 1059 1868 1099 exulem
1886 1071 2005 1100 man-

1116 1120 1219 1162 sisse
1239 1121 1360 1162 dicit.
1414 1122 1631 1162 Isocrates
1659 1122 1701 1161 in
1722 1123 1938 1176 Euagora,
1958 1123 2004 1164 in

1118 1186 1310 1237 Cyprum
1348 1183 1599 1238 profectum
1626 1185 1792 1236 scribit,
1824 1191 1915 1226 tum
1948 1186 2003 1227 ob

1116 1248 1218 1289 vitas
1271 1249 1457 1301 propriae
1507 1250 1702 1300 salutem,
1754 1255 1846 1290 tum
1898 1263 2004 1292 vero

1116 1317 1165 1353 ut
1184 1313 1335 1366 patrias
1356 1324 1482 1365 opem
1502 1311 1618 1353 ferre
1638 1318 1801 1365 posset,
1820 1319 1866 1354 et
1886 1315 2004 1355 auxi-

1115 1377 1173 1416 lia
1199 1381 1485 1429 compararet.
1512 1376 1693 1427 Magius.
1746 1378 1818 1417 De
1848 1390 1935 1430 qua
1955 1390 2004 1419 re

1116 1439 1214 1480 vide
1248 1440 1383 1480 etiam
1415 1438 1696 1480 Aristotelem
1728 1440 1924 1480 Rhet.11.
1959 1448 2005 1482 et

1115 1502 1356 1544 Diodorum
1390 1502 1464 1543 lib.
1491 1514 1591 1544 xiv.
1646 1503 1726 1544 Sed
1757 1508 1841 1544 tum
1876 1505 2002 1558 afuit]

1118 1566 1330 1608 Absentia
1348 1567 1624 1621 imperatoris
1641 1568 1810 1619 summi,
1830 1568 1906 1608 sed
1927 1570 2004 1610 eti-

1116 1644 1184 1672 am
1200 1645 1225 1673 a
1238 1645 1402 1674 summo
1421 1633 1621 1686 proximi,
1641 1638 1685 1674 et
1692 1634 1882 1685 jungere
1902 1646 2004 1676 con-

1115 1697 1211 1737 silia
1230 1698 1367 1750 jussi,
1403 1696 1541 1738 resin
1575 1697 1768 1738 deterius
1800 1697 2004 1739 adminis-

1115 1764 1297 1801 trantur.
1354 1760 1499 1802 Plauti
1531 1760 1696 1801 dictum
1734 1765 1802 1802 est
1833 1761 2005 1802 notissi-

1115 1836 1230 1865 mum
1261 1823 1602 1877 Amphitruone:
1641 1825 1665 1857 -‘
1689 1825 1777 1865 Ubi
1816 1835 2003 1866 summus

1115 1887 1360 1941 Imperator
1395 1901 1494 1930 noxr
1513 1889 1636 1929 adest
1670 1888 1725 1929 ad
1744 1889 2003 1942 exercitum,

1116 1952 1255 1992 Citius
1284 1953 1398 2005 quod
1437 1964 1523 1992 non
1558 1951 1673 1993 facto
1712 1951 1771 1991 'st
1806 1964 1906 1992 usus
1938 1953 2004 2005 fit,

1114 2027 1242 2068 quam
1271 2016 1386 2069 quod
1418 2015 1540 2056 facto
1567 2015 1625 2056 ’st
1657 2014 1796 2068 opus.'
1851 2016 1925 2056 Sic
1957 2016 2002 2056 in

1113 2078 1310 2130 absentia
1342 2077 1599 2130 Alexandri,
1628 2082 1854 2131 postquam
1889 2090 2005 2119 com-

1112 2141 1245 2183 missa
1272 2141 1378 2194 Tyri
1411 2140 1634 2181 obsidione
1662 2153 1760 2181 cum
1795 2141 2004 2194 expedita

1111 2216 1240 2244 manu
1259 2203 1467 2244 Arabiam
1494 2203 1708 2256 petiisset,
1741 2204 1864 2256 operi
1895 2205 2002 2245 Per-

1111 2267 1259 2309 diccas
1297 2266 1587 2321 craterusque
1633 2267 1857 2320 praepositi
1893 2268 2001 2310 adeo

1111 2330 1349 2381 infeliciter
1375 2343 1466 2373 rem
1497 2335 1719 2382 curarunt,
1747 2335 1797 2371 ut
1817 2331 1954 2383 jactae
1977 2345 2003 2372 a

1112 2408 1159 2436 se
1178 2396 1192 2419 ‘
1211 2395 1335 2436 molis
1355 2395 1426 2435 vix
1445 2395 1536 2436 ulla
1553 2394 1742 2447 vestigia
1766 2395 1822 2435 ab
1841 2393 2003 2436 Arabia

1110 2459 1285 2507 rediens
1316 2458 1532 2500 invenerit
1562 2457 1843 2500 Alexander!
1878 2460 2000 2501 Curt.

1113 2523 1190 2566 lib.
1215 2535 1282 2565 ιν.
1303 2527 1372 2564 26.
1391 2526 1463 2564 27.
1505 2521 1716 2563 Absentia
1733 2523 1894 2576 quippe
1924 2524 2001 2564 im·

1114 2586 1329 2640 peratoris
1344 2585 1517 2639 segnior
1529 2598 1580 2626 ac
1594 2585 1786 2626 securior
1797 2585 1847 2626 fit
1861 2586 1999 2628 miles.

1112 2651 1207 2694 Liv.
1228 2650 1304 2691 lib.
1325 2661 1451 2690 xuv.
1471 2652 1512 2689 4.
1553 2649 1566 2671 ‘
1590 2649 1745 2701 Neque
1776 2649 1870 2701 ipse
1891 2650 2000 2690 Per-

1113 2725 1229 2765 seus,
1261 2713 1374 2767 quod
1402 2711 1630 2765 plurimum
1660 2712 1888 2765 intererat,
1907 2725 1999 2753 cer·

1113 2776 1263 2817 tamini
1283 2774 1453 2827 adfuit!
1499 2774 1696 2816 Justinus
1726 2773 1799 2815 lib.
1819 2786 1932 2816 xux.
1952 2779 1994 2816 4.

1111 2853 1168 2881 m.
1208 2840 1222 2862 ‘
1243 2840 1409 2879 Pacoro
1435 2837 1632 2889 absente,
1652 2837 1871 2878 exercitus
1890 2838 2000 2879 Par-

1112 2902 1298 2953 thorum,
1335 2901 1512 2942 relictus
1533 2902 1577 2940 in
1608 2900 1750 2952 Syria,
1786 2913 1812 2941 a
1848 2901 1998 2943 Cassio

1111 2970 1326 3019 quaestore
1357 2964 1502 3006 Crassi
1533 2976 1632 3004 cum
1664 2963 1858 3005 omnibus
1877 2965 1998 3006 duci-

1109 3028 1188 3070 bus
1205 3027 1478 3070 trucidatur.'
1509 3027 1710 3067 Gebhard.

1164 3092 1348 3132 Prudens
1363 3091 1424 3131 rei
1441 3090 1629 3131 militaris
1647 3095 1686 3131 et
1703 3091 1891 3142 diligens]
1929 3091 1997 3132 In-

1108 3154 1178 3196 fra
1204 3159 1245 3197 4.
1279 3155 1428 3196 laudat
1454 3153 1609 3194 ducem
1640 3152 1799 3194 fortem
1832 3159 1878 3194 et
1898 3166 1997 3206 pru-

1109 3217 1299 3258 dentem.
1317 3215 1519 3269 Propriae
1533 3215 1655 3256 ducis
1670 3215 1855 3256 virtutes
1871 3214 1996 3257 forti·
2016 3264 2019 3268 ¹

1108 3281 1230 3331 tudo,
1249 3280 1564 3333 prudentia„et
1589 3277 1818 3330 industria,
1843 3278 1929 3320 inae
1949 3280 1995 3321 in

1108 3343 1299 3396 regenda
1323 3342 1491 3394 militia,
1508 3341 1603 3382 haec
1623 3341 1668 3381 in
1686 3341 1847 3383 tuenda
1865 3342 1994 3384 disci·

1106 3410 1237 3462 pllna.
1251 3409 1404 3450 Senec.
1425 3408 1480 3448 de
1497 3406 1652 3451 Benef.
1669 3419 1748 3449 vu.
1765 3413 1831 3450 13.
1850 3410 1863 3433 ‘
1880 3411 1994 3452 Laus

1107 3472 1361 3528 imperatori
1380 3471 1511 3515 etiam
1531 3471 1647 3513 victo
1667 3476 1714 3513 et
1733 3472 1833 3516 duci
1853 3472 1994 3515 reddi-
