2306 3900
710 273 823 314 vn.

226 391 412 435 Andrios
424 392 539 434 bello
550 394 700 444 captos
712 402 736 430 e
749 402 851 431 saxo
865 390 1102 442 dejecerat.

225 455 407 500 Loenbin.
449 457 546 496 Mos
561 455 642 495 iste
659 467 684 494 a
700 454 891 494 barbaris
904 454 1102 506 usitatus,

224 523 274 561 ut
292 519 488 571 captivos
509 510 629 559 vario
650 516 955 569 suppliciorum
973 517 1101 558 modo

223 579 462 622 afficerent.
507 580 627 620 Curt.
647 590 692 620 v.
723 583 766 619 6.
814 579 926 620 Flor.
956 591 1027 620 111.
1057 585 1098 621 4.

222 644 333 685 Vide
353 644 512 697 Zopyri
540 643 760 684 historiam
791 643 906 694 apud
933 643 1098 687 Herod.

222 720 292 751 nr.
310 714 356 750 et
370 710 526 751 Justiu.
545 720 578 749 1.

274 771 385 812 Car.
404 774 447 811 9.
482 771 653 811 Penitus
679 770 722 810 in
751 770 977 822 Thraciam]
1006 771 1098 811 Ma-

218 833 293 874 lim
306 834 492 886 penitius.
549 833 686 874 Cicer.
719 846 887 887 quoque
921 834 1098 886 conjun-

219 897 299 950 git,
321 897 335 920 ⁸
355 894 548 937 abditum
579 897 750 949 penitus
781 909 928 938 aurum
958 903 1004 938 et
1029 910 1096 938 ar-

218 965 394 1012 gentum
431 959 653 1001 effodere.’
698 960 853 1001 Sabou.
922 961 1096 1002 Plutar-

219 1023 322 1063 chus
349 1034 454 1078 neum
491 1023 536 1062 in
572 1022 815 1075 Bithyniam
853 1022 1095 1075 profectum

217 1097 312 1127 esse
332 1086 492 1135 tradit;
519 1086 661 1139 ibique
691 1099 716 1126 a
733 1086 988 1138 Thracibus,
1020 1087 1095 1139 qui

214 1147 304 1188 illic
321 1154 457 1199 erant,
487 1147 764 1199 compilatum
783 1154 828 1188 et
848 1149 1092 1200 spoliatum.

214 1210 433 1262 Bithyniae
453 1218 598 1251 autem
629 1216 796 1262 partem
822 1211 1013 1252 Thraces
1032 1211 1093 1250 in-

214 1273 428 1314 colebant.
462 1273 683 1333 Jenoph.
715 1273 878 1321 Ἕλλην.
909 1274 984 1314 lib.
1015 1285 1090 1315 ιιι.

210 1335 359 1377 Ἐλθὼν
389 1337 412 1375 ὁ
437 1335 702 1388 Δερκυλλίδας
730 1334 784 1376 εἷς
808 1335 889 1384 ’τὴν
916 1335 1092 1376 Βιθυνίαν

211 1397 377 1453 Θρᾴκην.
403 1399 581 1439 Lambin.
637 1398 780 1452 Atque
808 1400 889 1451 ipsi
906 1400 1089 1440 Thraces

210 1463 386 1515 Bithyni
425 1463 547 1513 dicti,
585 1467 809 1515 postquam
851 1462 896 1502 in
940 1461 1089 1503 Asiam

209 1526 572 1567 transfretassent.
627 1527 741 1576 Lege
761 1519 1046 1567 Herodotum.

264 1590 437 1630 Insidias
462 1590 499 1629 ei
519 1589 723 1641 fecerunt]
760 1589 831 1629 Sic
858 1583 1090 1642 loquuntur

208 1652 310 1694 boni
344 1653 589 1705 scriptores.
627 1653 766 1694 Cicer.
798 1653 985 1695 Prooem.
1017 1666 1086 1694 ac-

207 1715 336 1757 tionis
363 1716 512 1768 primae
541 1716 586 1755 in
604 1716 815 1755 Verrem:
845 1716 856 1736 ‘
877 1715 1005 1755 Istius
1023 1711 1086 1756 inss

207 1778 325 1819 sidioe
341 1778 532 1829 nefariae,
545 1790 646 1830 quas
661 1789 744 1818 uno
761 1783 956 1829 tempore
969 1779 1086 1830 mihi,

207 1839 344 1891 vobis,
379 1842 442 1881 M.
465 1841 689 1881 Glabrioni
708 1841 908 1891 Praetori,
940 1842 1083 1893 sociis,

206 1902 365 1944 exteris
384 1903 645 1954 nationibus,
671 1905 750 1944 διο.
779 1901 924 1944 facere
958 1916 1083 1944 cona-

206 1972 392 2081 tmipsum
426 2041 562 2081 capere
596 2041 674 2068 non
710 2028 941 2081 potuerunt]
969 2028 1081 2070 Vide

204 2105 298 2147 sup.
319 2097 361 2135 7.

268 2157 440 2210 Propter
493 2156 709 2208 potentiam
748 2152 1080 2197 'Lacedaemonio-

202 2218 310 2271 runs]
338 2219 425 2262 Qui
455 2223 584 2259 terrae
617 2224 663 2260 et
692 2219 823 2259 maris
853 2219 1079 2270 imperium

200 2281 468 2323 obtinebant.
497 2281 718 2322 Plutarch.
735 2279 921 2329 Φοβηθεὶς
939 2279 1079 2333 ἄρχον.

198 2359 271 2386 τας
301 2347 378 2396 ’γῆς
409 2344 478 2386 καὶ
514 2343 713 2393 θαλάττης
746 2343 1078 2393 Λακεδαιμονίους.

199 2407 381 2450 Lambin.
435 2409 502 2448 De
534 2420 713 2461 quorum
749 2405 1076 2459 θαλαττοκραπίᾳ,

198 2472 294 2524 lege
309 2484 403 2525 quae
419 2471 651 2512 secundum
666 2471 900 2522 scriptores
913 2475 960 2510 et
973 2475 1078 2510 tem·

200 2545 303 2586 pora
319 2533 489 2574 notavit
508 2533 562 2572 ad
580 2533 754 2584 Polybii
770 2533 848 2575 lib.
867 2544 899 2575 1.
918 2533 1074 2574 incom-

198 2594 399 2646 parabilis
418 2593 709 2635 Casaubonus.

253 2658 304 2697 In
339 2655 495 2707 Asiam]
539 2657 593 2696 In
618 2657 868 2710 Phrygiam,
914 2658 959 2697 in
990 2670 1075 2711 qua

198 2724 294 2760 erat
322 2719 650 2770 Pharnabazus3
678 2733 763 2772 quo
796 2720 996 2773 adjutore
1028 2726 1074 2762 et

197 2783 435 2835 interprete
464 2783 667 2835 sperabat
698 2781 808 2833 fore,
838 2790 888 2824 ut
917 2783 998 2824 sibi
1018 2784 1072 2824 ad

198 2844 482 2886 Artaxerxem
499 2845 644 2886 aditus
675 2851 862 2898 pateret.
890 2847 1071 2889 Lambin.

195 2907 299 2949 Asia
326 2908 614 2961 appellatione
644 2907 883 2962 γενυιωτάτῃ
914 2910 1070 2950 multas

194 2972 434 3024 provincias
443 2973 831 3025 complectebatur,
840 2985 935 3026 quae
947 2971 1070 3014 Asia-

191 3047 288 3076 nam
319 3035 538 3076 dioecesim
567 3035 890 3077 constituebant
908 3036 1068 3076 vicario

191 3100 443 3152 subjectam,
477 3101 553 3142 sed
582 3114 678 3155 quae
697 3101 806 3142 Asia
836 3099 1068 3143 ἴδικωτάτως

191 3163 430 3215 dicebatur,
482 3164 754 3206 Proconsulis
799 3165 1067 3206 administra-

191 3228 296 3269 tioni
309 3226 577 3279 subjacebat.
636 3226 793 3268 Asiana
805 3234 948 3269 autem
964 3228 1065 3269 dioe-

190 3289 297 3331 cesis
314 3287 461 3329 Asiam
480 3289 596 3329 illam
614 3288 862 3331 includebat
880 3302 1064 3343 omnem,

189 3346 318 3407 quam
335 3358 503 3392 veteres
526 3350 627 3392 ἰδίως
654 3351 718 3392 sic
736 3357 962 3404 vocarunt,
993 3364 1063 3393 cu-

184 3417 256 3468 jus
283 3420 330 3457 et
349 3414 453 3456 duas
472 3420 619 3468 partes
637 3413 741 3456 fecit
760 3414 970 3467 Agrippa,
1002 3414 1064 3456 ci·

188 3477 387 3520 teriorem
401 3483 447 3521 et
459 3477 720 3520 ulteriorem.
776 3477 922 3531 Longe
933 3478 1063 3532 majo-

886 275 1300 326 ΑιοιυιΑοΕΜ,
1334 276 1470 317 cAP.
1507 262 1560 316 9.

1937 264 2048 319 505

1168 392 1285 433 ribus
1299 392 1494 434 terminis
1508 405 1600 434 eam
1610 391 2047 435 circumscribitstraa

1167 455 1236 506 bo,
1272 456 1345 508 qui
1381 468 1432 495 eo
1469 457 1636 496 nomine
1670 455 1852 508 intelligi
1891 458 2043 510 voluit,

1165 519 1369 571 quicquid
1400 519 1513 558 intra
1549 519 1796 572 Ponticum,
1822 520 2043 572 Hegaeum

1165 585 1210 621 et
1229 581 1424 622 Cilicium
1443 582 1577 639 maria
1607 582 1957 635 concludebatur,
1986 583 2043 624 ad

1162 645 1298 685 instar
1316 645 1566 697 peninsulae.
1624 645 1808 686 Duabus
1827 646 1890 686 his
1910 647 2043 698 parti·

1162 707 1239 747 bus
1273 706 1388 746 Asiae
1429 717 1582 746 nomen
1613 707 1834 758 proprium
1867 707 2043 750 factum.

1163 770 1347 811 Citerior
1386 769 1584 821 Lydiam,
1621 771 1806 821 Caria‘m,
1838 771 2040 826 Mysiam,

1160 832 1409 885 Phrygiam,
1437 838 1483 872 et
1507 833 1830 884 Hellespontum
1851 836 2040 877 contine-

1162 895 1250 936 bat.
1324 895 1433 935 Pars
1479 897 1677 946 superior
1733 898 2041 950 Pamphyliam,

1160 957 1436 1009 Lycaoniam,
1447 957 1679 1008 Galatiam,
1688 958 1910 1011 Pisidiam,
1922 961 2039 1001 Isau-

1158 1021 1280 1071 riam,
1313 1027 1359 1061 et
1391 1021 1601 1062 Ciliciam.
1663 1022 1804 1074 Hujus
1824 1023 2040 1065 divisionis

1157 1095 1363 1135 expressa
1383 1084 1564 1136 vestigia
1584 1087 1753 1136 reperio
1770 1087 1813 1126 in
1827 1087 2039 1144 Thracen<

1156 1142 1263 1186 sium
1298 1148 1517 1199 provincia
1549 1155 1594 1189 et
1622 1148 1854 1191 Anatolica
1881 1151 2037 1193 infimis

1154 1209 1323 1262 imperii
1357 1212 1640 1262 temporibus,
1681 1219 1728 1252 ut
1774 1214 1889 1265 apud
1925 1213 2037 1256 Conss

1156 1273 1389 1314 stautinum
1426 1273 1511 1326 περὶ
1549 1272 1725 1324 θεμάτων
1763 1277 1907 1328 legere
1953 1283 2036 1319 est.

1153 1337 1236 1374 Τὣν
1262 1336 1490 1388 emmam
1521 1336 1618 1386 θέμα
1645 1339 1769 1389 plane
1800 1339 2036 1391 respondet

1152 1397 1268 1437 Asiae
1299 1400 1518 1440 citeriori:
1558 1399 1608 1439 τὸ
1643 1400 1890 1454 ἀνατολικὸν,
1927 1403 2036 1444 ulte-

1153 1462 1267 1504 riori.
1340 1463 1457 1504 Hinc
1497 1470 1724 1517 utrumque
1763 1463 1860 1516 θέμα
1893 1468 2033 1519 μικρᾶς

1127 1531 1130 1535 ’
1149 1525 1284 1568 Ἀσίας
1301 1528 1471 1569 nomine
1490 1530 1750 1580 appellatum
1774 1531 1907 1570 tradit
1922 1528 2034 1571 Con-'

1151 1593 1383 1632 stantinus.
1454 1592 1687 1646 Utriusque
1725 1591 1819 1633 fere
1867 1591 2033 1643 θέματος

1150 1654 1393 1705 provincias
1431 1655 1828 1707 comprehendebat
1872 1655 2032 1706 Ἀσιανὴ

1151 1714 1350 1764 διοίκησις.
1382 1716 1548 1756 Salmas.

1203 1779 1421 1830 Granium]
1468 1779 1538 1819 Sic
1574 1779 1820 1831 legendum,
1853 1793 1939 1821 non
1977 1786 2029 1822 nt

1146 1841 1306 1883 habent
1346 1841 1445 1881 libri
1492 1841 1662 1894 quidam
1701 1844 1879 1895 vulgati,
1930 1844 2029 1884 Gri-

1144 1906 1279 1946 mium.
1335 1906 1588 1958 Quanquam
1620 1906 1724 1946 licet
1757 1906 1885 1946 etiam
1918 1907 2027 1959 Gry-

1143 1968 1251 2007 nium
1269 1969 1433 2019 legere,
1460 1973 1508 2006 ut
1525 1973 1588 2006 est
1608 1968 1650 2006 in
1671 1969 1880 2020 exemplis
1900 1968 2024 2008 Basi-

1142 2031 1370 2082 leensibus,
1407 2036 1452 2072 et
1487 2032 1601 2071 idem
1636 2023 1764 2072 valet.
1832 2033 2027 2072 Comme-

1141 2099 1281 2135 morat
1300 2095 1412 2135 hunc
1448 2095 1586 2134 locum
1618 2101 1663 2134 et
1681 2096 1879 2147 Xenoph.
1908 2096 2024 2137 Ἐλλ.

1140 2158 1212 2198 lib.
1227 2169 1298 2197 111.
1314 2170 1396 2197 non
1413 2155 1534 2208 longe
1551 2169 1575 2197 a
1591 2158 1819 2208 principio:
1847 2157 2024 2211 ἔχοντες,

1139 2222 1160 2260 ὁ
1194 2219 1266 2271 μὲν
1297 2219 1488 2272 Γάμβριον
1523 2219 1588 2260 καὶ
1625 2218 1959 2273 Παλαιγάμβριον·
1996 2224 2019 2262 ὁ

1139 2281 1182 2323 δὲ
1211 2282 1384 2335 Μυρίναν
1414 2282 1478 2323 καὶ
1511 2281 1677 2335 Γρύνιον·
1711 2285 1829 2335 δῶρον
1847 2284 1891 2326 δὲ
1911 2282 2024 2326 αὗται

1139 2348 1179 2388 αἱ
1205 2346 1345 2403 πόλεις,
1358 2347 1459 2396 ἦσαν
1489 2347 1590 2400 παρὰ
1606 2350 1811 2397 βασιλῆος.
1838 2349 2021 2393 Lambin.

1140 2407 1373 2452 Athenaeus
1410 2412 1483 2452 lib.
1515 2424 1546 2452 1.
1581 2412 1810 2452 Persarum
1844 2414 2020 2466 regibus

1137 2472 1267 2514 fuisse
1287 2474 1461 2513 solenne
1494 2473 1558 2514 ait
1587 2478 1699 2514 totas
1728 2474 1923 2516 civitates
1944 2475 2020 2516 do-

1135 2548 1255 2581 nare.
1282 2537 1449 2587 Longol.

1192 2598 1508 2652 Quinquaginta]
1535 2599 1700 2640 Scliott.
1714 2611 1739 2640 e
1756 2600 1859 2641 Mss.
1874 2605 1919 2641 et
1934 2600 2017 2642 Ed.

1135 2662 1287 2714 Ultraj.
1319 2662 1404 2713 leg.
1443 2664 1736 2714 Quinquagena.
1791 2664 2016 2706 Quomodo

1135 2735 1279 2776 supra,
1297 2726 1338 2763 3.
1363 2725 1407 2763 in
1426 2725 1512 2763 Ms.
1533 2723 1710 2772 Gifanii,
1738 2726 1836 2767 Sch.
1864 2727 2017 2767 Boecli

1134 2791 1229 2826 erat
1248 2786 1531 2835 Quadringenta
1550 2789 1590 2825 et
1606 2798 1818 2837 sexagena.

1194 2848 1405 2899 Vectigalis
1461 2848 1654 2899 capiebat]
1711 2850 1863 2902 Recte,
1925 2862 2012 2892 non

1131 2910 1310 2962 habebat,
1341 2915 1390 2951 ut
1420 2911 1465 2950 in
1482 2911 1680 2963 vulgatis.
1738 2913 1831 2954 Cic.
1863 2919 2013 2956 contra

1132 2975 1319 3025 Rullum,
1353 2975 1366 2997 ‘
1390 2974 1576 3026 Majores
1604 2977 1742 3017 nostri
1769 2988 1854 3016 non
1874 2978 2011 3018 solum

1130 3036 1192 3088 id,
1224 3037 1337 3090 quod
1365 3049 1392 3077 a
1412 3037 1639 3090 Campanis
1668 3044 1890 3092 ceperant,
1922 3050 2008 3081 non

1129 3098 1459 3140 imminuerunt.’

1180 3162 1277 3203 Sine
1313 3163 1423 3213 Rege
1460 3163 1696 3214 Persarum]
1740 3162 2004 3207 Artaxerxe.

1127 3226 1307 3266 Lambin.
1338 3225 1500 3274 Longol.
1569 3225 1656 3264 Hic
1692 3225 1803 3266 enim
1836 3231 2006 3270 mortuo

1128 3295 1229 3330 tunc
1240 3287 1375 3329 Dario
1387 3286 1533 3327 Persis
1547 3286 1800 3338 imperabat.
1827 3285 2007 3341 Magius.

1126 3351 1237 3393 Vide
1255 3351 1284 3392 J
1288 3349 1414 3390 nstin.
1433 3360 1497 3389 vr.
1531 3355 1814 3402 cognomento
1836 3351 2005 3402 Μνήμων

1125 3414 1281 3465 dictus,
1289 3413 1396 3464 sive,
1415 3417 1464 3452 ut
1485 3411 1771 3465 Hieronymus
1789 3414 2004 3468 interpre-

1126 3482 1257 3530 tatur,
1289 3476 1524 3519 Recordoens.
1579 3476 1782 3533 Drusius,
1813 3478 2002 3522 Bernec-
