2326 3944
785 252 877 294 111.
939 252 1308 305 Anisa-mem,
1348 252 1483 294 cAP.
1523 238 1576 292 1.

263 366 376 419 pensi
397 372 615 421 potestate
651 367 830 409 sublatis
854 367 1030 421 judiciis
1050 380 1145 422 reg·

261 444 363 476 num
382 432 621 474 adfectare.
676 433 853 486 Alioqui
884 438 928 473 et
958 433 1143 485 populus

261 495 452 536 victoriis
466 495 714 548 superbiens
733 494 889 543 factus,
902 507 1018 547 aegre
1032 493 1143 535 fere·
1202 538 1206 543 ,

259 557 337 611 bat
355 557 525 612 virtutis
554 558 728 599 nomine
759 571 848 611 prae
868 559 1040 600 caeteris
1069 559 1143 599 ali-

260 631 387 672 quem
403 621 643 671 excellere3
664 626 711 661 ut
723 620 861 662 refert
870 621 1142 664 Plutarchus.

258 684 432 735 Lougoi.
488 683 609 724 Idem
647 683 836 724 civitatis
869 683 1142 724 insolentiam

259 754 306 801 et
343 759 485 787 rerum
521 758 727 787 novarum
770 759 920 788 causas
956 747 1141 789 incusat.

264 914 266 916 ,
316 874 476 916 Teseula
505 874 576 914 illa
611 875 731 915 exilio
768 876 900 916 decem
933 873 1143 927 annorum]

258 937 543 980 Ostracismo.
589 937 937 992 ἐξωστρακισμένος
968 937 1042 978 ὑπὸ
1071 939 1144 980 τοῦ

256 1001 392 1057 δήμσυ.
422 1002 638 1044 Herodot.
693 1002 756 1044 At
775 1015 859 1046 non
876 1008 972 1043 erat
987 1002 1141 1044 Ostra-

221 1087 225 1093 ι
256 1066 412 1107 cismus
449 1066 756 1119 improbitatis,
790 1073 840 1108 ut
882 1066 1142 1108 Plutarchus

255 1129 337 1179 ait,
356 1128 612 1182 castigatio;
642 1130 718 1171 sed
746 1130 991 1172 honestiore
1015 1142 1141 1171 voca-

256 1191 358 1239 bulo
377 1192 678 1234 dominationis
695 1205 746 1234 ac
761 1193 970 1246 gravioris
989 1197 1141 1246 poten-

255 1254 350 1306 εἰπε,
377 1261 421 1296 et
441 1268 566 1308 poena
585 1255 827 1298 dicebatur.
854 1251 1002 1307 lang(
1039 1256 1139 1296 Dis-

253 1325 408 1371 crepat
427 1325 569 1359 autem
589 1318 644 1359 de
665 1318 841 1361 Ostraci
860 1319 1138 1372 inscriptione

253 1393 350 1423 cum
369 1395 396 1424 a
415 1383 572 1430 Probo,
605 1389 695 1424 tum
724 1396 748 1423 a
775 1395 821 1424 se
839 1383 948 1436 ipso.
1001 1382 1139 1436 Siqui-

254 1445 353 1493 dem
371 1446 416 1486 in
433 1446 639 1499 apophth.
656 1458 769 1498 eum,
781 1446 927 1500 quide
944 1446 1035 1499 ejus
1050 1447 1138 1488 odii

252 1523 382 1559 eausa
400 1511 690 1563 interrogatus
710 1517 795 1561 est,
814 1524 897 1553 non
915 1512 1136 1553 literarum

252 1585 430 1626 gnarum
441 1575 758 1619 scribentemve
773 1575 817 1615 in
831 1580 1001 1616 ostraco
1014 1574 1139 1626 dicit,

251 1637 329 1678 sed
343 1635 615 1690 ἀγράμματον.
668 1638 723 1679 In
743 1639 836 1679 vita
851 1650 956 1679 vero
974 1650 1061 1678 non
1081 1637 1137 1679 de

253 1713 354 1752 uno,
371 1702 443 1754 qui
461 1706 578 1742 esset
594 1698 848 1754 ἀγράμματος
865 1705 913 1742 et
930 1701 1137 1751 rusticus,

252 1770 509 1818 peteretque
528 1764 584 1805 ab
609 1764 820 1816 Aristide,
846 1769 898 1805 ut
915 1764 1135 1809 Ostracon

251 1828 524 1879 inscriberet,
553 1829 629 1869 sed
648 1829 704 1870 de
730 1828 878 1870 multis
912 1829 989 1870 ait.
1018 1829 1135 1880 Mag.

252 1892 322 1937 De
339 1892 413 1933 illa
439 1893 599 1938 testula
617 1892 718 1932 vide
746 1892 965 1935 justinum
984 1892 1059 1933 lib.
1079 1904 1133 1936 11.

252 1955 497 2001 Musonium
514 1955 628 2008 apud
643 1956 862 1996 Stobaeum
877 1953 965 2008 περὶ
981 1953 1106 2006 ξένης.

254 2052 257 2054 .
306 2018 446 2058 Exilia
460 2019 589 2059 decem
612 2031 678 2061 an.
705 2017 838 2060 mutet.
855 2018 935 2071 est]
972 2019 1134 2060 Verum

251 2081 366 2122 enim
381 2093 485 2122 vero
506 2080 793 2123 Athenienses
811 2082 892 2123 hoc
910 2082 1134 2124 decennali

250 2145 400 2197 exilio,
426 2145 539 2198 quod
569 2145 684 2186 laudi
706 2145 850 2198 potius
878 2158 1006 2199 quam
1025 2145 1134 2186 vitio

247 2207 507 2260 ducebatur,
536 2214 583 2249 et
615 2221 753 2262 poenae
773 2209 943 2249 nomine
961 2207 1132 2262 imposi-

251 2279 343 2315 tum
361 2272 533 2314 minime
552 2278 663 2320 erat,
697 2272 924 2325 cavebant,
955 2285 1010 2314 ne
1035 2272 1132 2326 quis

247 2332 500 2390 Tyrannide
519 2336 917 2390 remp.-invaderet,
937 2342 985 2378 ut
999 2335 1133 2377 Athe·

247 2399 314 2447 nis
347 2400 618 2448 Pisistratus,
655 2400 857 2453 Dionysii
890 2399 1130 2454 Syracusis.

246 2462 319 2508 sic
337 2462 471 2506 refert
489 2463 534 2504 in
553 2462 754 2504 Miltiade
783 2469 981 2505 extremo
999 2475 1132 2517 supra

249 2525 413 2578 Nepos.
450 2526 605 2568 Schote.

231 2623 260 2634 ..
304 2590 525 2643 eedem-eque
568 2587 917 2640 animadverteret]
981 2587 1131 2629 Proba

247 2652 396 2704 lectio,
413 2665 539 2706 quem
554 2653 725 2695 omnino
743 2653 972 2706 requirunt
987 2652 1132 2706 proxi·

248 2727 318 2759 me
336 2717 653 2758 antecedentia.
707 2716 996 2758 Nihilominus
1023 2716 1131 2756 Bar-

245 2778 360 2822 tths
373 2778 554 2821 Advers.
568 2789 699 2822 xxlv.
714 2781 752 2821 9.
765 2781 991 2832 cadensque.
1013 2777 1132 2820 Geb-

245 2842 368 2886 hard.
426 2841 548 2883 Infra
565 2843 609 2883 in
628 2843 832 2884 Cimone:
862 2844 875 2866 ‘
899 2842 1012 2884 Nam
1031 2853 1130 2884 cum

246 2906 322 2949 ille
339 2906 403 2947 vir
433 2904 537 2948 forti
557 2906 697 2947 animo
730 2905 903 2947 invidiae
940 2905 1130 2958 ingrato·

245 2981 341 3012 rum
359 2969 513 3012 civium
539 2968 771 3016 cessisset)
825 2969 995 3010 Praeter
1026 2968 1128 3010 Plu-

245 3034 386 3080 tarch.
394 3035 438 3076 in
450 3033 670 3088 Apophth.
682 3033 754 3075 ubi
762 3033 888 3075 aliter
896 3037 944 3075 et
952 3044 1129 3085 expres·

243 3098 331 3141 sius
360 3098 496 3140 multo
513 3098 757 3152 clariusque
784 3097 866 3140 hoc
886 3095 1051 3140 refert:
1081 3100 1128 3139 et

242 3161 288 3210 in
307 3161 398 3202 vita
415 3161 523 3214 eJus.
578 3160 649 3201 De
679 3159 860 3202 Aristid.
890 3160 1023 3201 exilio
1040 3160 1126 3201 Va·

241 3224 321 3269 ler.
341 3236 384 3266 v.
404 3227 444 3265 3.
472 3223 568 3265 Sao.

295 3287 350 3329 Se
367 3286 568 3339 ignorare]
595 3286 649 3328 Id
666 3291 752 3339 est,
770 3299 856 3329 non
874 3299 1015 3330 nosse.
1044 3289 1125 3332 Τε-

241 3357 357 3394 rent.
375 3350 539 3394 Heeut.
559 3349 703 3392 Plaut.
723 3348 954 3403 Amphytr.
992 3351 1006 3374 ‘
1026 3351 1124 3393 Nisi

243 3415 374 3458 etiam
390 3416 426 3456 is
445 3426 615 3468 quoque
634 3425 702 3454 me
721 3412 967 3467 ignorabit!
995 3413 1122 3456 Unde

244 3491 360 3532 saepe
380 3479 494 3533 apud
511 3477 710 3533 eundem,
740 3476 966 3531 ‘ignobilis
987 3478 1121 3520 oculis

1983 238 2090 289 455

1203 369 1338 411 meis!
1394 368 1445 411 Id
1479 374 1564 421 est,
1598 379 1653 408 ne
1686 365 1859 420 quidem
1892 364 1947 406 de
1980 364 2091 406 facie

1207 440 1347 474 notus.
1404 434 1558 474 Festus
1578 432 1655 472 lib.
1676 442 1766 473 κη.
1795 430 1890 471 San.

1263 496 1431 548 Cupide]
1465 497 1563 536 Tam
1580 495 1718 548 cupide
1738 492 1904 536 Gifanii
1925 495 2091 532 noster-

1205 571 1290 612 que
1305 560 1443 600 codex
1454 560 1657 611 scriptus.
1684 558 1836 599 Schott.
1889 555 1963 596 Sic
1981 555 2093 607 legit

1203 621 1432 675 Scioppius
1464 622 1669 665 Verisim.
1698 633 1760 662 lv.
1789 623 1829 661 2.
1883 619 1970 660 Sed
2003 618 2090 659 dis-

1204 686 1343 738 plicet
1373 684 1415 725 id
1450 685 1626 726 Barthio
1659 683 1845 724 Advers.
1866 682 1942 723 lib.
1959 693 2090 722 xx1v.

1205 753 1271 791 18.
1327 748 1458 802 Apud
1488 748 1663 789 Suidam
1693 753 1789 787 est:
1817 744 1920 786 πάνυ
1948 744 2092 785 δίκαιος

1202 815 1269 854 ὥν.
1305 814 1439 855 Ernst.
1494 812 1712 853 Caeternm
1730 810 1813 851 etsi
1834 809 1997 850 laudari
2017 808 2090 849 de-

1204 876 1279 918 bet
1296 877 1481 918 studium
1498 875 1692 929 'justitiae
1713 875 1756 915 in
1786 873 1998 924 Aristide,
2030 879 2091 913 ta-

1202 953 1302 983 men
1321 940 1621 994 imprudenter
1641 939 1729 990 egit
1749 949 1844 979 cum
1875 937 1888 959 ⁴
1906 942 1995 978 tam
2016 948 2090 977 cu-

1203 1005 1306 1059 pide
1342 1003 1600 1055 elaboravit,
1633 1008 1682 1044 ut
1715 1006 1878 1055 praeter
1906 1006 2089 1041 caeteros

1194 1070 1341 1123 justus
1359 1066 1606 1109 diceretur!
1660 1065 1787 1108 Quod
1815 1064 2008 1105 innuisse
2031 1063 2090 1103 vi-

1202 1132 1330 1173 detur
1348 1131 1590 1184 quicunque
1611 1128 1712 1170 cudi
1743 1126 1852 1169 fecit
1870 1137 2089 1169 nummum

1201 1195 1275 1250 qui
1294 1208 1425 1248 penes
1446 1206 1514 1235 me
1533 1198 1619 1244 est,
1640 1193 1683 1235 in
1704 1193 1824 1245 cujus
1843 1203 1926 1232 uuo
1946 1191 2087 1231 latere

1200 1265 1333 1312 caput
1352 1257 1556 1300 Aristidis
1576 1268 1673 1299 cum
1702 1256 1900 1308 inscript.
1955 1257 2087 1295 ΑΡΙΣ·

1199 1326 1353 1366 ‘nm-12
1381 1328 1417 1364 0
1444 1325 1684 1364 ΔῙΚΑΙΟΣι
1714 1322 1757 1362 in
1778 1322 1916 1362 altero
1935 1320 2088 1361 mulier

1198 1379 1546 1429 sedens'dextra
1573 1385 1773 1427 baculum
1807 1390 1984 1425 tenens:
2025 1383 2088 1422 in-

1198 1451 1293 1492 fra:
1349 1452 1547 1492 ΒΟΤΛΗΣ
1575 1453 1778 1490 ΓΝΩΜΗ;
1827 1448 1989 1489 circum
2023 1451 2088 1486 O‘r

1198 1519 1395 1556 ΔΟΚΕῙΝ
1421 1511 1535 1554 ΑΛΛ’
1562 1516 1716 1552 ΕῙΝΑῙ.
1926 1552 1933 1557 ,
2075 1514 2079 1518 ”

1251 1580 1394 1620 Justus
1420 1575 1704 1630 appellaretur]
1741 1575 1958 1617 Nimirum
1989 1586 2088 1614 cum

1197 1643 1340 1684 nimiIs
1355 1641 1508 1694 opibus
1520 1639 1740 1682 abundant
1755 1651 1868 1691 resp.
1882 1638 1926 1678 in
1940 1638 2086 1678 luxum

1197 1706 1375 1748 abeunt.
1439 1695 1524 1745 Sic'
1552 1703 1731 1756 Ephesii
1767 1700 2087 1743 Hermodorum

1197 1770 1365 1811 abesse.
1391 1767 1621 1821 jusserunt
1663 1778 1747 1806 non
1794 1764 1878 1805 alio
1914 1764 2085 1805 nomine

1198 1846 1325 1887 quam
1356 1831 1468 1886 quod
1504 1829 1619 1883 frugi
1657 1834 1800 1880 esset;
1845 1829 1900 1869 de
1930 1829 2083 1882 quibus

1196 1895 1302 1937 illud
1328 1899 1474 1937 exstat
1505 1892 1698 1946 lepidum
1727 1892 1924 1945 Elegium
1945 1892 2087 1933 Hera-

1197 1959 1306 2009 cliti,
1334 1957 1408 2012 qui
1426 1953 1626 1997 σκοτεινὸς
1643 1960 1926 2007 cognomento
1943 1956 2086 2008 Ephe-

1197 2022 1285 2064 sius
1305 2026 1351 2062 et
1380 2020 1476 2073 ipse
1493 2018 1605 2060 fuit:
1633 2018 1648 2043 ‘
1670 2018 1805 2070 Digni
1822 2023 1925 2059 sunt-
1941 2017 2084 2070 Ephe-

1197 2086 1265 2139 sii,
1279 2085 1352 2139 qui
1371 2085 1426 2125 ad
1441 2094 1622 2137 puerum
1636 2092 1771 2135 usque
1786 2093 1934 2121 omnes
1949 2085 2086 2121 stran-

1197 2151 1416 2204 gulentur,
1444 2148 1561 2203 quod
1593 2146 1911 2188 Hermodorum
1939 2145 2082 2186 virum

1194 2214 1310 2254 inter
1328 2212 1446 2265 ipsos
1465 2210 1582 2264 frugi
1612 2207 1852 2262 ejecerint.’
1909 2207 2077 2248 Addito

1195 2277 1208 2302 ‘
1230 2289 1358 2318 nemo
1386 2280 1582 2316 nostrum
1605 2272 1719 2325 frugi
1738 2278 1850 2321 esto,
1883 2277 1959 2312 aut
1978 2271 2079 2311 alibi

1194 2340 1240 2382 id
1259 2345 1353 2381 esto
1380 2345 1427 2380 et
1457 2339 1571 2380 inter
1601 2336 1734 2379 alios!
1787 2335 1945 2377 Strabo
1966 2336 2083 2377 Geo-

1195 2403 1345 2457 grapli.
1362 2401 1439 2444 lib.
1457 2412 1555 2442 xiv.
1583 2400 1738 2441 Schntt.

1250 2468 1360 2508 Nam
1393 2469 1598 2518 postquam
1635 2462 1814 2514 Xerxes]
1862 2461 1992 2502 Hunc
2025 2462 2081 2502 ad

1193 2528 1432 2572 Aristidem
1453 2527 1646 2568 exsulem
1665 2526 1830 2566 misisse
1850 2526 2014 2578 legatos
2034 2531 2081 2566 et

1193 2593 1280 2635 tria
1295 2591 1430 2633 millia
1443 2590 1704 2632 Daricorum
1724 2589 1950 2639 obtulisse,
1967 2589 2079 2628 idem

1194 2655 1346 2698 scribit
1364 2654 1542 2704 Suidas;
1570 2652 1686 2706 apud
1706 2665 1833 2706 quem
1854 2652 1966 2704 vide,
1981 2664 2077 2706 quae

1194 2716 1484 2771 responderit.
1513 2717 1656 2757 Ernst.

1249 2783 1301 2824 ln
1339 2780 1540 2822 Graeciam
1572 2778 1790 2830 descendit]
1846 2778 1986 2819 Movit
2030 2779 2076 2818 in

1194 2844 1426 2886 Graeciam.
1481 2841 1555 2883 Sic
1574 2839 1796 2887 ἀναβαίνειν
1813 2846 1880 2882 est
1899 2841 2078 2894 expedi-

1192 2907 1355 2949 tionem
1373 2903 1610 2957 suscipere.
1659 2903 1822 2944 Eodem
1837 2903 1980 2955 modo,
1993 2916 2078 2956 quo

1193 2969 1338 3013 Latini
1363 2968 1603 3014 descendere.
1631 2966 1790 3010 *Graeci
1825 2966 2076 3013 καταβαίνειν

1181 3033 1388 3088 jungunt.
1419 3029 1601 3072 Memini
1613 3028 1728 3082 apud
1743 3029 1926 3071 Diodor.
1939 3030 2075 3082 scrip·

1190 3102 1307 3138 tum:
1335 3091 1630 3147 Τσθαῤῥηκότως
1655 3091 1906 3139 καταβαίνειν
1935 3091 1989 3132 εἷς
2005 3091 2076 3133 τὸν

1188 3157 1377 3209 πόλεμον.
1434 3156 1681 3208 Xenophon
1697 3155 1923 3207 Agesilao:
1949 3155 2075 3196 Ἐπει-

1188 3222 1237 3272 δὴ
1265 3224 1287 3262 ὁ
1317 3219 1469 3274 Πέρσης
1498 3218 1664 3272 πρόσθεν
1695 3217 1758 3257 ἐπὶ
1789 3217 1862 3266 τὴν
1898 3217 2075 3260 *Ελλάδα

1188 3284 1316 3337 διέβη,
1330 3283 1599 3330 ἀντιδιαβῆναι
1618 3280 1676 3321 ἐπ’
1695 3279 1827 3323 αὐτόν.
1869 3281 2071 3323 Gebhard.

1188 3348 1343 3390 Scitote.
1395 3346 1508 3388 Vide
1524 3344 1685 3387 Justin.
1714 3343 1790 3386 lib.
1810 3355 1863 3385 11.
1897 3345 1940 3386 iu
1968 3345 2071 3386 fine.

1190 3410 1358 3457 Herod.
1375 3410 1419 3451 in
1441 3408 1617 3451 Urania.
1646 3406 1810 3449 Suom-0.

1243 3475 1368 3517 Sexto
1379 3472 1471 3525 sere
1497 3484 1597 3513 anno
1624 3476 1830 3526 postquam
1850 3478 1950 3521 erae,
1981 3473 2069 3524 &exj
