2326 3944
299 277 409 337 452

300 415 347 451 et
366 421 419 450 ea
439 409 587 461 gessit,
616 422 711 462 quae
732 411 981 454 Graecorum
1007 420 1187 458 narrant

299 473 506 515 historiae.
574 473 810 514 Succendit
845 475 959 515 enim
991 477 1185 519 Athenas

299 536 380 575 sub
411 535 604 587 principe
627 535 778 587 Callia,
797 535 1040 591 bellumque
1058 551 1113 580 ex
1132 552 1186 585 eo

299 607 494 651 tempore
514 603 682 650 gestum
703 606 771 639 est
804 600 846 640 in
866 601 1184 655 Thermopylis,

297 668 344 703 et
365 661 479 714 apud
497 661 754 702 Salaminam
781 665 932 704 navale
951 671 1185 717 certamen,

297 725 469 779 quando
487 726 803 778 Sophocles-et
831 727 1059 779 Euripides
1078 730 1184 772 clari

296 789 584 839 habebantur,
608 794 654 829 et
681 789 994 832 Themistocles
1016 791 1057 831 in
1078 792 1184 832 Per-

294 866 363 897 sas
383 852 570 905 fugiens,
589 855 740 895 hausto
757 856 868 895 tauri
889 856 1094 907 sanguine
1109 868 1183 908 pe-

297 918 402 962 riit!
457 919 640 960 Graecus
658 919 828 972 quidam
848 921 1046 973 Scriptor
1069 921 1183 973 apud

296 982 599 1034 Aristophanis
642 983 980 1033 Explanatorem
1001 998 1013 1025 z
1069 984 1182 1027 'rhe-

294 1045 515 1089 mistocles
535 1045 846 1097 παραγενόμενος
865 1044 946 1095 ἅμα
975 1048 1033 1096 τῷ
1064 1059 1183 1100 στρα·

292 1112 410 1161 τηγῷ
444 1109 700 1151 Artaxerxis
735 1110 790 1151 εἷς
826 1111 1074 1164 Μαγνησίαν,
1114 1111 1183 1155 καὶ

292 1173 511 1225 καταγνοὺς
523 1174 678 1226 ἑαυτοῦ,
694 1174 729 1216 εἶ
745 1174 782 1215 οἱ
794 1176 840 1215 δι’
858 1175 976 1216 αὐτὸν
992 1174 1183 1218 σωθέντες

282 1236 481 1286 Ἕλληνες
542 1237 627 1279 εἶτα
679 1238 906 1280 δουλεύουσι
955 1239 1196 1294 βαρβάροις,

291 1301 483 1355 προφάσει
501 1301 747 1355 χρησάμενος
774 1303 826 1344 ὥς
852 1302 986 1344 θυσίαν
1006 1303 1197 1344 ἐπιτελεῖ·

292 1374 359 1411 σαι
387 1364 592 1416 βούλοιτο,
621 1363 689 1405 καὶ
713 1365 958 1418 ἴερουργῆσαι
973 1368 1024 1420 τῇ
1039 1365 1181 1407 Λευκό-

291 1434 385 1479 φρυὶ·
404 1425 596 1480 Ἀρτέμιδι
619 1426 856 1482 καλουμένῃ,
874 1427 1012 1480 ταύρῳ,
1030 1429 1181 1470 ὑποθεὶς

290 1492 365 1539 τὴν
377 1489 538 1543 φιάλην,
554 1492 618 1532 καὶ
639 1491 913 1543 ὑποδεξάμενος
930 1491 978 1533 τὸ
994 1491 1089 1544 αἲμα
1111 1493 1181 1535 καὶ

289 1555 438 1606 χανδὸν
470 1556 565 1596 πιὼν
597 1554 858 1605 ἐτελεύτησεν
890 1556 1039 1599 εὐθέως.
1105 1559 1194 1599 Sic·

291 1626 404 1660 teste
424 1619 637 1661 Strabone
656 1621 690 1662 l.
707 1633 740 1661 1.
762 1621 926 1672 Geogr.
941 1622 1178 1672 irrumpen-

289 1683 407 1723 tibus
433 1684 475 1723 in
506 1684 736 1736 Phrygiam
768 1684 1006 1724 Cimmeriis
1034 1684 1179 1724 Midas

289 1753 428 1799 epoto·
458 1747 571 1787 tauri
607 1746 813 1797 sanguine
849 1747 958 1788 obiit
977 1762 987 1789 z
1026 1746 1180 1799 Ἧνίκα,

290 1810 446 1863 inquit,
465 1809 590 1850 Μίδαν
609 1808 704 1860 aiud
732 1825 773 1851 τι
791 1809 938 1864 ταύρου
954 1811 1094 1852 πιόντα
1107 1820 1180 1864 φα-

288 1874 351 1917 σὶν
365 1873 554 1913 ἀπελθεῖν
584 1873 639 1913 εἷς
669 1873 718 1913 τὸ
745 1874 886 1926 χρεών.
941 1876 1178 1929 Traditque

289 1937 551 1979 Plutarchus
566 1937 822 1990 Flaminino,
835 1951 889 1978 ex
909 1939 1179 1991 quorundam

287 2001 488 2051 opinione
512 1998 819 2052 Hannibalem,
841 2001 976 2042 Midae
997 2008 1043 2041 et
1069 2002 1180 2042 The-

289 2064 497 2103 mistoclis
528 2065 746 2115 exemplo,
779 2066 949 2105 taurino
969 2066 1178 2119 sanguine

292 2133 424 2178 epoto
439 2139 484 2167 se
503 2138 717 2167 enecasse.
748 2128 948 2169 Gebhard.

343 2191 475 2235 Quaem
492 2202 547 2238 se,
566 2202 654 2242 (μισ)
680 2191 770 2240 regi
788 2192 835 2231 de
857 2191 1016 2231 Gra-cia
1043 2192 1178 2243 oppri-

286 2254 426 2295 menda
458 2253 658 2304 pollicitus
690 2258 803 2304 esset,
842 2259 1051 2306 praestare,
1085 2255 1176 2307 ξω]

286 2315 455 2355 Alludit
476 2315 622 2356 Cicer.
642 2316 668 2357 l.
689 2327 736 2356 x.
757 2317 887 2369 epist.
907 2317 962 2358 ad
980 2318 1028 2358 T.
1049 2317 1177 2358 Pom·

287 2391 389 2430 pou.
409 2390 492 2420 vn.
522 2379 688 2427 Ἀδηλος
704 2380 903 2432 Scriptor
921 2381 1036 2432 apud
1058 2381 1176 2423 Aris·

285 2443 483 2494 tophanis
510 2443 871 2495 Explanatorem:
909 2444 959 2484 Οἱ
973 2443 1019 2486 δέ
1043 2452 1179 2496 φασιν,

282 2505 346 2545 ὅτι
374 2506 552 2545 συνειδὼς
578 2506 601 2547 ὁ
615 2509 900 2560 Θεμιστοκλῆς,
919 2507 980 2548 ὅτι
994 2508 1081 2559 οὐχ’
1097 2507 1178 2551 οἶός

282 2585 330 2612 τε
366 2567 416 2617 ἧν
445 2567 724 2621 διαπράξασθαι
762 2573 822 2622 τῷ
861 2573 1037 2623 βασιλεῖ,
1079 2570 1176 2625 ἅπερ

283 2632 570 2684 ἐπηγγείλατο,
587 2631 710 2676 οὕτως
734 2633 797 2673 ἐπὶ
821 2633 896 2682 τὴν
912 2635 984 2678 τοῦ
1009 2633 1176 2676 θανάτου

282 2695 430 2748 αἵρεσιν
442 2693 694 2749 παρεγένετο.
725 2698 850 2740 Idem.

339 2762 442 2806 Ossa
470 2762 555 2811 ejus
589 2762 688 2801 clam
719 2761 765 2802 in
794 2762 933 2802 Attica
959 2762 1011 2801 ab
1036 2761 1185 2815 amicis

281 2836 363 2869 esse
377 2823 548 2876 sepulta]
575 2823 632 2865 Τὰ
647 2822 689 2864 δὲ
707 2823 809 2865 ὀστᾶ
825 2832 922 2876 φασι
949 2825 1175 2874 κομισθῆναι

282 2886 402 2925 αὐτοῦ
420 2887 457 2926 οἵ
481 2885 743 2939 προσήκοντες
756 2887 899 2939 οἴκαδε,
913 2887 1182 2929 κελεύσαντος

282 2948 443 2998 ἐκείνου,
471 2948 536 2992 καὶ
567 2952 727 2999 τεθῆναι
751 2949 879 3002 κρύφα
904 2950 1115 2999 Ἀθηναίων
1133 2950 1176 2991 ἐν

282 3013 334 3065 Τῇ
353 3013 529 3066 Ἀττικῇ·
559 3012 605 3052 οὐ
631 3012 711 3066 ’γὰρ
735 3013 825 3063 ἐξῆν
853 3013 1013 3053 θάπτειν
1031 3014 1082 3055 ὡς
1110 3014 1183 3056 ἐπὶΔ

280 3074 687 3129 προδοσίᾳφυγόντος.
723 3075 916 3128 Thucyd.
958 3075 1047 3126 Alii
1067 3076 1174 3128 pub·

280 3141 365 3181 lico
398 3140 576 3186 decreto
606 3140 770 3182 factum
807 3139 941 3181 fuisse
971 3140 1172 3192 prodide-

281 3208 382 3242 runt
413 3203 538 3255 jussu
576 3203 755 3255 oraculi,
789 3202 904 3256 quod
932 3215 1016 3243 non
1045 3203 1172 3244 citius

281 3264 375 3304 fore
410 3266 673 3316 pestilentiae
703 3264 834 3306 finem
871 3265 1172 3319 responderat,

280 3339 407 3380 quam
428 3328 464 3367 si
489 3329 786 3369 Themistoclis
815 3341 909 3371 ossa
942 3329 1173 3382 Magnesia

282 3390 570 3432 reduxissent.
630 3391 801 3442 Ἄδηλος
837 3391 1011 3445 quidam
1052 3391 1168 3446 apud

282 3452 418 3506 Arist.
454 3454 765 3506 interpretem;
811 3454 1080 3507 λοιμωξάντων
1126 3454 1181 3505 δὲῥ

684 293 864 340 ΝΟΤΑΞὶ
905 295 1241 339 vAmQRUM
1283 298 1348 341 IN
1391 301 1440 340 C.
1479 300 1745 341 NEPOTIS

1246 417 1454 467 Ἀθηναίων
1479 419 1501 458 δ
1525 419 1610 461 θεὸς
1638 419 1721 462 εἶπε
1738 420 1926 472 μετάγειν
1946 420 2000 465 τὰ
2011 421 2139 464 bow&

1246 482 1579 531 Θεμιστοκλέους.ι
1599 484 1820 535 Μαγνήτων
1840 484 1882 526 δὲ
1899 486 1954 535 μὴ
1973 499 2145 538 συγχωψ

1245 543 1428 598 ρούντων,
1451 545 1652 600 ᾐτήσαντο
1670 548 1732 588 ἐπὶ
1749 548 1960 601 τριάκοντα
1977 548 2146 602 ἡμέραις.

1247 608 1500 660 ἐναγίσαντες
1513 612 1570 661 τῷ
1587 610 1717 663 τάφῳ,
1739 611 1802 652 καὶ
1822 613 2142 664 reptare-tyranuum.

1245 687 1313 713 τες
1324 671 1374 713 τὸ
1391 672 1548 726 χωρίον,
1558 673 1684 726 λάθρα
1692 674 1918 727 κομίζουσιν
1931 675 2134 728 ἀνορύξαν-

1245 751 1313 778 τες
1341 737 1395 778 τὰ
1423 737 1539 778 ὄστᾶ.
1572 738 1772 779 Gebhard.
1828 739 1895 778 De
1915 751 1999 792 quo
2019 739 2141 780 Pau..

1246 799 1386 839 sanias
1404 801 1448 840 in
1467 800 1641 842 Atticis.
1698 800 1761 842 At
1785 803 2060 854 Symmachus
2088 803 2141 843 id·

1244 860 1399 903 falsum
1418 875 1514 903 esse
1534 869 1676 916 putat,
1705 865 1818 917 quod
1836 877 1915 906 nec
1935 866 2144 907 Herodoss·

1247 931 1316 967 tus
1333 937 1414 966 nec
1431 926 1706 978 Thucydides
1724 927 1850 978 hujus
1870 928 1931 969 rei
1951 930 2143 969 mentio-n¹

1246 999 1342 1029 nem
1362 988 1542 1030 faciant.
1572 990 1738 1040 Longol.
1761 990 1874 1041 Mag.

1303 1052 1502 1098 Quoniam
1541 1051 1692 1103 legibus
1734 1065 1812 1092 non
1846 1054 2141 1107 concederetur]

1247 1115 1385 1166 Leges
1418 1114 1531 1155 enim
1567 1115 1788 1166 vetabant,
1821 1117 1929 1168 ejus,
1960 1117 2033 1169 qui
2064 1118 2138 1158 vel

1245 1188 1367 1218 sacra
1400 1177 1593 1229 legisset,
1623 1179 1691 1218 vel
1720 1179 1902 1230 patriam
1923 1179 2144 1232 madidis-5

1245 1245 1327 1293 set,
1340 1252 1435 1281 ossa
1448 1241 1492 1280 in
1504 1240 1656 1283 Attica
1671 1241 1860 1293 sepeliri.
1886 1242 2131 1295 Xenophon

1242 1303 1320 1346 lib.
1342 1315 1375 1345 ι.
1403 1303 1567 1351 Ἕλλην.
1594 1305 1719 1347 Τοῦτο
1735 1304 1768 1344 δ’
1785 1303 1818 1343 εἶ
1834 1302 2044 1355 βούλεσθε,
2061 1320 2131 1349 κα-

1241 1365 1295 1406 τὰ
1321 1367 1463 1406 τοῦτον
1490 1365 1563 1406 τὸν
1591 1364 1709 1416 νόμον
1737 1365 1908 1419 κρίνατε,
1940 1366 1983 1408 ὅς
2020 1367 2142 1407 ἐστιν·

1243 1428 1305 1469 ἐπὶ
1322 1431 1405 1470 τοῖς
1425 1428 1640 1482 ἱεροσύλοις
1665 1429 1730 1469 καὶ
1747 1429 1966 1482 προδόταις,
1983 1429 2052 1470 ἐάν
2068 1443 2141 1477 τις

1241 1491 1267 1541 ἢ
1293 1492 1369 1540 τὴν
1388 1492 1504 1532 πόλιν
1520 1494 1698 1545 προδιδῷ,
1724 1491 1751 1540 ἢ
1781 1492 1834 1534 τὰ
1857 1493 1939 1546 ἱερὰ
1961 1491 2141 1546 κλέπτῃ,

1239 1555 1419 1609 κριθέντα
1437 1557 1479 1596 ἐν
1510 1554 1755 1608 δικαστηρίῳ,
1780 1555 1829 1596 ἂν
1854 1557 2130 1610 καταγνωσθῇ,

1240 1620 1295 1670 μὴ
1307 1621 1478 1672 ταφῆναι
1497 1620 1539 1660 ἐν
1551 1621 1605 1673 τῇ
1620 1620 1795 1673 Ἀττικῇ,
1808 1619 1861 1660 τὰ
1878 1618 1921 1659 δὲ
1944 1619 2132 1673 χρήματα

1242 1684 1362 1724 αὐτοῦ
1381 1681 1547 1734 δημόσια
1577 1681 1684 1724 εἶναι.
1713 1683 1851 1724 Lamb.
1908 1683 2035 1726 Quod
2055 1683 2133 1723 de-

1241 1753 1453 1787 monstrat
1481 1746 1615 1786 etiam
1642 1747 1687 1786 in
1717 1745 1933 1786 Phocione
1952 1747 2141 1787 Plutum

1241 1811 1360 1851 chus.
1417 1810 1558 1852 Quem
1586 1822 1706 1850 usum
1736 1816 1880 1850 tamen
1910 1810 2141 1857 Romanos,

1242 1885 1326 1916 non
1341 1873 1608 1924 observasse,
1621 1873 1759 1925 liquet
1777 1885 1830 1913 ex
1849 1873 2007 1913 Ovidio
2018 1873 2138 1918 Tris,

1241 1937 1347 1977 tium
1376 1938 1405 1977 1.
1426 1949 1498 1977 111.
1518 1938 1642 1990 Eleg.
1664 1941 1703 1977 3.
1758 1938 1942 1983 solenne
1975 1937 2054 1977 hoc
2085 1950 2134 1977 e-

1242 1999 1346 2039 tiam
1378 2000 1534 2039 nostris
1567 1999 1694 2042 Jctis
1728 1999 1771 2040 in
1804 2000 2018 2040 Pandect.
2048 2000 2129 2044 sub

1241 2061 1332 2103 Tit.
1352 2064 1423 2104 De
1441 2062 1721 2102 cadaveribus
1739 2063 1984 2115 punitorum
2001 2076 2012 2102 ε
2041 2064 2132 2103 De«

1240 2131 1511 2179 portatorum
1545 2131 1592 2166 et
1622 2126 1912 2178 relegatorum
1946 2137 2130 2178 corpora

1239 2189 1412 2230 minime
1451 2188 1692 2230 transferri.
1733 2190 1850 2240 Mag.
1917 2189 2133 2233 Gravissi-

1238 2265 1351 2293 mum
1371 2264 1554 2304 namque
1582 2252 1837 2304 proditionis
1871 2253 2050 2302 crimen,
2078 2258 2128 2293 ut

1238 2321 1285 2356 et
1315 2317 1432 2356 laesae
1464 2316 1738 2368 Majestatis:
1771 2316 1886 2368 quod
1920 2322 1967 2357 et
1998 2316 2127 2357 liberi

1238 2379 1322 2420 etsi
1354 2379 1519 2419 innoxii
1552 2379 1692 2430 luunt,
1724 2379 1949 2432 patriaque
1977 2379 2043 2419 his
2063 2379 2138 2422 in-‚

1238 2442 1480 2492 tei-dicitur,
1495 2454 1621 2495 quam
1642 2442 1886 2494 prodidere.
1915 2443 2128 2495 Respexit

1236 2505 1319 2546 huc
1356 2505 1582 2556 Virgilian.
1619 2505 1800 2546 Sinon:
1844 2510 1855 2529 ‘
1878 2505 1973 2546 Nec
2023 2505 2140 2556 mihi,

1228 2569 1321 2621 jam
1356 2569 1539 2621 patriam
1572 2569 1791 2622 antiquam
1823 2580 1924 2621 spes
1953 2568 2043 2609 ulla
2069 2569 2131 2608 vi·

1237 2632 1368 2672 dendi
1402 2631 1498 2673 Nec
1529 2631 1675 2673 dulces
1695 2638 1834 2682 natos,
1854 2637 2139 2684 exoptatum--

1236 2708 1319 2750 que
1341 2701 1590 2749 parentem;
1621 2695 1740 2737 Quos
1769 2694 1832 2734 illi
1855 2692 1946 2734 fors
1965 2694 2018 2735 ad
2038 2706 2138 2747 ptr-2,

1238 2773 1313 2800 nas
1331 2760 1387 2800 ob
1421 2766 1568 2800 nostra
1601 2762 1833 2811 reposcent
1862 2755 2051 2809 Effugia,
2070 2762 2137 2807 et,

1237 2822 1404 2875 culpam
1436 2822 1547 2862 hanc
1577 2822 1827 2862 miserorum
1864 2825 2005 2861 morte
2039 2821 2138 2872 pias,

1238 2886 1376 2927 bunt.’
1444 2885 1556 2927 Vide
1592 2884 1842 2925 Kirchman.
1873 2882 1928 2923 de
1966 2883 2131 2929 Funer,

1237 2951 1419 2991 Roman.
1454 2948 1644 3001 append.
1681 2952 1727 2988 et
1774 2946 2030 2987 Gutherium
2069 2946 2127 2988 de

1235 3012 1264 3053 J
1269 3025 1344 3054 ure
1364 3012 1550 3052 manium
1565 3023 1599 3051 1.
1618 3014 1658 3051 7.
1685 3009 1838 3050 sehon.
2131 3031 2133 3033 -

1290 3079 1362 3119 De
1387 3079 1725 3118 Tunms'rocus
1753 3075 1882 3115 rebus
1902 3074 2002 3115 vide
2017 3073 2132 3118 Plu..

1236 3140 1430 3180 tat-chum
1466 3139 1509 3179 in
1545 3139 1649 3180 vita.
1708 3137 1982 3181 Herodotum
2023 3148 2136 3181 vui.¹

1235 3201 1364 3242 Diod.
1399 3202 1487 3244 Sic.
1507 3212 1571 3242 xt.
1602 3200 1900 3253 Bibliotheca’,
1929 3199 2131 3253 Thucyd,

1234 3276 1306 3315 111.
1335 3265 1456 3306 Suid.
1487 3276 1531 3306 v.
1581 3264 1864 3306 Themistocles.
1910 3261 2124 3303 AElianum

1234 3328 1409 3380 passim.
1437 3327 1554 3370 Just.
1574 3337 1628 3369 u.
1654 3327 1753 3368 val.
1772 3327 1894 3367 Max.
1928 3331 1975 3366 et
1994 3326 2126 3366 Fron-

1233 3390 1387 3439 tinum.
1424 3390 1567 3433 Cicer.
1610 3390 1795 3432 Pausan.
1828 3388 1997 3441 passim.
2039 3388 2124 3427 Po-

1230 3453 1349 3496 liaen.
1373 3465 1403 3495 1.
1423 3456 1506 3495 &c.
1538 3453 1762 3494 Boeclerus.
1790 3451 1933 3493 Multa
1949 3463 2131 3506 quoque.
