2306 3900
632 292 827 334 xxm.
888 288 1341 344 ιιΑΝΝιΒΑιΕΜ,
1381 291 1518 332 cAP.
1558 277 1645 332 10.

217 411 420 466 delapsus
451 410 644 465 decepit.
697 412 758 453 Et
787 416 949 464 castor,
967 411 1101 453 Ponti

217 477 390 529 animal,
405 482 654 519 venatorum
675 476 854 518 insidias
873 476 1002 518 sectis
1020 477 1101 518 sibi

215 541 416 583 verendis
434 540 625 594 effugere
642 539 796 582 fertur.
834 539 1001 582 Auctor
1010 540 1102 581 Pli-

215 606 312 648 nius
330 611 377 647 et
390 605 596 647 AElianus.
624 603 777 645 Schott.

269 670 424 720 Magno
441 681 483 710 se
500 667 594 718 sore
620 666 814 719 periculo]
842 666 915 708 Sic
943 678 967 707 e
995 666 1102 708 duo-

218 731 301 774 bus
332 733 441 773 Mss.
474 731 580 783 legit
607 731 845 783 Schoppius
869 730 1102 773 Verisimil.

216 806 281 836 ιν.
301 798 367 836 14.
411 793 500 835 Alii
513 794 560 834 in
573 793 760 846 periculo.
806 794 975 835 Bosius.
1024 793 1101 834 Ni-

214 857 368 899 mirum
394 857 498 899 vitae
517 857 670 910 ipsius,
695 856 847 910 opibus
881 856 996 897 enim
1029 868 1101 897 oc·

215 920 303 962 ciso
338 921 466 962 exule
503 920 741 961 inhiabant.
795 919 989 962 Justiuus
1020 918 1101 959 ibi-

215 984 340 1026 dem:
368 985 381 1007 ‘
399 984 470 1025 Ibi
502 995 600 1024 cum
635 983 709 1024 diu
744 982 936 1037 quietam
966 983 1101 1024 vitam

215 1049 392 1102 egisset,
436 1047 778 1100 invidiosumque
822 1058 869 1087 se
919 1050 1101 1100 propter

214 1113 365 1154 nimias
383 1124 487 1165 opes
507 1110 704 1153 videret!
735 1109 862 1152 Gebh.

270 1177 362 1218 Has
400 1177 610 1230 Gortyniis
641 1174 918 1228 praesentibus]
954 1173 1100 1215 Probo

215 1240 332 1293 quod
368 1240 413 1280 in
445 1240 558 1280 Msc.
587 1239 790 1280 Leidensi
816 1238 1003 1291 legitur3
1029 1237 1102 1278 has

213 1303 474 1356 presentibus
502 1303 771 1355 principibus.-
812 1300 1024 1356 quomodo
1053 1306 1102 1342 et

218 1366 370 1408 Codex
388 1367 590 1408 Boecleri
609 1366 735 1419 legit,
766 1366 848 1406 nisi
879 1365 991 1419 quod
1019 1375 1100 1418 pro

215 1431 286 1471 has
304 1436 511 1483 corrupte
529 1430 592 1470 his
606 1430 755 1470 habet.
811 1428 1103 1480 Principibus,

214 1494 427 1547 intellige,
440 1493 630 1535 civitatis
649 1493 876 1546 Gortynae.
931 1491 986 1532 Ei
1003 1491 1102 1533 voci

216 1557 505 1611 adscripscrat
521 1557 673 1610 aliquis
696 1557 739 1597 in
759 1555 968 1609 margine,
999 1556 1102 1595 Gor-

216 1622 366 1675 tynii&
394 1621 509 1674 quod
533 1627 687 1673 postea
710 1620 756 1661 iu
781 1624 950 1661 textum
969 1619 1104 1674 irrep-

214 1685 289 1737 sit,
317 1685 457 1738 eJecta
475 1684 661 1738 genuina
684 1696 805 1725 voce.
834 1684 994 1725 Rosius.

271 1748 447 1800 Deponit
465 1749 509 1789 in
526 1749 671 1800 templo
684 1747 851 1800 Diunoe]
878 1747 1103 1790 Justinus:

216 1813 230 1837 ‘
251 1812 492 1866 Amphoras
521 1813 696 1866 plumbo
718 1814 909 1866 repletas
933 1812 979 1854 in
998 1818 1106 1855 tem·

218 1878 292 1930 plo
318 1877 489 1929 Dianae,
516 1877 639 1931 quasi
662 1875 848 1917 fortunae
877 1889 968 1918 suae
996 1889 1106 1929 prae·

217 1942 328 1983 sidia
347 1941 556 1996 deponit?
601 1941 750 1983 Simile
770 1942 918 1983 Plauti
936 1942 1043 1983 illud
1062 1942 1105 1983 in

217 2006 430 2047 Bacchid.
454 2017 508 2049 ιι.
524 2009 565 2048 3.
581 2009 649 2049 72.
676 2006 689 2029 ‘
713 2006 806 2047 Nos
826 2005 942 2058 apud
971 2005 1106 2047 Theo·

218 2069 370 2111 timum
386 2082 513 2111 omne
531 2082 680 2110 aurum
698 2069 996 2122 deposuimus:
1018 2069 1105 2112 Qui

217 2133 307 2175 illic
338 2133 540 2175 sacerdos
573 2139 642 2174 est
676 2132 834 2175 Dianae
868 2132 1104 2186 Ephesiael

218 2197 389 2239 Morem
409 2202 555 2239 autem
583 2197 627 2238 in
655 2195 767 2238 fanis
797 2197 1020 2238 thesauros
1038 2209 1107 2238 re·

219 2261 411 2312 ponendi
446 2260 641 2314 reperies
678 2273 810 2314 supra
847 2272 1017 2314 quoque
1060 2259 1104 2301 in

218 2323 428 2367 Aristide.
456 2326 604 2366 Caesar
622 2325 678 2366 de
696 2325 751 2366 B.
764 2326 816 2366 C.
833 2336 906 2366 ιιι.
933 2325 947 2348 ‘
961 2324 1106 2377 Ephe-

217 2388 255 2428 si
284 2400 311 2429 a
339 2387 440 2428 fano
473 2387 632 2429 Dianae
669 2387 832 2440 positas
865 2387 1105 2441 antiquitus

219 2450 427 2504 pecunias
444 2451 588 2504 Scipio
608 2451 703 2493 tolli
712 2449 939 2504 jubebat:'
967 2455 1014 2492 et
1031 2450 1106 2492 lib.

215 2525 249 2556 1.
283 2516 297 2539 ‘
316 2514 524 2557 Pecuniae
550 2527 577 2555 a
600 2514 847 2568 municipiis
859 2514 1107 2567 exiguntur,

218 2583 266 2620 et
294 2590 320 2619 e
349 2577 462 2619 fanis
493 2578 733 2620 tolluntur.'
787 2579 904 2632 Lege
936 2578 993 2620 de
1022 2579 1105 2619 hoc

216 2640 308 2683 ritu
326 2639 622 2682 Alexandrum
639 2641 698 2683 ab
709 2640 960 2683 Alexandro
977 2642 1054 2684 lib.
1073 2653 1107 2683 1.

219 2706 263 2745 2.
290 2703 419 2746 Joan.
438 2703 671 2747 Brodaeum
689 2705 876 2748 Miscell.
895 2717 956 2747 ιν.
978 2710 1044 2749 17.
1062 2711 1109 2748 et

220 2766 502 2811 Ferrandum.
529 2767 729 2810 &battua

266 2830 351 2873 His
363 2832 408 2873 in
419 2843 593 2873 errorem
601 2832 750 2885 ductis]
768 2833 866 2875 Non
881 2833 989 2875 male
999 2833 1106 2876 Cod.

220 2895 442 2945 Boecleri,
459 2895 644 2937 inductis.
663 2896 834 2937 Rosius.
881 2897 1104 2939 Justinus:

221 2959 235 2983 ‘
255 2958 404 3013 Atque
423 2958 522 3000 ideo
551 2959 658 3000 nihil
676 2958 732 3001 de
749 2959 822 3000 illo
840 2960 1028 3001 sollicita
1047 2961 1106 3002 ci-

220 3022 375 3073 vitate,
418 3022 618 3076 quoniam
654 3023 775 3064 velut
809 3022 965 3076 pignus
1002 3035 1106 3077 opes

221 3085 314 3138 ejus
332 3086 542 3127 tenebat!
569 3086 769 3128 Gebhard.

276 3146 443 3189 Statuas
467 3160 609 3199 eneas,
636 3161 733 3201 qaas
757 3161 886 3190 secum
908 3150 1108 3204 portabat,

222 3222 353 3250 omnes
400 3221 471 3251 sua
510 3211 676 3263 pecunia
719 3212 903 3265 complet]
944 3213 1105 3256 Justin.

221 3273 234 3294 ⁸
262 3271 384 3313 Auro
419 3285 495 3313 suo
532 3273 577 3313 iu
611 3274 783 3327 statuis,
815 3287 922 3327 quas
959 3288 1106 3316 secum

223 3337 447 3390 portabat,
472 3336 630 3389 infuso,
658 3349 712 3380 ne
736 3345 983 3393 conspectas
1003 3352 1107 3394 opes

222 3401 328 3443 vitoe
346 3400 583 3444 nocerent.’
613 3402 737 3444 Idem.

271 3463 391 3507 Car.
424 3468 490 3506 10.
526 3464 596 3505 Aa
632 3464 823 3507 Prusiam
860 3465 905 3506 in
937 3465 1109 3509 Pontum

225 3527 422 3581 pervenit]
441 3527 554 3572 Vide
573 3528 825 3572 Ciceronem
843 3528 898 3571 de
917 3529 1109 3576 Divinat.

1933 275 2043 332 663

1163 424 1218 454 n.
1246 412 1667 455 Valer.Max.111.⁷.
1708 407 2042 453 susumxxxn.

1161 476 1369 517 Memnon
1407 475 1461 516 de
1498 475 1572 515 illo
1604 473 1784 514 Prusia:
1824 471 1938 512 Μετὰ
1966 474 2045 512 τῶν

1163 537 1297 579 ἄλλων
1323 536 1388 579 καὶ
1407 535 1542 590 Κιέρον
1557 536 1675 577 πόλιν
1689 536 1967 589 Ἡρακλεωτῶν
1985 534 2049 576 οὗ·

1163 616 1238 643 σαν
1252 602 1316 653 ὑφ’
1336 601 1472 642 ἑαυτὸν
1486 601 1596 642 ἔθετο
1613 601 1671 651 τᾷ
1683 599 1842 652 πολέμῳ
1855 599 1942 641 ἀντὶ
1961 599 2050 641 Κιέσ

1161 680 1230 719 ρον
1243 664 1461 718 Προυσιάδα
1477 662 1660 706 καλέσας.
1706 666 1849 705 Vocat
1866 664 1940 706 ille
1960 663 2047 704 Κιέ-

1161 745 1243 782 ρον,
1270 741 1399 782 quam
1418 729 1490 769 alii
1508 727 1613 768 Κίον.
1669 727 1755 768 Sed
1782 727 1910 768 Κίειον
1938 733 2046 780 puto

1162 791 1451 834 scribendum.
1506 791 1579 832 Sic
1597 796 1644 832 et
1661 789 1786 842 Τίειον
1804 791 1955 832 dixere
1973 803 2048 844 op-

1162 857 1309 910 pidum
1326 855 1426 897 Τίον.
1470 854 1689 896 Caeterum
1705 854 1741 894 is
1756 853 1929 895 Prusias
1947 853 2049 906 fuit,

1163 919 1237 974 qni
1271 919 1563 960 Hannibalem
1594 917 1782 971 bospitio
1817 919 2049 970 receperit.

1162 983 1273 1024 Inde
1291 987 1358 1023 est
1375 981 1573 1035 fortasse,
1601 981 1716 1035 quod
1743 981 1912 1022 Plinius
1937 982 2051 1022 Pru-

1163 1059 1251 1088 sam
1279 1046 1358 1088 sub
1387 1046 1576 1099 Olympo
1604 1045 1659 1086 ab
1678 1044 1924 1087 Hannibale
1944 1057 2046 1086 con-

1162 1111 1302 1152 ditam
1330 1110 1453 1152 dicit.
1503 1109 1595 1151 Sed
1625 1109 1702 1150 illa
1730 1109 1870 1150 Prusa
1895 1110 2047 1164 Olym-

1162 1177 1262 1230 pica
1281 1182 1455 1229 prorsus
1474 1175 1558 1216 alia
1575 1180 1644 1215 est
1662 1186 1688 1214 a
1709 1173 1935 1215 Prusiade.
1989 1174 2050 1215 Et

1162 1239 1364 1292 fortasse,
1384 1252 1440 1280 au
1456 1238 1629 1292 quidam
1649 1237 1918 1291 scripserint,
1935 1237 2048 1278 Pru-

1163 1304 1326 1345 siadem
1360 1303 1416 1344 ab
1451 1302 1695 1344 Hannibale
1733 1302 1965 1354 conditam,
2004 1306 2051 1342 et

1163 1366 1418 1408 Prusiadem
1464 1365 1727 1407 nominatam
1763 1365 1807 1406 in
1844 1365 2051 1407 honorem

1163 1430 1349 1481 Prusiae,
1376 1443 1402 1470 a
1417 1442 1502 1482 quo
1520 1434 1722 1482 receptus
1741 1427 1901 1471 fuerat.
1940 1429 2052 1469 Pru·

1161 1505 1254 1534 sam
1271 1497 1416 1534 autem
1430 1491 1597 1533 Plinius
1613 1503 1711 1532 cum
1724 1490 1938 1532 Prusiade
1953 1503 2053 1532 con-

1157 1556 1314 1609 jungit.
1387 1557 1500 1598 Nam
1550 1555 1694 1596 Prusa
1741 1554 1821 1596 sub
1859 1554 2053 1607 Olympo

1164 1622 1294 1672 longe
1325 1619 1547 1673 antiquior
1590 1618 1836 1660 Hannibale
1872 1619 1944 1658 vel
1978 1618 2053 1658 illo

1164 1684 1335 1736 Prusia,
1359 1688 1527 1737 utpote,
1545 1695 1673 1736 quam
1693 1695 1720 1723 a
1738 1681 1924 1736 quodam
1942 1682 2054 1723 Pru-

1166 1747 1229 1788 sia
1247 1748 1428 1800 positam
1447 1746 1599 1798 velint,
1617 1745 1688 1798 qui
1707 1745 1912 1786 adversus
1932 1745 2053 1786 Croe-

1168 1822 1262 1851 sum
1295 1809 1488 1852 bellavit.
1555 1808 1712 1860 Κτίσμα
1746 1808 1937 1862 Προυσίου
1981 1811 2054 1851 τοῦ

1166 1875 1260 1929 πρὸς
1277 1875 1445 1928 Κροῖσον
1460 1873 1757 1924 πολεμήσαντος
1775 1873 1924 1926 fuisse,
1942 1873 2054 1915 dicit

1166 1940 1341 1981 Strabo.
1414 1939 1628 1982 Quoniam
1668 1938 1769 1980 Cios
1815 1937 2054 1979 vocabatur

1167 2004 1302 2044 etiam
1335 2002 1531 2053 Prusias,
1571 2000 1673 2042 ideo
1707 2001 1826 2042 cives
1862 2002 1958 2054 ejus
1997 2001 2052 2042 ab

1167 2065 1262 2112 aliis
1281 2063 1431 2116 Κιανοὶ,
1459 2065 1513 2106 ab
1531 2065 1625 2105 aliis
1642 2066 1843 2117 Προυσιεῒς
1862 2064 2053 2118 appella-

1166 2128 1340 2171 bantur.
1397 2127 1592 2170 Plinius:
1621 2129 1635 2152 ‘
1666 2127 1710 2170 A
1742 2128 1822 2169 Cio
1857 2127 1973 2170 intus
2007 2128 2054 2169 in

1165 2193 1387 2247 Bithynia,
1422 2193 1565 2234 Prusa
1596 2193 1652 2234 ab
1686 2193 1936 2235 Hannibale
1970 2194 2054 2235 sub

1167 2258 1359 2311 Olympo
1407 2256 1611 2299 condita.’
1676 2257 1799 2299 Idem
1834 2264 1903 2299 est
1934 2270 1987 2300 ac
2016 2259 2055 2299 si

1165 2321 1361 2374 dixisset,
1376 2334 1402 2362 a
1419 2320 1632 2362 Prusiade
1650 2321 1767 2362 intus
1785 2322 1828 2362 in
1847 2323 2056 2375 Bithynia

1165 2383 1323 2426 Prusa.
1378 2383 1623 2425 chronicon
1639 2383 1817 2425 Eusebii
1830 2384 2056 2425 conditam

1166 2446 1305 2488 refert
1354 2447 1472 2488 circa
1519 2446 1819 2500 Olympiadem
1870 2458 2056 2491 xxxvn.

1166 2510 1292 2555 Quod
1309 2511 1556 2552 immaniter
1574 2510 1703 2562 longe
1719 2516 1788 2552 est
1807 2523 1833 2551 a
1853 2512 2056 2564 tempori-

1167 2574 1246 2615 bus
1283 2573 1555 2626 Hannibalis,
1595 2574 1773 2627 propius
1825 2574 1952 2616 abest
1997 2574 2054 2614 ab

1168 2651 1262 2680 aevo
1283 2637 1436 2689 Crmsi,
1461 2649 1544 2690 quo
1561 2635 1698 2678 fertur
1717 2636 1894 2678 condita
1913 2637 2056 2679 Prusa

1169 2701 1249 2743 sub
1287 2700 1490 2754 Olympo·
1557 2699 1630 2741 Sic
1665 2698 1920 2740 Prusiadem
1954 2710 2054 2740 cum

1129 2814 1132 2816 ¹
1168 2766 1310 2807 Prusa
1343 2762 1587 2816 confundit,
1625 2767 1675 2804 ut
1725 2762 1801 2804 alii
1842 2763 2055 2817 plerique.

1170 2828 1400 2870 Salmasius.

1224 2894 1376 2944 Regem
1403 2893 1572 2934 armavit
1608 2897 1648 2933 et
1683 2890 1894 2944 excitavit]
1936 2892 2056 2933 Male

1168 2956 1366 3010 sequitur
1394 2956 1501 2997 illud
1519 2956 1724 3007 excitavit,
1750 2962 1905 2997 natura
1924 2956 2055 3009 prius.

1168 3022 1315 3064 Quare
1340 3020 1657 3063 consideranda
1675 3020 1808 3060 lectio
1827 3033 1852 3061 a
1872 3020 2054 3061 Schotto

1168 3097 1224 3126 ex
1243 3085 1534 3138 Ultrajectina
1551 3089 1692 3134 eruta,
1710 3084 1900 3125 exercuit.
1940 3082 2055 3124 Quia

1167 3148 1338 3190 viderat
1357 3160 1501 3202 regem
1524 3149 1652 3200 longa
1669 3158 1778 3199 pace
1799 3145 1988 3186 desidem
2009 3152 2056 3186 et

1166 3212 1380 3255 insuetum
1401 3213 1530 3263 bello,
1542 3211 1751 3253 exercitio
1765 3209 1934 3250 firmare
1953 3221 2054 3250 con·

1170 3277 1324 3318 stituit.
1380 3275 1617 3327 Conjungit
1649 3285 1821 3327 quoque
1853 3273 2054 3318 armatio-

1170 3351 1267 3380 nem
1288 3344 1333 3381 et
1352 3338 1706 3379 exercitationem
1738 3337 1920 3378 militum
1949 3337 2056 3378 Dio·

1170 3401 1264 3442 dor.
1280 3401 1357 3442 lib.
1378 3400 1540 3443 xvr.de
1558 3400 1772 3453 Philippo.
1789 3399 1868 3441 Τὰς
1881 3398 1924 3440 δὲ
1937 3414 2055 3452 στρα-

1169 3465 1350 3508 τιωτικὰς
1364 3463 1492 3516 τάξεις
1510 3464 1572 3505 ἐπὶ
1594 3463 1643 3505 τὸ
1659 3466 1837 3518 κρεῖττον
1854 3463 2055 3517 διορθωσά-

1170 3545 1297 3585 μενος,
1326 3529 1390 3572 καὶ
1420 3528 1514 3572 τοὺς
1549 3528 1686 3583 ἄνδρας
1714 3531 1798 3571 τοῖς
1831 3528 2052 3580 πολεμικοῖς
