2306 3900
710 335 932 375 RERUM
978 335 1051 375 ΕΤ
1093 327 1463 374 VERBORUM.

217 463 260 497 et
289 471 336 497 ex
355 457 588 511 proprietate
619 458 725 497 vocis
753 458 1047 510 intelligendam

217 512 440 563 inquitatem
452 512 567 565 juris,
578 510 646 564 jus
658 512 866 564 aequabile,
881 511 1049 564 ἰσονομί-

220 579 283 614 αν,
300 565 367 604 ubi
385 565 530 617 aliquid
562 570 573 588 ‘
587 570 657 604 aut
683 565 863 606 omnibus
880 567 974 607 licet
990 568 1047 607 fa-

217 631 323 667 cere,
333 625 404 663 aut
417 632 497 660 non
511 618 631 666 licet,’
650 625 695 659 ut
711 617 885 671 loquitur
898 621 1047 661 Marius

215 672 443 714 Victorinus
475 673 518 712 in
537 673 691 713 Comm.
721 673 772 712 ad
793 673 919 717 Cicer.
938 673 1047 714 Rhe-

219 733 292 765 tor.
312 729 351 767 l.
383 726 459 773 vel,
481 731 524 765 ut
542 732 601 766 est
614 727 721 778 apud
737 726 891 767 Livium
919 728 976 775 iii,
995 732 1045 768 34

218 779 424 822 ‘omnibus
456 779 612 819 summis
629 780 851 832 infimisque
874 779 966 832 jura
995 796 1048 821 ae·

215 832 411 885 quantur?
443 834 641 885 quomodo
672 840 714 874 et
748 833 961 875 Boeclerus
997 837 1048 876 de

215 886 322 927 civili
347 886 513 926 formato
528 893 632 927 statu
648 888 803 940 accepit
816 889 900 928 haec
919 891 1048 936 verba,

217 945 230 962 ‘
244 940 409 992 aequitas
426 941 572 980 animi.²
618 940 878 984 mediocribus
895 949 937 982 et
954 957 1050 996 prae-

213 994 357 1034 sentib.
387 995 561 1034 contenti
592 995 676 1042 viii,
693 999 734 1042 2,
767 999 807 1036 4.
853 998 1051 1048 quomodo

213 1053 256 1086 et
283 1046 368 1088 Cic.
399 1049 441 1087 in
459 1046 624 1087 Rullum
641 1055 682 1088 et
712 1049 764 1088 de
792 1049 948 1090 Senect.
976 1052 1050 1092 hac

216 1113 311 1141 voce
329 1114 422 1140 usus
438 1117 448 1140 :
469 1115 506 1140 v.
521 1102 639 1142 Thes.
653 1102 874 1154 Buchneri)

163 1153 343 1205 AEquora
358 1155 499 1195 Indica
516 1156 642 1207 (mare
659 1155 879 1208 Indicum),
901 1157 962 1196 Fr.
976 1160 1001 1198 7

127 1222 131 1226 ·
163 1207 271 1250 AEtis
303 1214 413 1248 terna
445 1209 566 1248 millia
601 1223 691 1256 xxv,
727 1213 778 1251 13
825 1209 1048 1262 (Gronovio

181 1288 189 1296 .
213 1261 335 1309 nostri
374 1263 550 1305 coronati
579 1266 647 1304 18.
693 1277 782 1303 cum
823 1264 1048 1305 didrachmo

214 1322 256 1353 et
274 1315 562 1356 hemidrachmo
580 1331 592 1366 ;
626 1317 695 1356 sed
715 1317 824 1356 locus
847 1325 1049 1370 corruptus

214 1369 382 1415 videtur,
414 1369 703 1424 legendumque
729 1371 892 1419 tricena,
924 1372 987 1412 vel
1006 1373 1049 1411 τὸ

213 1423 300 1461 aeris
311 1422 549 1475 delendum)

162 1475 357 1521 AErarium
388 1489 595 1525 commune
619 1474 696 1529 (sc.
714 1475 904 1526 civitatis)
943 1477 1001 1526 iii,
1021 1481 1045 1518 3
1069 1458 1091 1472 ν

211 1529 291 1583 (sc.
327 1528 510 1582 militare)
542 1529 638 1569 ibid.
679 1530 871 1582 privatum
899 1544 989 1578 xxv,
1021 1536 1046 1572 8

211 1582 337 1624 erarii
351 1585 521 1635 augendi
539 1583 636 1623 ratio
664 1584 771 1630 xxiii,
787 1587 816 1624 -7

161 1636 237 1683 AEs
249 1637 682 1678 alienum‘inveterascit
695 1637 939 1689 indulgendo
956 1652 1046 1685 xxv,

213 1694 240 1731 2
269 1689 370 1744 (vid.
391 1689 673 1744 Inveterasco).
699 1692 839 1730 crescit
859 1691 1048 1744 multipli-

213 1744 350 1783 candis
368 1745 507 1791 usuris,
526 1744 622 1783 ibid.

162 1798 372 1837 AEstimare
383 1797 489 1838 litem
505 1812 514 1837 =
542 1798 807 1840 aestimataest
823 1797 871 1836 lis
883 1796 969 1850 ejus
987 1804 1047 1838 tot

214 1851 371 1890 talentis
392 1852 421 1898 i,
439 1855 478 1891 7.
498 1851 580 1896 xiii,
598 1855 623 1891 3
665 1851 892 1905 (damnatus
910 1860 970 1891 est
986 1858 1047 1891 tot

214 1904 371 1945 talentis
387 1918 399 1954 ;
457 1905 686 1957 intelligitur
715 1904 820 1944 enim
843 1906 931 1958 ipsa
975 1919 1046 1958 pe-

215 1957 332 1998 cunia
357 1958 608 2004 mulctatieia,
640 1957 898 1998 aestimatione
912 1959 1068 2010 delicti,

213 2012 395 2052 decreta:
424 2011 516 2052 hinc
533 2012 646 2052 addit
661 2011 807 2051 Noster
825 2013 853 2058 i,
867 2016 909 2060 7,
928 2018 952 2053 5
988 2019 1048 2053 tot

213 2065 369 2105 talentis
404 2066 632 2106 aestimatam
679 2065 875 2107 Miltiadis
926 2067 1048 2114 litem,

213 2124 386 2211 {tantus
409 2119 449 2157 in
462 2119 624 2160 classem
638 2125 787 2159 sumtus
805 2120 931 2160 factus
949 2127 1044 2160 erat.

294 2173 543 2213 antecedenti
557 2186 805 2225 consequens
822 2179 995 2220 notatur,
1015 2175 1043 2213 i.

214 2238 251 2264 e.
263 2239 310 2265 ex
323 2227 578 2266 aestimatione
589 2227 741 2272 delicti,
757 2227 903 2267 mulcta
918 2242 928 2266 :
943 2234 988 2266 ut
999 2228 1045 2267 lis

214 2285 388 2320 sumatur
403 2293 474 2332 pro
491 2281 778 2333 disceptatione
807 2280 890 2321 litis.
908 2287 990 2320 tota
1003 2288 1045 2320 et

213 2332 356 2384 culpae,
369 2345 458 2385 quae
469 2333 511 2372 in
517 2333 715 2386 judicium
722 2341 897 2373 vocatur.
926 2334 991 2375 Sic
1003 2334 1042 2374 in

213 2385 374 2432 crimine
390 2388 708 2438 repetundarum,
739 2387 945 2430 aestimatio
966 2388 1044 2427 litis

212 2446 255 2480 et
270 2440 442 2488 exilium,
460 2441 653 2483 ordinaria
667 2454 782 2503 paena
802 2456 812 2480 ε
832 2442 1044 2490 aestimatis,

212 2493 386 2546 inquam,
416 2493 542 2542 furtis,
574 2503 756 2537 auctione
786 2495 972 2547 quaeritur
995 2510 1044 2535 ex

213 2548 327 2588 bonis
350 2548 525 2591 damnati
557 2561 605 2588 ea
630 2548 814 2600 pecunia,
850 2549 1044 2591 interdum

214 2614 303 2640 cum
351 2600 524 2640 auctario
558 2601 669 2654 dupli
705 2608 775 2640 aut
824 2602 1045 2655 quadrupli.

213 2654 336 2707 Apud
350 2654 376 2694 J
378 2655 479 2694 Ctos
486 2654 564 2697 litis
583 2655 878 2696 aestimationem
891 2656 1043 2703 offerre,

214 2715 288 2756 est,
319 2708 375 2748 rei
404 2708 584 2759 litigiosae
617 2710 787 2761 pretium
814 2709 1043 2760 persolvere.

216 2761 354 2801 Boecl.
381 2760 500 2802 Adde
518 2762 650 2813 Sigon.
666 2765 716 2802 de
730 2762 891 2814 judiciis
919 2762 962 2811 ii,
978 2767 1047 2805 23.

219 2822 262 2856 et
278 2815 422 2856 Ponet.
440 2816 531 2856 hist.
550 2816 639 2857 Fori
656 2815 774 2860 Rom.
793 2817 847 2862 iv,
869 2816 955 2870 10).
971 2831 1043 2858 aes-

215 2869 388 2911 timatam
416 2870 522 2910 litem
541 2870 689 2910 solvere
721 2871 868 2923 populo
899 2870 1043 2924 (pecu-

218 2922 324 2963 niam
335 2922 612 2963 mulctaticiam
633 2925 890 2978 aestimatione
907 2925 1041 2965 delicti

213 2977 434 3030 decretam)
459 2990 496 3024 v,
518 2982 541 3018 l.
570 2979 700 3031 magni
718 2980 907 3018 aestimata
924 2978 1042 3032 hujus

215 3042 334 3082 opera
359 3032 463 3079 xxiv,
481 3035 502 3072 1
530 3032 592 3085 (in
610 3032 703 3071 edd.
727 3033 833 3085 vulg.
860 3033 937 3073 Sed
965 3033 1040 3086 leg.

217 3092 293 3131 est,
310 3085 552 3138 existimata)

161 3139 276 3180 AEtas
292 3138 448 3190 puerilis
475 3152 563 3186 xxv,
582 3142 603 3179 1
634 3139 1042 3193 extremassenectus)

215 3191 319 3239 xxiv,
337 3195 377 3232 2.
396 3205 484 3238 xxv,
504 3196 557 3238 1ss
584 3199 677 3232 aetas
689 3200 865 3236 extrema
876 3194 1042 3248 impera-

214 3252 340 3287 torum
381 3245 546 3298 (ultima,
587 3251 762 3298 tempora
798 3247 923 3300 impp.
962 3249 1043 3288 sive

218 3305 372 3352 tenpus
391 3299 614 3340 ultimorum
630 3299 778 3351 impp.)
793 3300 875 3347 xiii,
892 3305 919 3341 Δ
948 3306 1042 3340 aetas

218 3352 304 3405 eju·
334 3353 480 3394 occidit
507 3353 551 3392 in
580 3365 628 3393 ea
656 3359 832 3405 tempora
866 3352 1042 3406 (tempus

215 3406 323 3454 vita,
347 3407 446 3453 vixit
471 3406 518 3451 iis
544 3405 727 3460 tempor.)
754 3405 863 3452 xviii,
883 3411 904 3447 l
947 3406 1039 3446 Sic:

216 3466 311 3504 atu
333 3466 464 3506 nostra
481 3461 572 3500 tulit
587 3462 692 3501 hunc
719 3474 809 3507 xxv,
826 3464 878 3501 12
918 3460 1042 3500 aetatis

119 3526 138 3534 “
215 3512 391 3564 ejusdem
409 3521 468 3562 est
485 3514 679 3568 (oequalis,
694 3513 772 3554 viv.
793 3514 932 3555 eodem
946 3521 1043 3554 tem·

218 3566 334 3621 porc)
377 3566 445 3615 vii,
463 3571 512 3611 u
559 3569 683 3610 aetatis
708 3582 787 3608 suae
815 3567 928 3621 primi
953 3567 996 3616 ii,
1015 3572 1037 3609 1

1916 324 1996 376 vii

1166 461 1338 506 omnium
1370 459 1664 500 formosissimus
1703 459 1769 506 vii,
1802 462 1822 500 1
1866 459 1993 505 aetatis

1165 515 1314 554 vacatio
1340 513 1572 568 (senectutis
1588 513 1810 565 immunitas
1825 525 1850 552 a
1867 512 1993 566 bello)

1165 582 1255 615 xxv,
1272 572 1297 609 7
1336 567 1442 607 aetati
1461 567 1565 606 omni
1594 566 1815 619 aptissimus
1846 565 1993 612 (homi-

1163 622 1278 660 nibus
1305 621 1510 675 cujuscum
1539 633 1587 660 ue
1625 618 1772 673 aetatis)
1818 634 1908 667 xxv,
1940 625 1993 662 16

1164 681 1282 727 aetate
1294 680 1499 727 provectus
1536 672 1673 726 senex)
1701 687 1766 720 xx,
1790 678 1816 715 4
1864 675 1993 726 proxi-

1164 741 1250 767 mus
1264 727 1381 768 alicui
1399 728 1487 782 (qui
1506 727 1601 766 vixit
1615 740 1737 779 prope
1756 728 1806 766 ad
1819 728 1996 780 tempus)

1165 781 1208 828 ii,
1225 786 1253 822 9

1111 835 1310 876 affectare
1343 834 1571 874 munditiem
1607 832 1783 887 (sectari)
1826 847 1915 881 xxv,
1942 838 1992 876 13

1165 887 1257 944 (pro
1283 901 1362 941 quo
1388 889 1529 927 ftustra
1559 887 1688 929 Ernst.
1718 886 1851 928 mallet
1875 901 1897 927 e
1923 901 1994 927 suo

1165 943 1257 983 cod.
1284 940 1498 994 adlectare)
1666 976 1669 979 ,

1113 996 1264 1040 Afferre
1293 1009 1429 1035 manus
1458 994 1576 1035 alicui
1607 994 1680 1048 (de
1709 994 1995 1042 interfectione,

1167 1049 1297 1099 caede)
1308 1063 1370 1097 xx,
1382 1053 1403 1090 1
1421 1049 1604 1103 (Petron.
1616 1053 1628 1071 ⁶
1643 1047 1823 1089 attulisse
1834 1049 1994 1089 damna-

1167 1110 1227 1142 tas
1252 1101 1439 1155 manus’).
1477 1102 1611 1142 afferre
1637 1100 1754 1142 alicui
1780 1103 1858 1142 vim
1886 1103 1996 1156 (ead.

1167 1157 1320 1210 signif.)
1339 1156 1444 1204 xviii,
1467 1160 1531 1197 12.
1546 1156 1609 1196 Sic
1626 1171 1642 1195 ι
1656 1156 1813 1196 affertur
1829 1157 1921 1197 huic
1938 1155 1996 1195 vis

1166 1225 1205 1258 x,
1227 1214 1279 1252 10
1310 1210 1469 1263 (Phrasi
1506 1210 1643 1250 eadem
1678 1209 1736 1249 usi
1771 1209 1856 1251 Cic.
1893 1209 1997 1252 Phil.

1169 1269 1233 1305 12.
1263 1271 1304 1304 et
1323 1263 1440 1303 Ovid.
1467 1263 1542 1316 Ep.
1563 1267 1629 1304 17.
1651 1276 1697 1302 ac
1715 1264 1766 1304 de
1791 1263 1886 1305 Arte
1905 1265 1997 1303 Am.

1167 1322 1206 1358 l.
1245 1317 1327 1357 vid.
1357 1317 1534 1358 nobiliss.
1564 1317 1704 1357 Heius.
1729 1313 1812 1356 not.
1838 1318 1888 1357 ad
1920 1315 1996 1356 loc.

1166 1371 1333 1423 priorem
1352 1386 1362 1410 z
1383 1377 1425 1411 et
1449 1383 1565 1413 sensu
1585 1370 1702 1424 paulo
1722 1370 1874 1411 diverso
1903 1370 1929 1410 J
1933 1385 1996 1410 us-

1167 1425 1238 1464 tin.
1252 1423 1358 1472 xviii,
1371 1428 1414 1470 7,
1432 1428 1458 1464 8
1486 1429 1497 1447 ¹
1511 1437 1591 1463 non
1611 1430 1741 1466 tamen
1764 1423 1842 1462 vim
1860 1423 1996 1466 afferre

1162 1476 1343 1533 religioni
1361 1490 1477 1517 ausus
1495 1477 1604 1530 est’).
1624 1476 1761 1516 afferre
1780 1477 1903 1517 multa
1921 1491 1992 1517 no-

1164 1529 1272 1574 vain
1291 1545 1331 1570 re
1347 1531 1501 1570 militari
1520 1530 1730 1582 (invenire,
1749 1531 1995 1584 excogitate)

1166 1584 1219 1631 xi,
1238 1589 1261 1625 1
1291 1584 1404 1624 affert
1426 1585 1509 1624 haec
1525 1598 1583 1625 res
1603 1585 1889 1625 deformitatem
1903 1585 1994 1638 (de-

1162 1639 1322 1678 formem
1361 1637 1498 1689 efficit)
1527 1638 1618 1685 xvii,
1652 1642 1679 1679 8
1719 1638 1993 1678 detrimentum

1164 1693 1219 1732 rei
1236 1691 1414 1731 familiari
1433 1706 1521 1737 xxv,
1540 1695 1567 1733 2
1587 1691 1755 1731 afferunt
1772 1693 1848 1733 hoc
1866 1692 1996 1732 nuntii

1164 1744 1388 1798 (nuntiatur
1400 1745 1498 1798 hoc)
1527 1746 1554 1793 i,
1573 1749 1598 1786 3
1642 1745 1801 1785 affertur
1827 1745 1996 1800 epistola

1163 1799 1213 1838 ab
1226 1799 1323 1846 xvi„
1339 1802 1363 1839 3

1108 1851 1279 1893 Afficere
1295 1849 1467 1905 aliquem
1495 1853 1643 1909 magnis
1660 1852 1883 1892 muneribus
1901 1852 1993 1906 (do-

1162 1905 1277 1956 nare)
1323 1907 1415 1953 xvii,
1444 1910 1468 1947 3
1513 1920 1631 1959 poena
1674 1905 1782 1952 xxiii,
1801 1910 1827 1947 8
1869 1907 1994 1957 poenis

1163 1959 1343 2012 gravibus
1372 1960 1466 2012 xvii,¹
1497 1964 1523 2002 4
1572 1959 1674 2000 affici
1704 1960 1823 1999 exilio
1851 1959 1934 2007 viii,
1966 1964 1990 2000 3

1164 2014 1296 2052 morbo
1323 2014 1468 2060 xxiii,4

1109 2065 1249 2106 Affinis
1278 2067 1358 2122 (vir
1384 2067 1550 2107 sororis:
1584 2067 1669 2107 haec
1702 2066 1806 2106 enim
1839 2067 1994 2121 propria

1154 2121 1267 2171 >vocis
1284 2120 1462 2172 acceptio
1483 2135 1492 2160 ε
1530 2134 1567 2159 ν.
1598 2120 1729 2160 Savar.
1764 2119 1815 2158 ad
1831 2119 1872 2158 h.
1892 2119 1918 2159 l.
1953 2126 1994 2160 et

1161 2180 1244 2214 not.
1259 2174 1300 2214 in
1319 2173 1456 2214 Sidon.
1470 2188 1509 2220 v,
1522 2172 1598 2228 20)
1617 2188 1680 2221 xx,
1694 2177 1718 2215 1
1747 2173 1837 2215 Ita:
1867 2173 1993 2212 affini-
2018 2218 2020 2220 r

1162 2234 1220 2266 tas
1248 2241 1286 2275 x,
1307 2232 1330 2268 1
1360 2227 1546 2268 affinitate
1558 2227 1746 2280 conjungi
1758 2239 1846 2269 cum
1860 2227 1992 2280 aliquo

1161 2280 1368 2334 (tanquam
1388 2295 1572 2335 generum
1597 2294 1687 2322 cum
1707 2278 1863 2332 socero)
1892 2281 1946 2328 iv,
1965 2285 1992 2322 2

1160 2335 1272 2387 (nam
1289 2341 1331 2375 et
1346 2335 1387 2375 bi
1407 2335 1540 2375 affines
1560 2342 1651 2374 sunt
1663 2334 1862 2383 invicem).
1897 2334 1961 2375 Sic
1987 2350 1997 2373 2

1159 2388 1385 2429 affinitatem
1414 2387 1582 2441 alicujus
1611 2389 1782 2441 deligere
1827 2402 1917 2435 xxv,
1939 2391 1991 2430 12

1159 2441 1200 2480 in
1230 2442 1457 2483 affinitatem
1475 2441 1642 2494 alicujus
1661 2442 1859 2495 pervenire
1882 2442 1990 2495 (tan-

1159 2509 1275 2547 qnam
1295 2510 1410 2535 avum
1430 2496 1558 2535 uxoris
1575 2496 1741 2548 privigni
1755 2494 1880 2546 illius)
1900 2509 1990 2541 xxv,

1160 2552 1215 2590 19
1242 2552 1292 2588 ob
1312 2549 1540 2589 affinitatem
1564 2562 1645 2587 non
1670 2561 1807 2600 expers
1827 2548 1988 2599 periculi

1181 2608 1288 2655 tanq.
1307 2600 1560 2643 consobrinus
1577 2602 1687 2643 uxori
1699 2601 1846 2653 fratris)
1859 2615 1948 2647 xxv,
1964 2606 1991 2642 2

1186 2657 1333 2696 rmabat
1358 2657 1400 2696 id
1427 2656 1509 2696 fore
1547 2655 1840 2709 (denuntiabat,
1877 2654 1991 2709 alibi)

1158 2707 1202 2755 ii,
1221 2714 1247 2751 4

1104 2760 1275 2803 Αᾱὶὶοιω
1293 2776 1352 2804 res
1378 2764 1432 2810 ix,
1449 2767 1477 2804 2
1519 2762 1567 2817 (i.
1587 2775 1622 2802 e.
1641 2762 1852 2809 inclinatae,
1886 2763 1988 2801 acci-

1159 2831 1224 2857 sae.
1239 2817 1266 2857 J
1270 2817 1384 2860 nstin.
1402 2818 1454 2865 iv,
1474 2822 1514 2864 5,
1534 2820 1559 2858 2
1580 2821 1591 2839 ‘
1607 2817 1701 2855 dum
1720 2829 1793 2863 res,
1814 2817 1989 2868 quamvis

1158 2872 1325 2919 afflictae,
1357 2872 1534 2911 nondum
1563 2876 1692 2912 tamen
1730 2870 1893 2923 perditae
1927 2871 1987 2910 fo·

1156 2925 1254 2966 rent'
1478 2962 1484 2969 ,

1102 2924 1279 3020 Afflueni
1293 2978 1503 3019 mundities
1520 2977 1758 3031 (abundans,
1773 2976 1989 3029 luxuriosa)

1154 3046 1245 3080 ην,
1261 3036 1310 3074 13
1328 3032 1418 3085 (ubi
1437 3038 1564 3072 tamen
1579 3031 1647 3072 alii
1662 3031 1811 3083 legunt,
1827 3031 1986 3070 affluen-

1157 3084 1264 3129 tiam.
1320 3086 1425 3126 Usus
1450 3099 1498 3126 ea
1523 3099 1619 3126 voce
1656 3098 1735 3123 non
1769 3084 1887 3123 semel
1919 3083 1986 3122 Ci-

1157 3154 1263 3188 cer0,
1277 3147 1323 3180 ut
1343 3154 1413 3193 pro
1432 3139 1591 3185 Archia,
1611 3152 1680 3191 pro
1700 3137 1883 3177 Cluentio
1911 3135 1986 3176 &c.

1157 3193 1308 3245 Vorst.)
1325 3194 1545 3233 affluentius
1556 3193 1684 3231 vivere
1703 3189 1987 3244 (splendidius)

1156 3261 1247 3294 xxv,
1268 3250 1319 3287 14

1102 3299 1220 3342 Afros
1238 3299 1390 3340 facilius
1408 3312 1448 3338 se
1462 3304 1729 3349 corrupturum
1742 3295 1988 3336 existimabat

1157 3353 1361 3407 Lysander
1372 3353 1614 3406 (sacerdotes
1631 3350 1657 3390 J
1659 3350 1742 3389 ovis
1756 3349 1988 3390 Hammonis

1155 3406 1198 3446 in
1211 3405 1359 3459 Libya)
1379 3406 1432 3453 vi,
1451 3410 1475 3446 3
1504 3404 1773 3445 Africanorum
1791 3404 1987 3444 fortissimi

1157 3459 1355 3501 Hamilcar
1371 3465 1412 3499 et
1424 3458 1620 3501 Hannibal
1640 3457 1718 3504 xxi,
1737 3460 1761 3498 3
1788 3458 1984 3497 Africanae

1158 3513 1420 3567 possessiones
1453 3513 1536 3553 sitae
1555 3513 1596 3552 in
1613 3510 1768 3564 Africa)
1796 3525 1883 3558 xxv,
1905 3514 1956 3550 12

1103 3567 1407 3622 Agamemnonis

1500 3567 1541 3607 lli
1593 3566 1753 3620 gloriam
1797 3564 1983 3616 consequi
2000 3579 2002 3581 >
