2306 3900
740 623 942 686 XIII.

368 789 478 830 CAP.
492 792 531 830 1.
557 788 802 841 Timotheus]
821 791 892 830 De
908 790 986 830 hoc
1003 789 1069 830 M.
1083 790 1195 830 Tull.

313 853 386 893 De
397 851 524 894 Offic.
539 863 571 893 1.
590 858 636 893 et
646 854 718 894 De
732 853 923 894 Oratore
935 866 1004 896 111.
1016 861 1061 894 et
1074 855 1197 896 alias.

313 915 496 956 Diodor.
543 916 616 958 lib.
654 927 732 957 xv.
797 917 998 969 Xenoph.
1039 917 1114 958 lib.
1153 929 1196 958 v·

312 977 473 1018 Athen.
493 989 601 1018 xm.
642 979 868 1019 Plutarch.
896 978 1046 1020 AElian.
1064 980 1119 1020 V.
1137 978 1197 1019 H.

313 1053 419 1083 xm.
452 1042 646 1084 Frontin.
664 1052 696 1084 1.
721 1054 816 1095 cap.
833 1043 912 1084 ult.
930 1048 976 1084 et
991 1042 1066 1084 lib.
1085 1055 1137 1085 11.
1156 1047 1198 1085 5.

310 1118 428 1161 supr.
447 1107 490 1147 in
511 1106 713 1149 Chabria.
755 1108 919 1150 Savaro.

369 1171 539 1212 Cononis
542 1171 679 1226 filius]
715 1172 1008 1214 Librariorum
1039 1172 1199 1227 ῥαθυμίᾳ

310 1237 356 1277 in
387 1235 534 1276 Lamb.
560 1235 751 1276 editione
779 1236 955 1278 Cimonis
981 1237 1082 1279 olim
1110 1237 1198 1278 edi-

310 1304 420 1351 tum,
439 1299 511 1352 qui
531 1299 719 1340 Cononis
740 1305 808 1341 est
826 1300 953 1343 filius.
1000 1302 1198 1343 schottus.

310 1363 377 1404 Ex
411 1363 612 1415 Thressa,
630 1370 774 1405 scorto
806 1364 981 1417 quidem
1008 1365 1197 1418 publico,

309 1427 385 1468 sed
402 1440 497 1481 quae
513 1433 667 1480 postca
679 1429 903 1481 exemplar
918 1430 1198 1471 clarissimum

309 1490 533 1531 modestiae
570 1492 721 1533 evasit.
789 1493 1012 1534 Timotheo
1052 1499 1197 1535 autem

309 1567 405 1595 cum
426 1556 578 1596 matris
598 1556 789 1597 conditio
805 1557 887 1597 sibi
907 1557 1196 1610 objiceretur:

311 1620 323 1642 ⁶
341 1616 507 1671 Atqui,'
524 1619 683 1672 inquit,
699 1619 712 1641 ‘
732 1632 812 1673 per
832 1631 925 1661 eam
947 1633 1040 1661 sum
1061 1620 1198 1662 Cono-

308 1682 375 1722 nis
391 1681 534 1724 filius!
566 1682 731 1724 Auctor
747 1681 980 1724 Athenaeus
995 1684 1074 1724 lib.
1092 1694 1198 1726 xlu.

308 1746 474 1798 Longol.
494 1747 613 1798 Mag.

365 1810 511 1851 Multis
534 1810 651 1850 auxit
676 1810 908 1863 virtutibus]
939 1811 1101 1852 Rarum
1122 1824 1196 1864 pa-

309 1876 454 1914 ternas
491 1874 676 1914 virtutes
708 1874 915 1926 aemulari,
933 1875 1197 1928 exprimere,

309 1941 440 1990 atque
471 1936 611 1977 tueri:
643 1936 902 1978 rarissimum
922 1938 974 1978 iis
994 1950 1093 1978 suas
1123 1938 1197 1978 ad-

309 1999 414 2040 dere
450 2004 496 2041 et
533 2000 707 2054 quidem
743 1999 927 2041 multas:
990 1999 1105 2055 quod
1141 2001 1197 2041 de

306 2062 530 2103 Timotheo
551 2063 686 2104 tradit
706 2064 873 2116 Nepos.
927 2064 1078 2106 Solent
1097 2063 1196 2105 alio-

308 2127 383 2180 qui
397 2126 551 2180 Ἧρώων
566 2124 687 2168 τέκνα
702 2125 864 2178 πήματα
881 2139 990 2169 esse.
1035 2128 1197 2168 Verum

306 2191 557 2232 Timotheus
574 2191 716 2232 auimo
731 2190 814 2232 sibi
827 2191 1049 2244 proposuit
1063 2191 1168 2232 illud
1183 2206 1196 2232 ε

304 2246 439 2303 Ἠμεΐς
464 2256 542 2294 τῶν
558 2252 734 2307 πατέρων
758 2253 846 2305 μέγ’
863 2253 1057 2305 ἀμείνονες
1081 2254 1196 2307 εὐχό-

306 2317 390 2368 μεθ’
421 2316 529 2360 εἶναι.
575 2319 774 2360 Justinus
811 2319 888 2360 lib.
921 2330 1036 2360 xm.
1063 2323 1106 2360 2.
1141 2319 1196 2360 de

309 2382 594 2424 Mithridate:
641 2384 653 2406 ‘
674 2382 918 2424 claritatem
947 2390 1194 2436 parentum,

309 2447 580 2488 aemulatione
615 2447 788 2488 virtutis
824 2459 1046 2499 accensus,
1064 2447 1195 2488 animi

306 2510 605 2563 magnitudine
655 2509 1016 2562 supergreditur!
1089 2509 1195 2551 Geb-

306 2574 421 2616 hard.
478 2574 606 2615 Adde
630 2574 886 2616 Juvenalem
913 2573 1006 2616 Sat.
1026 2585 1129 2616 vm.
1151 2579 1197 2615 et

306 2637 578 2690 Berneggeri
597 2638 701 2679 Not.
722 2636 777 2678 ad
796 2637 957 2679 Justin.
976 2648 1111 2679 xxxx.
1130 2639 1169 2679 l.

361 2699 572 2754 Disertus]
598 2700 751 2743 Cicero
786 2703 859 2743 De
897 2698 1023 2743 Offic.
1057 2702 1132 2744 lib.
1160 2713 1193 2744 1.

307 2765 320 2787 ‘
339 2763 575 2806 Africanus
591 2764 842 2818 eloquentia
855 2763 1090 2806 cumulavit
1105 2764 1195 2807 bel-

307 2827 434 2869 licam
462 2829 666 2881 gloriam:
697 2829 811 2883 qnod
842 2827 958 2870 idem
991 2828 1099 2871 fecit
1125 2830 1194 2870 Ti-

306 2892 502 2933 motheus
523 2892 710 2934 Cononis
730 2892 858 2943 filius,
877 2890 949 2946 qni
973 2905 1071 2934 cum
1092 2892 1195 2934 belli

306 2954 434 2995 laude
463 2967 547 2995 non
580 2953 763 2996 inferior
790 2953 944 2996 fuisset
971 2967 1097 3008 quam
1121 2967 1194 3008 pa-

308 3023 391 3067 ter,
410 3018 466 3060 ad
484 3017 769 3070 eam,1audem
786 3018 993 3059 doctrinae
1009 3024 1056 3060 et
1074 3019 1194 3072 inge-

306 3081 369 3122 nii
387 3081 565 3134 gloriam
585 3080 778 3134 adjecit.'
832 3081 958 3123 Licet
977 3082 1107 3123 etiam
1138 3094 1193 3123 ex

306 3145 533 3186 Demosth.
567 3144 778 3186 Oratione
794 3143 881 3198 περὶ
897 3147 976 3186 τῶν
995 3145 1037 3185 ἐν
1050 3145 1193 3198 Χεῤῥο-

307 3207 425 3259 νήσῳ,
455 3209 534 3250 sub
567 3214 805 3249 extremum
836 3208 1095 3261 intelligere,
1124 3209 1193 3249 Ti-

305 3274 523 3312 motheum
543 3274 818 3326 eloquentem
838 3272 968 3314 fuisse
985 3287 995 3314 ε
1025 3272 1193 3326 profert

307 3335 420 3375 enim
443 3334 732 3386 fragmentum
765 3336 978 3389 quoddam
1011 3348 1066 3377 ex
1100 3337 1192 3389 eJus

307 3396 502 3439 oratione
524 3397 578 3436 ad
598 3399 804 3450 populum
824 3398 988 3450 habita,
1017 3400 1194 3453 spiritus

307 3468 353 3502 et
371 3459 615 3501 acrimoniae
649 3461 836 3513 plenum.
881 3461 1108 3503 Postremo
1130 3464 1193 3506 M.

694 248 872 287 NOTAE
918 247 1250 289 VARIORUM
1295 248 1357 288 IN
1402 248 1759 292 QNEPo'HS

1027 626 1714 692 TIMOTHEUS.

1258 791 1421 832 Tullius
1441 792 1496 832 de
1517 792 1642 834 Orat.
1661 794 1715 834 ad
1732 793 1879 837 Quint.
1899 795 1971 837 Fr.
1982 794 2058 836 lib.
2073 807 2145 837 111.

1259 855 1427 907 scribit,
1442 856 1711 898 Timotheum
1730 858 1784 898 ab
1800 858 1991 900 Isocrate
2010 858 2143 901 fuisse

1259 917 1502 959 institutum
1535 923 1667 972 atque
1703 919 1932 962 eruditum.
1977 923 2144 974 Longol.

1258 981 1486 1023 Lambinus.

1312 1044 1568 1098 Labor-tows]
1601 1044 1823 1089 Φιλόπονος.

1314 1108 1394 1150 Rei
1423 1109 1616 1150 militaris
1642 1111 1816 1164 peritus]
1866 1112 2146 1166 Στρατηγικὸς,

1258 1173 1331 1221 τῆς
1345 1174 1558 1224 πολεμικῆς
1577 1171 1765 1227 ἔμπειρος.
1811 1176 1912 1218 Fuit
1930 1183 2147 1230 praeterea

1259 1235 1504 1277 fortunatus
1532 1249 1583 1278 ae
1613 1238 1746 1280 felix:
1777 1245 1823 1281 et
1841 1253 1944 1282 vero
1963 1242 2028 1283 ita
2045 1254 2145 1295 eog-

1260 1307 1465 1342 nomento
1501 1301 1658 1354 dictus,
1689 1309 1738 1343 ut
1773 1309 1989 1346 testantur
2022 1305 2144 1347 Plut.

1260 1363 1430 1416 Suidas,
1460 1364 1651 1406 AElianus
1684 1367 1788 1408 Var.
1819 1366 1920 1409 hist.
1948 1367 2022 1408 lib.
2041 1378 2145 1409 ¹111.

1258 1427 1448 1480 Interpr.
1467 1427 1689 1481 Aristoph.
1708 1430 1763 1470 ad
1782 1431 1898 1471 illum
1916 1432 2060 1472 locum
2071 1437 2145 1484 Χρ.

1257 1489 1437 1541 Τιμοθέου
1454 1489 1496 1531 δὲ
1514 1490 1675 1544 πύργος.
1704 1498 1799 1547 Καρ.
1820 1493 1980 1545 ἐμπέσοι
1997 1494 2049 1546 ’γέ
2065 1506 2142 1536 σοι’

1258 1557 1305 1594 et
1323 1553 1428 1594 item
1447 1555 1562 1596 alibi.
1607 1556 1788 1599 Lambin.

1317 1616 1530 1670 Olynthios
1546 1623 1586 1659 et
1604 1619 1843 1672 Byzantios]
1884 1621 2025 1672 Bello,
2057 1622 2147 1674 opi-

1259 1693 1355 1732 nor,
1385 1682 1548 1723 sociali.
1601 1683 1765 1724 Verum
1794 1685 1959 1740 nullum
1987 1685 2069 1726 hac
2087 1686 2142 1726 de

1260 1757 1306 1786 re
1328 1744 1503 1786 verbum
1522 1747 1635 1799 apud
1654 1746 1912 1800 Diodorum,
1924 1748 2040 1801 quod
2055 1749 2147 1802 qui-

1259 1809 1357 1850 dem
1377 1810 1667 1852 meminerim:
1697 1811 1779 1852 nisi
1807 1810 1922 1865 quod
1949 1811 2025 1853 lib.
2045 1823 2146 1854 xvt.

1260 1872 1427 1925 scribit,
1455 1873 1569 1915 bello
1589 1874 1753 1925 sociali,
1772 1875 1915 1928 Chios,
1940 1875 2145 1928 Rhodios,

1261 1936 1514 1989 Byzantios,
1534 1938 1663 1990 Coos,
1688 1945 1874 1981 caeteros
1908 1939 1981 1993 qui
2004 1939 2060 1981 ab
2085 1939 2146 1982 A·

1261 1999 1555 2042 theniensibus
1583 2000 1854 2053 defecerant,
1879 2002 2070 2044 Imbrum
2098 2009 2146 2044 et

1259 2063 1486 2115 Lemnum,
1516 2077 1612 2118 quae
1643 2074 1766 2106 erant
1801 2065 2145 2119 Atheniensium,

1260 2127 1468 2179 diruisse;
1505 2141 1655 2182 agrum
1691 2130 1882 2171 Samium
1915 2131 2146 2183 populatos

1259 2203 1352 2233 esse
1390 2204 1442 2231 ac
1480 2191 1738 2245 diripuisse3
1788 2194 1940 2235 urbem
1969 2194 2145 2235 Samum

1259 2252 1475 2295 obsedisse
1512 2260 1644 2307 atque
1679 2267 1980 2308 oppugnasse;
2009 2258 2144 2300 Athe-

1257 2316 1430 2356 nienses
1461 2329 1562 2357 vero
1581 2317 1763 2358 ducibus
1783 2320 2021 2373 Iphicrate,
2040 2322 2146 2363 Cha-

1259 2385 1369 2430 rete,
1413 2380 1640 2421 Timotheo
1679 2382 1935 2434 Byzantium
1977 2397 2143 2439 oppug-

1258 2454 1408 2484 nasse:
1435 2455 1529 2496 quae
1549 2443 1655 2484 nihil
1678 2444 1734 2484 ad
1765 2445 1878 2487 hunc
1911 2447 2049 2489 locum
2082 2449 2145 2489 vi-

1258 2503 1414 2545 dentur
1454 2505 1687 2557 pertinere.
1754 2507 2046 2551 Veruntamen
2077 2512 2146 2552 Ti-

1256 2567 1475 2608 motheum
1503 2568 1708 2611 adversus
1732 2570 1962 2624 Olynthios
1980 2574 2143 2616 bellum

1254 2630 1453 2683 gessisse,
1472 2631 1541 2672 vel
1567 2644 1623 2673 ex
1654 2633 1950 2677 Demosthene
1986 2649 2144 2691 cogno·

1257 2704 1381 2734 scere
1399 2693 1522 2746 licet,
1542 2693 1807 2749 Olynthiaea
1823 2710 1876 2740 11.
1896 2698 1982 2741 ibi:
2002 2701 2139 2743 Ὅλους

1254 2754 1328 2807 μὲν
1344 2755 1424 2811 γὰρ
1450 2755 1477 2807 ἦ
1504 2759 1746 2810 Μακεδονικὴ
1773 2759 2006 2814 δύναμιςκαὶ
2022 2765 2144 2818 ἀρχὴ,

1258 2825 1299 2865 ἐν
1313 2822 1386 2876 μὲν
1400 2823 1624 2878 προσθήκης
1635 2823 1740 2878 μέρει
1756 2825 1846 2866 ἐστί
1856 2842 1919 2869 τις
1928 2828 1974 2867 οὗ
1988 2828 2144 2881 σμικρὰ,

1255 2887 1337 2930 οῖον
1375 2887 1518 2943 ὑπῆρξέ
1539 2890 1626 2931 ποθ’
1651 2890 1739 2940 ὑμῖν
1762 2889 1825 2930 ἐπὶ
1847 2891 2030 2942 Τιμοθέου
2049 2892 2144 2945 πρὸς

1254 2954 1488 2996 Ὀλυνθίους.
1516 2954 1643 2995 Idem.
1698 2954 1766 2994 De
1800 2954 2018 3008 Olynthiis
2053 2967 2141 2997 me·

1253 3018 1381 3058 minit
1417 3015 1689 3069 Aristoteles,
1725 3029 1801 3058 seu
1842 3018 2029 3071 quisquis
2072 3024 2143 3061 est

1255 3085 1407 3121 auctor
1434 3079 1586 3120 OEcon.
1619 3078 1694 3120 lib.
1713 3090 1766 3121 11.
1783 3083 1854 3120 22.
1874 3085 1922 3121 ut
1939 3081 1996 3122 de
2012 3080 2141 3124 Sarno

1254 3148 1300 3183 et
1335 3143 1538 3195 Corcyra.
1589 3141 1704 3182 Item
1734 3142 2049 3185 Demosthene·
2080 3143 2142 3185 0-

1253 3206 1390 3259 lynth.
1409 3215 1463 3246 11.
1482 3204 1726 3258 ibidemque
1746 3205 1971 3258 Ulpianus.
2024 3207 2139 3247 Vide

1252 3270 1379 3310 Vitas
1423 3273 1695 3321 comparatas
1748 3274 1916 3310 nostras
1963 3268 2140 3322 Olymp.

1253 3343 1344 3373 clv.
1365 3343 1477 3373 anno
1498 3336 1538 3373 1.
1557 3337 1765 3371 extremo.
1810 3330 1962 3371 Schott.

1308 3395 1359 3436 In
1389 3409 1465 3448 qua
1500 3392 1779 3447 oppugnanda]
1837 3393 1911 3434 Sic
1942 3394 2138 3449 plerique

1255 3458 1406 3512 edunt,
1433 3458 1486 3499 ad
1506 3459 1695 3507 Samum,
1716 3468 1810 3509 quae
1829 3457 2036 3513 sequioris
2065 3470 2137 3512 ge·
