2306 3900
741 269 907 310 RERU
923 271 963 308 Μ
1007 271 1082 312 ΕΤ
1124 271 1491 313 VERBORUM.

254 401 408 429 causam
427 390 556 431 dicere
583 388 643 445 (v.
669 391 821 444 dicere)
849 393 903 443 xi,
922 397 962 432 3.
1004 394 1083 442 xix,

256 446 284 484 2
324 444 463 496 capitis
491 444 689 498 judicium
715 459 780 493 xv,
799 449 825 485 8
869 445 1080 498 periculum

255 496 364 537 adine
381 498 516 551 (vitm)
545 497 628 544 xiii,
644 502 671 540 4

200 549 453 602 Capitulatim
499 551 545 605 (κ
745 554 802 599 “r,
839 553 1081 606 summatim)

253 603 358 651 uir,
374 608 398 645 3
428 604 555 658 (Usus
572 612 613 646 et
630 606 736 647 Plin.
753 605 808 645 N.
825 605 880 647 H.
899 605 941 653 ii,
963 606 1037 658 12)

200 656 439 709 Capitolium
473 658 560 711 (arx
596 657 739 712 Rom.)
773 673 863 707 xxv,
894 664 947 702 20
993 660 1081 714 (De

252 723 301 750 eo
321 717 412 764 post
429 712 529 753 alios
546 713 695 766 prolixe
723 727 811 766 pec.
843 719 957 755 tract.
975 713 1080 756 Just.

251 762 480 817 Ryoquius)
503 808 505 810 ,
530 795 532 797 >

198 816 456 870 Cappadoces
482 819 560 867 xiv,
579 823 605 860 8
645 819 900 872 Cappadocia
914 820 1081 861 Eumeni

251 871 345 911 data
357 871 485 935 (Asiae
502 871 630 926 regio)
658 873 766 919 xviii,
786 877 812 914 2

197 922 382 976 Captiani
412 927 528 978 (gens
557 926 754 978 Asiatica)
799 927 878 974 xiv,
908 931 934 968 8
979 927 1082 981 (Ubi

251 984 381 1018 tamen
411 979 563 1019 Schott.
598 980 755 1032 legend.
794 980 956 1033 conjicit
985 982 1083 1024 Cas-

252 1031 375 1084 piani.
394 1033 564 1074 Loccen.
584 1034 770 1085 Capsiani
789 1047 813 1073 a
831 1035 962 1087 Capsa
989 1036 1082 1076 urbe

249 1084 410 1133 Africae,
442 1087 494 1127 de
522 1087 631 1140 quib.
657 1087 816 1128 Sallust.
833 1087 928 1141 Jug.
945 1093 1015 1137 89,
1033 1089 1082 1142 5)

197 1138 339 1191 Capua
353 1141 463 1192 (urbs
481 1139 729 1193 Campaniae)
757 1141 865 1188 xxiii,
883 1147 908 1182 5

197 1191 394 1233 cardones
423 1193 567 1246 (genus
586 1195 751 1233 militum
783 1196 891 1247 apud
928 1195 1082 1243 Persas,

250 1246 351 1286 male
370 1247 434 1286 vul
462 1261 487 1287 o
503 1247 718 1301 Gardates)
745 1248 826 1295 xiv,
840 1252 866 1289 8

196 1297 417 1340 Cardianus
435 1262 505 1354 {ex
527 1303 621 1342 urbe
640 1302 786 1343 Cardia
802 1303 844 1342 in
864 1302 1082 1343 Chersone-

253 1366 297 1391 so
314 1354 503 1402 Thraciae,
524 1357 574 1395 de
612 1369 692 1408 qua
709 1355 944 1408 Stephanus,
978 1356 1082 1395 Plin.

249 1406 303 1453 iv,
319 1410 384 1453 11.
413 1408 617 1451 Ptolemae.
645 1409 702 1455 iii,
723 1413 788 1450 12.
820 1415 862 1448 et
877 1409 1082 1449 Scholiast-

251 1458 454 1513 Aristoph.
469 1463 521 1505 ad
538 1461 668 1515 Aves)
687 1468 794 1502 ortus
821 1462 928 1509 xviii,
950 1466 973 1503 1

195 1512 314 1554 cares
331 1514 467 1555 Lemni
497 1515 638 1558 ineolae
662 1514 706 1570 (e
724 1515 840 1562 Caria
855 1514 963 1555 Asiae
982 1515 1082 1568 regi-

249 1580 325 1608 one
340 1568 516 1622 oriundi)
545 1569 628 1617 xiV,
649 1573 672 1610 1
703 1570 819 1611 Caria
845 1568 939 1616 xvii,
957 1573 982 1610 3

196 1620 338 1660 Carere
355 1621 472 1662 facile
491 1622 624 1675 aliqua
658 1637 698 1663 re
735 1623 839 1676 (non
870 1623 1082 1662 admodum

249 1675 468 1716 desiderare
487 1675 602 1728 rem.)
643 1676 724 1723 xix,
757 1680 779 1717 1
826 1675 916 1716 Sic:
960 1677 1085 1716 caruit

247 1729 459 1769 amicorum
502 1730 754 1770 facultatibus
789 1729 830 1768 in
863 1742 906 1769 se
935 1731 1082 1770 tuendo

247 1796 312 1829 κν,
328 1786 352 1823 3
402 1782 504 1835 (non
536 1789 598 1823 est
622 1797 726 1824 usus.
759 1796 850 1822 nam
869 1796 964 1835 opp.
992 1797 1082 1823 mox

247 1835 328 1876 fide
346 1848 438 1876 usus
466 1842 538 1880 est.
594 1837 735 1889 Neque
753 1837 871 1890 igitur
905 1842 1009 1877 recte
1028 1838 1084 1876 vir

249 1888 389 1931 doctus
425 1890 566 1931 refellit
583 1891 830 1938 Lambinum,
849 1890 918 1942 qui
952 1903 1083 1930 carere

248 1955 338 1996 exp.
358 1943 415 1986 uti
432 1945 550 1988 nolle.
604 1944 658 1986 Et
688 1957 816 1984 carere
834 1957 914 1991 non
931 1957 1084 1996 semper

248 1997 490 2037 necessitatis
507 2011 606 2045 esse,
624 1997 674 2038 τὸ
691 1998 806 2039 facile
831 1998 873 2038 in
903 1998 1082 2049 exemplo

246 2052 414 2102 praeced.
450 2051 644 2104 ostendit)
676 2052 815 2104 patria,
849 2050 922 2104 (de
946 2051 1082 2104 exule)

245 2103 325 2152 xvi,
346 2108 368 2146 1
408 2105 631 2157 suspicione
667 2107 740 2159 (de
776 2118 855 2158 quo
891 2104 1000 2147 nulla
1024 2111 1084 2145 est

246 2157 441 2211 suspicio)
466 2158 519 2206 iv,
538 2162 563 2199 3

196 2209 331 2249 Carior
347 2211 393 2250 fit
410 2211 543 2263 aliqua
561 2225 602 2252 re
630 2212 809 2252 omnibus
838 2210 1084 2252 observantia

249 2263 418 2317 alicujus
445 2279 536 2312 xxv,
571 2269 599 2307 6
643 2265 769 2305 carius
788 2265 902 2309 vnihil
939 2266 1082 2310 habere

248 2317 536 2359 existimatione
553 2332 625 2358 sua
654 2331 746 2366 xxv,
766 2322 817 2360 15
843 2318 1082 2362 carissimum

246 2371 390 2412 babere
421 2373 591 2425 aliquem
623 2371 810 2427 (maxime
827 2372 1004 2425 diligere,
1023 2377 1081 2425 tq.

246 2425 436 2476 amicum)
462 2440 551 2474 ur,
572 2429 624 2468 10

194 2477 344 2519 Caritas
381 2480 516 2532 patriae
561 2480 629 2528 vii,
662 2484 702 2521 5.
747 2482 789 2519 8.
843 2492 908 2525 xv,
937 2482 964 2520 4
1021 2478 1082 2532 (v.

245 2531 393 2572 Patria.
411 2532 622 2573 Caritatem
641 2533 696 2572 ita
713 2531 924 2583 distinguit
935 2532 1021 2572 Cic.
1040 2534 1082 2571 in

245 2586 379 2638 partit.
407 2592 504 2626 orat.
538 2590 604 2628 16.
657 2591 702 2625 ut
729 2584 881 2624 Caritas
906 2584 957 2624 sit
986 2586 1081 2624 deo-

247 2651 347 2686 rum,
374 2640 523 2691 patrias,
552 2645 772 2692 parentum,
791 2645 833 2679 et
864 2638 987 2678 Amor
1005 2639 1081 2678 sra-

249 2698 365 2741 trnm,
390 2693 620 2746 conjugum,
639 2693 860 2739 liberorum,
884 2692 1081 2735 familiari-

249 2759 328 2786 um.
383 2746 544 2799 Boecl.)

195 2798 391 2853 Carthago
420 2801 512 2848 xxii,
541 2804 567 2842 2
613 2798 728 2854 (Fuit
763 2798 929 2838 maxima
962 2799 1081 2839 totius

249 2854 352 2894 orbis
382 2861 566 2895 terrarum
596 2860 639 2894 et
667 2853 936 2906 potentissima
974 2853 1079 2900 urbs,

247 2908 462 2948 secundum
481 2908 654 2949 Suidam.
700 2906 752 2946 Et
770 2906 950 2946 habuisse
966 2906 1080 2946 initio

250 2960 352 3003 tertii
371 2961 464 3001 belli
492 2961 632 3004 Punici
660 2961 762 3000 intra
778 2973 821 3001 se
838 2960 995 3012 quidem
1024 2961 1080 3000 ci-

250 3014 357 3054 vium
372 3015 622 3068 septingenta
640 3014 772 3062 millia,
786 3012 828 3053 in
841 3014 970 3066 Libya
987 3027 1078 3053 vero

250 3074 441 3108 trecentas
456 3070 568 3109 urbes
583 3069 655 3109 sub
668 3068 818 3107 ditione
835 3081 907 3107 sua
924 3067 1079 3107 dicitur.

251 3120 435 3162 Bochart.
464 3121 609 3175 Geogr.
633 3122 737 3161 Sacr.
765 3127 864 3174 part.
882 3126 920 3163 1.
953 3121 1021 3160 lib.
1039 3125 1079 3162 4.

253 3187 341 3225 cap.
361 3178 428 3216 20.
448 3187 540 3227 pag.
559 3179 653 3216 286.
671 3181 713 3214 et
730 3180 830 3227 part.
848 3181 991 3226 poster.
1010 3174 1080 3214 lib.

253 3232 290 3269 1.
309 3240 397 3279 cap.
422 3231 491 3268 24.
519 3228 622 3267 adde
657 3227 784 3279 ejusd.
817 3233 915 3279 part.
936 3233 1079 3280 poster.

249 3294 340 3334 cap.
359 3279 447 3333 35).
478 3281 674 3332 Carthago
707 3280 876 3333 speciem
912 3280 1080 3332 duplicis

250 3334 390 3387 oppidi
418 3334 568 3381 habuit,
583 3333 612 3373 F
616 3347 645 3373 r.
664 3336 690 3374 8

201 3388 537 3440 Carthaginienses
549 3387 656 3440 apud
670 3385 902 3427 Crimessum
921 3384 1080 3425 fluvium

252 3441 455 3482 'I'imoleon
485 3442 596 3494 fugat
634 3454 699 3486 xx,
734 3443 760 3480 2
819 3439 867 3479 C.
903 3438 1081 3477 Lutatius

255 3501 411 3545 superat
436 3495 528 3543 xxii,
546 3499 567 3536 1
597 3492 933 3545 Carthaginienses
946 3505 1080 3544 pacem

1926 263 2028 318 xxi

1199 393 1351 435 faciunt
1378 407 1469 435 cum
1501 393 1708 444 Romanis,
1736 395 1833 436 ibid.
1859 396 2029 450 (confer.

1199 446 1308 495 xxiii,
1322 446 1370 501 7)
1388 448 1530 489 auxilia
1548 455 1688 502 petunt
1699 463 1723 489 a
1735 448 1926 491 Romanis
1937 452 2030 499 xxii,

1199 504 1226 542 2
1261 501 1410 553 legatos
1445 516 1535 542 cum
1553 504 1667 542 donis
1685 502 1854 547 Romam
1870 503 2032 545 mittunt

1200 553 1306 602 xxiii,
1324 559 1350 595 7
1391 555 1654 596 Hannibalem
1683 558 1842 597 domurn
1871 566 2030 607 vocant,

1198 605 1294 645 ibid.
1342 607 1680 660 Carthaginienses
1709 611 1804 658 duo,
1831 611 2032 652 Hamilcar

1198 666 1239 698 et
1251 660 1466 708 Hannibal,
1481 663 1652 702 omnium
1669 664 1816 703 barbar.
1834 665 2032 707 fortissimi

1199 713 1276 760 xiV,
1315 718 1337 754 1
1380 713 1584 767 (Ceterum
1622 716 1939 770 Carthaginensis
1975 720 2032 759 le·

1197 767 1372 819 gendum
1395 780 1446 807 an
1466 769 1827 822 Carthaginiensis?
1856 785 1895 811 v,
1916 779 2031 812 notas

1199 821 1250 860 ad
1268 820 1361 867 xxii,
1390 821 1436 873 1)

1145 873 1248 914 Casa
1265 875 1424 928 (domus
1449 875 1602 928 exigua,
1632 875 1849 929 tugurium)
1877 877 1943 925 vii,
1978 882 2030 920 10

1198 926 1266 980 (ex
1284 929 1439 968 emend.
1457 929 1668 981 Schoppii)

1145 980 1362 1021 Cassander
1379 981 1501 1036 (unus
1520 996 1542 1021 e
1570 995 1780 1022 successor.
1808 982 1926 1023 Alex.
1943 984 2030 1039 M.)

1198 1047 1341 1074 nomen
1358 1035 1505 1087 regium
1525 1035 1642 1074 sumit
1668 1036 1776 1084 xviii,
1793 1040 1843 1078 13
1890 1037 2031 1079 Mace·

1199 1087 1317 1150 donia
1334 1089 1493 1140 pellitur
1518 1089 1596 1137 xix,
1615 1093 1640 1130 3
1682 1103 1772 1130 cum
1789 1103 1837 1130 eo
1856 1092 2032 1132 sentiunt

1145 1149 1407 1236 Casssijiliimg‘s
1419 1141 1682 1249 (itiltlgrxi'ecthi'
1701 1147 1865 1238 {aesaris
1898 1199 2031 1253 floret)

1199 1262 1290 1296 xxv,
1309 1252 1334 1289 8
1362 1250 1507 1297 exulat,
1526 1250 1621 1290 ibid.
1657 1250 1790 1290 interit
1814 1265 1904 1298 xxv,
1924 1256 1975 1293 11

1145 1301 1323 1341 Castrum
1352 1303 1420 1350 vii,
1438 1306 1478 1344 9.
1507 1303 1615 1350 xviii,
1633 1308 1657 1344 5
1707 1305 1900 1357 (munitus
1918 1318 2028 1345 muro

1198 1355 1322 1396 locus.
1351 1357 1426 1396 nisi
1444 1363 1588 1408 poster.
1605 1357 1693 1397 loco
1712 1358 1789 1410 leg.
1807 1365 1868 1397 est
1894 1365 2030 1399 castra.

1197 1408 1249 1447 de
1267 1421 1346 1460 quo
1364 1423 1403 1449 V.
1431 1409 1542 1462 not.)
1570 1410 1771 1450 castellum
1803 1411 1930 1464 (exig.
1947 1425 2032 1451 cas-

1198 1467 1316 1500 trum:
1335 1462 1426 1502 vide
1445 1463 1701 1504 tamenThes.
1715 1464 1894 1517 Buchn.)
1910 1466 2032 1504 aedifi-

1198 1514 2031 1621 23253212‘32333523·2sst11202.2

1198 1622 1307 1669 xxiii,
1325 1627 1377 1664 12
1406 1624 1703 1663 munitissimum
1720 1624 1802 1672 viii,
1819 1629 1846 1665 2
1873 1626 2033 1665 castella

1199 1677 1439 1715 communire
1476 1676 1688 1730 (extruere,
1706 1684 1752 1717 ut
1769 1679 1850 1717 sint
1867 1679 2034 1719 claustra

1199 1729 1412 1780 servitutis)
1438 1730 1507 1777 vii,
1526 1735 1552 1771 7
1597 1732 1766 1771 castellis
1783 1732 1928 1772 idonea
1944 1732 2032 1773 loca

1197 1782 1227 1828 i,
1242 1786 1269 1822 2
1298 1783 1464 1823 castellis
1482 1784 1632 1823 munita
1649 1786 1755 1836 regio
1784 1786 1862 1834 xiv,
1877 1789 1904 1825 4

1145 1834 1284 1875 Castra
1301 1851 1311 1875 ε
1337 1836 1399 1890 (in
1418 1836 1473 1888 pl.
1491 1844 1588 1876 nota
1605 1839 1736 1891 signif.
1755 1839 1931 1892 militari)
1948 1853 2032 1880 cas-

1199 1895 1258 1928 tra
1275 1890 1375 1929 fiunt
1402 1890 1429 1936 i,
1449 1893 1475 1931 4
1522 1898 1648 1932 castra
1672 1892 1828 1932 nautica
1847 1892 1920 1946 (de
1951 1900 2031 1933 sta-

1201 1943 1308 1985 tione
1337 1942 1516 1995 navium)
1546 1945 1652 1992 xxiii,
1674 1949 1723 1987 11
1773 1945 1881 1997 (Liv.
1899 1961 1989 1994 xxx,
2005 1952 2032 1988 9

1199 2003 1325 2035 castra
1356 1997 1511 2036 navalia
1544 1998 1657 2038 dixit.
1712 1997 1913 2038 Gebhard.
1950 2001 2032 2039 vid.

1200 2049 1262 2089 Cl.
1279 2049 1468 2091 Scheffer.
1487 2051 1539 2090 de
1569 2051 1662 2090 Mil.
1688 2064 1784 2091 nav.
1802 2058 1880 2091 vet.
1907 2053 1963 2099 iii,
1983 2053 2032 2107 4)

1199 2109 1411 2142 castrorum
1457 2105 1702 2145 consuetudo
1738 2105 1844 2158 (scil.
1880 2106 2030 2158 ignium

1199 2156 1367 2196 faciend.
1382 2157 1434 2196 de
1449 2158 1591 2208 quibus
1605 2158 1714 2211 Lips.
1726 2158 1767 2197 in
1782 2159 1894 2199 milit.
1912 2159 2032 2199 Rom.

1197 2223 1237 2248 v.
1253 2209 1359 2264 not.)
1387 2210 1494 2257 xviii,
1510 2215 1537 2253 9
1583 2218 1712 2251 castra
1727 2212 1870 2252 habere
1889 2213 2034 2253 alicubi

1199 2264 1308 2311 xxiii,
1327 2270 1351 2305 5
1399 2263 1513 2315 juxta
1545 2265 1678 2306 hostes
1707 2265 1774 2312 vii,
1813 2270 1838 2307 8
1885 2280 2032 2320 ponere

1198 2317 1277 2365 xiv,
1297 2321 1345 2361 11
1391 2318 1435 2356 in
1465 2331 1606 2371 campo
1635 2319 1741 2365 xxiii,
1769 2325 1793 2359 5
1841 2320 1901 2360 his
1937 2321 2034 2362 locis

1198 2371 1277 2418 xiv,
1297 2375 1324 2412 6
1351 2371 1438 2410 loco
1458 2371 1602 2412 idoneo
1621 2373 1748 2412 facere
1777 2373 1805 2418 i,
1824 2378 1848 2413 5
1878 2387 2033 2414 movere

1198 2425 1277 2472 xiv,
1297 2429 1323 2465 8
1381 2425 1447 2465 Sic
1464 2439 1473 2463 ε
1503 2432 1631 2466 castra
1649 2433 1853 2466 moventur
1870 2427 2032 2479 (ἀναζυ-

1197 2480 1273 2528 ’γῆς
1285 2476 1517 2529 γενομένης)
1543 2479 1650 2526 xviii,
1667 2484 1718 2520 12
1764 2486 1890 2519 castra
1908 2481 2030 2520 alicn-

1192 2530 1260 2582 jus
1291 2532 1403 2583 sequi
1431 2532 1621 2584 (militare
1650 2532 1758 2584 apud
1776 2532 1894 2584 aliq.)
1921 2534 2027 2581 xxiv,

1199 2588 1240 2624 1.
1269 2597 1359 2632 xxv,
1396 2587 1421 2625 7
1467 2584 1509 2624 in
1545 2590 1673 2625 castra
1706 2585 1904 2636 proficisci
1941 2600 2032 2627 cum

1200 2637 1332 2690 aliquo
1361 2638 1424 2690 (in
1443 2637 1620 2679 militiam
1639 2637 1717 2689 ire)
1745 2638 1851 2685 xxiii,
1872 2643 1898 2683 2
1947 2653 2031 2681 cas-

1199 2691 1266 2730 tris
1285 2690 1342 2730 uti
1378 2690 1504 2745 (bello
1524 2704 1683 2744 operam
1700 2691 1808 2738 dare,
1839 2693 1945 2732 bello
1964 2708 2034 2734 ex-

1197 2745 1331 2792 erceri,
1350 2757 1444 2797 opp.
1465 2743 1676 2798 palaestrae)
1694 2759 1764 2791 xv,
1781 2750 1805 2786 6
1835 2746 1876 2786 in
1896 2748 2031 2788 castris

1196 2811 1281 2838 esse
1300 2811 1390 2838 cum
1413 2798 1545 2851 aliquo
1562 2798 1630 2852 (ut
1662 2798 1796 2846 modo,
1829 2807 1957 2841 castra
1970 2814 2031 2841 se-

1196 2850 1287 2904 qui)
1316 2852 1422 2899 xxiii,
1443 2856 1493 2893 13

1145 2906 1290 2947 Casum
1309 2905 1477 2958 alicujus
1505 2905 1717 2958 lacrymare
1736 2903 1936 2959 (acerbam
1953 2907 2031 2948 for-

1198 2959 1354 3011 tunam)
1395 2959 1462 3007 vii,
1495 2963 1521 2999 6
1549 2959 1646 3012 (nisi
1678 2959 1756 3011 leg.
1786 2959 1902 3013 casu)
1936 2974 2029 3001 casu

1196 3013 1354 3059 accidit,
1372 3019 1416 3052 ut
1433 3012 1538 3059 xxiii,
1554 3017 1605 3053 12
1623 3012 1712 3066 (ubi
1723 3012 1772 3053 τὸ
1784 3026 1874 3054 casu
1895 3014 2031 3056 Lamb.

1197 3079 1395 3119 perperam
1411 3066 1646 3118 superfluum
1658 3066 1793 3118 putat)
1806 3079 1897 3106 casu
1910 3068 2030 3106 alicu·

1191 3120 1260 3173 jus
1278 3120 1461 3159 retardari
1487 3121 1618 3172 (caede
1631 3120 1672 3159 in
1691 3120 1824 3171 praelio
1840 3120 2033 3160 lethaliter

1197 3172 1413 3225 vulnerati)
1440 3186 1503 3219 xv,
1522 3177 1548 3213 9
1567 3186 1615 3212 ex
1632 3185 1725 3213 casu
1745 3171 1910 3223 alicujus
1927 3173 2031 3216 fruo-

1199 3232 1281 3265 tum
1326 3226 1449 3266 oculis
1494 3238 1633 3277 capere
1671 3225 1904 3277 (infortunio
1921 3241 1934 3276 3
1978 3228 2030 3267 de

1196 3278 1375 3330 captivo)
1402 3277 1510 3324 xviii,
1532 3282 1579 3319 11
1611 3290 1702 3316 casu
1723 3277 1830 3318 locus
1849 3279 2030 3322 incensus

1220 3332 1318 3372 sorte
1353 3329 1528 3383 fortuna)
1556 3330 1584 3377 i,
1616 3334 1639 3371 7
1687 3343 1800 3372 caus
1835 3333 2028 3374 mirabiles

1197 3332 1381 3438 {eventus
1425 3384 1683 3424 memorabilis
1730 3385 2030 3439 observationis)

1198 3452 1245 3476 xx
1263 3443 1301 3484 ,5
1320 3450 1432 3477 casus
1446 3437 1626 3479 adversos
1642 3438 1876 3486 hominibus,
1891 3453 2027 3481 secun·

1200 3492 1270 3531 dos
1290 3492 1454 3531 sortunae
1481 3504 1559 3531 suae
1589 3492 1763 3532 tribuunt
1795 3506 1902 3544 reges
1950 3494 2028 3540 xiv,
