2326 3944
345 236 455 293 478

342 367 417 425 'gat
437 371 607 424 Nepos,
628 371 848 413 Cimonem
864 370 1030 412 villicos
1049 371 1163 423 agris
1184 374 1231 412 et

341 435 454 476 villis
472 433 739 487 imposuisse,
772 434 850 475 sed
877 439 1012 487 negat
1033 434 1230 476 custodes

338 498 608 551 apposuisse.
638 497 819 539 Lambin.

397 561 552 606 Quibus
569 560 704 611 vellet]
732 559 930 613 Amplius
961 560 1115 613 scripti
1144 560 1227 601 Co-

337 624 473 674 dices,
514 625 668 671 Quibus
695 624 855 679 quisque
884 624 1012 666 vellet.
1060 625 1233 696 Schott.

334 689 406 729 Sic
426 689 626 730 Danielis
645 694 691 730 et
704 690 915 731 Boecleri.

392 750 556 803 Semper
585 763 672 792 eam
694 752 917 804 pedissequi
945 763 1033 791 cum
1058 752 1227 792 nummis

333 818 424 855 sant
438 814 584 868 secut-i]
610 813 723 855 Vide
743 813 795 855 de
812 815 892 855 boc
907 826 1063 866 genere
1081 827 1223 855 servo·

332 888 426 917 rum
448 877 714 930 Pignorium.
738 878 918 919 Boecler.
975 877 1137 918 Athen.
1150 879 1224 920 lib

332 938 421 982 ΧΠ.
450 939 527 980 Καὶ
559 939 760 994 λέγουσιν,
780 941 831 983 ὣς
848 939 1057 994 περιήγετο
1074 939 1147 991 μὲν
1162 940 1226 988 ἀεὶ

331 1003 554 1044 νεανίσκους
574 1003 641 1044 δύο
670 1004 696 1053 ἢ
712 1006 819 1058 τρεῖς
841 1004 1008 1056 ἕχοντσῐς
1038 1004 1222 1058 κέρματα·

330 1066 486 1108 τούτοις
506 1066 548 1108 δὲ
566 1066 708 1108 διδόναι
731 1066 1015 1120 προσέταττεν,
1031 1067 1151 1109 ὁπότε
1163 1081 1224 1110 τις

329 1129 541 1184 προσέλθοι
570 1133 689 1172 αὐτοῦ
721 1132 910 1183 δεόμενος.
978 1131 1051 1174 De
1084 1134 1222 1174 Cimo-

329 1195 395 1234 nis
415 1195 692 1248 liberalitate,
719 1197 868 1237 eadem
897 1197 1157 1238 Plutarchus
1177 1198 1220 1238 in

329 1253 519 1299 Pericle.
575 1259 690 1299 Nam
709 1264 754 1300 et
771 1260 839 1301 hic
860 1272 945 1300 non
970 1260 1107 1301 minus
1129 1273 1221 1301 sua·

329 1331 425 1360 rum
453 1333 595 1362 rerum
613 1321 814 1374 profusus
845 1324 1003 1375 populo
1026 1324 1219 1376 largitor.

329 1384 505 1426 Clarum
522 1390 588 1426 est
607 1385 660 1427 de
681 1387 858 1429 Cimone
878 1389 995 1441 loqui
1010 1387 1219 1429 Athenae-

326 1459 416 1498 um,
437 1460 535 1489 cum
572 1450 738 1503 scribit,
749 1451 813 1491 καὶ
827 1450 1015 1502 λέγουσιν
1026 1453 1076 1494 ὡς
1089 1451 1217 1505 περιή-

324 1524 424 1560 ‘yet-o
440 1509 514 1561 μὲν
531 1511 753 1555 νεανίσκους
783 1513 850 1555 δύο
868 1514 895 1563 ἢ
911 1517 1030 1568 τρεῖς.
1085 1517 1217 1557 Errat

325 1574 461 1626 igitur
480 1575 646 1617 Auctor
677 1579 884 1630 Excerpt.
903 1583 949 1619 et
966 1578 1215 1619 Eustathius

325 1640 425 1678 eum
445 1635 631 1692 secutus,
664 1640 738 1694 qui
773 1637 829 1680 de
860 1641 1215 1682 Pisistrato'haec

327 1699 564 1753 accipiunt,
583 1708 737 1743 contra
754 1703 1067 1756 apertissimam
1082 1703 1215 1744 Athe-

324 1763 411 1804 naei
437 1765 746 1818 narrationem,
779 1772 826 1807 et
844 1768 982 1808 Probi
1001 1768 1044 1808 in
1075 1768 1215 1809 Cimo-

322 1827 391 1872 nis
412 1826 519 1880 vita,
554 1829 628 1881 qui
659 1830 780 1882 quasi
800 1830 855 1870 ad
884 1831 1062 1872 verbum
1080 1832 1216 1872 Theo-

325 1891 473 1942 pompi
510 1895 646 1932 totum
676 1893 818 1933 locum
851 1894 998 1934 vertit.
1048 1895 1214 1935 Casaub

325 1951 427 1992 Non
443 1952 651 1995 dissimile
665 1960 732 1995 est
750 1955 864 2008 quod
885 1956 940 1997 de
960 1957 1012 1997 L.
1022 1956 1066 1997 vN
1075 1959 1214 1998 eratio

320 2010 470 2056 'narrat
490 2015 658 2056 Gellius
678 2027 758 2059 xx,
780 2022 820 2059 1.

380 2079 443 2118 Ne
474 2079 694 2132 differendo
721 2082 922 2123 videretur·
957 2083 1122 2136 negare]
1151 2082 1215 2124 Ὠ-

320 2143 422 2181 κεῖαι
439 2140 600 2194 χάριτες
618 2145 918 2198 γλυκερώτεραι·
941 2145 989 2194 ἣν
1007 2146 1049 2189 δὲ
1070 2145 1213 2200 βραδέα

320 2219 404 2257 νῃς,
416 2206 533 2246 Πᾶσα
545 2204 660 2259 χάρις
669 2208 795 2257 κενεὴ,
805 2208 903 2260 μηδὲ
915 2209 1077 2261 λέγοιτο
1085 2209 1212 2263 χάρις.

320 2269 374 2310 Ρ.
387 2270 519 2322 Syrus
536 2283 547 2310 ε
569 2273 580 2294 ‘
594 2272 861 2315 Beneficium
875 2275 940 2315 bis
957 2276 1031 2316 dat
1045 2278 1118 2329 qui
1135 2278 1212 2318 dat

319 2333 550 2375 celeriter.’
604 2335 844 2379 Ausonius:
892 2339 904 2361 ‘
921 2339 1075 2380 Gratia
1112 2352 1209 2392 quae

319 2396 449 2437 tarda
468 2402 536 2438 est
554 2397 724 2450 ingrata
744 2405 812 2440 est
832 2402 994 2452 gratia3
1025 2413 1210 2455 namque

319 2458 428 2501 Quae
459 2458 554 2500 fieri
587 2468 792 2514 properat
820 2463 956 2514 gratia
977 2470 1101 2516 grata
1124 2477 1209 2504 ma-

323 2519 419 2574 gis?
451 2522 653 2565 Gebhard.

348 2607 351 2611 ·
374 2585 477 2626 Cum
513 2587 680 2639 aliquem
716 2588 905 2640 offensum
927 2589 1115 2643 fortuna,
1148 2593 1207 2632 vi·

315 2649 447 2701 deret]
474 2649 706 2690 Lambinus
725 2651 805 2692 hoc
820 2654 1017 2705 exponit,
1037 2655 1108 2694 cui
1121 2654 1208 2695 for-

317 2716 421 2752 tuna
439 2719 555 2754 esset
571 2713 733 2767 iniqua,
747 2715 874 2766 irata,
889 2723 1019 2770 atque
1034 2716 1206 2761 offensa.

319 2774 446 2818 Quod
479 2787 578 2816 cum
617 2777 717 2817 mihi
747 2777 934 2819 insolens
971 2779 1208 2834 videretur,

316 2849 398 2878 nec
434 2837 694 2892 dubitarem,
735 2839 942 2882 offensum
978 2842 1048 2883 hic
1092 2843 1205 2885 idem

316 2913 424 2950 esse,
441 2903 556 2955 quod
577 2905 748 2945 obviam
767 2905 945 2958 factum,
961 2913 1207 2960 repertum;

316 2964 382 3005 cl.
415 2965 733 3008 Freinshemius
761 2970 1030 3013 confirmavit
1065 2984 1205 3014 meam

317 3029 589 3082 sententiam,
621 3031 922 3086 indubiamque
952 3034 1045 3075 fore
1078 3036 1204 3088 dixit,

316 3089 415 3131 siin
435 3092 579 3145 aliquo
599 3094 751 3135 codice
773 3094 885 3144 sorte
904 3097 1070 3146 sor-tana
1090 3100 1203 3151 lege-

314 3160 450 3208 retur,
469 3156 582 3209 quod
603 3162 647 3197 et
668 3158 888 3200 absorberi
907 3159 1033 3202 facile
1054 3167 1203 3214 potue-

315 3219 374 3260 rit
390 3233 416 3260 a
433 3223 629 3273 sequenti
651 3221 874 3265 vocabulo.
904 3226 1128 3266 Boeclerus.

370 3284 396 3321 2
426 3283 566 3323 Minus
600 3285 693 3326 bene
729 3287 934 3339 uestitum]
966 3289 1204 3341 Theopom-

313 3351 418 3394 pus:
451 3348 586 3386 Κακῶς
601 3347 876 3402 ἠμφιεσμένον,
890 3351 990 3391 male
1002 3353 1200 3393 vestitam.

314 3404 577 3449 Plutarchus
598 3412 744 3461 paullo
773 3412 914 3466 aliter,
943 3414 1202 3467 ἠμφιεσμένος

730 240 1285 293 Νοτωὲ-νΑιιιοιωΜ
1332 253 1392 292 {N
1426 254 1488 292 c.
1528 254 1791 294 NEPOTIS

1292 371 1441 423 ἐνδεῶς,
1470 371 1514 412 id
1548 379 1630 422 est,
1659 384 1799 425 parum
1829 375 1993 428 copiose,
2012 387 2106 427 seu,
2125 379 2176 416 ut

1289 435 1353 475 ita
1371 434 1527 486 dicam,
1545 440 1703 486 egenter
1719 437 1900 478 vestitas.
1928 437 2176 486 Lambinus.

1347 498 1472 539 Suam
1491 499 1702 540 amiculum
1719 500 1848 551 dedit]
1877 499 2081 552 Gymnici
2097 512 2175 544 ex·

1295 562 1459 613 emplar
1496 568 1696 614 corrupte
1740 562 1976 603 amniculum
2023 561 2174 605 babet.

1288 623 1471 674 Magius.
1509 624 1835 677 Theopompus:
1865 622 2040 666 κελεύειν
2057 622 2177 666 αὐτὸν

1286 685 1638 738 μεταμφιέννυσθαι
1655 691 1735 728 τῶν
1757 687 1967 730 νεανίσκων
1993 687 2174 736 τινὰτῶν

1287 748 1678 792 συνακολουθούντων·
1718 752 1836 802 αὐτῷ.
1917 752 2174 792 Plutarchus

1287 811 1381 852 fere
1396 814 1471 865 sic,
1484 822 1533 854 ut
1550 815 1720 866 Nepos:
1753 815 1976 866 διημείβετο
1992 814 2087 868 πρὸς
2107 814 2175 856 αὗ-

1286 873 1356 915 τὸν
1372 875 1425 915 τὰ
1446 875 1594 925 ἱμάτια.
1621 878 1850 920 Lambinus.

1346 939 1402 979 Ut
1429 952 1522 992 quos
1547 945 1770 981 convocatos
1792 941 1975 993 uidisset]
2005 904 2174 982 Lambi-

1286 1013 1366 1041 nus
1385 1015 1460 1042 mm
1482 1007 1648 1043 vocatos.
1705 1004 1886 1045 Rectius
1903 1005 2174 1078 Schioppius‚

1286 1065 1339 1106 P.
1356 1066 1533 1118 Daniel,
1559 1067 1738 1116 savaro,
1765 1079 1816 1108 ac
1845 1068 2079 1110 Schottm
2063 1080 2173 1109 saco·
2223 1097 2226 1100 -

1285 1134 1405 1171 catos.
1459 1130 1664 1171 Barthius
1689 1130 1925 1173 Adversar.
1935 1130 2016 1172 lib.
2038 1141 2173 1173 xxrv.

1286 1196 1350 1233 18.
1371 1193 1492 1244 legit,
1510 1198 1555 1233 ut
1573 1206 1812 1246 quoscumque
1828 1194 2026 1236 invocatos
2051 1194 2172 1235 vidia—

1282 1263 1356 1299 εει.
1412 1261 1492 1299 Est
1509 1265 1651 1300 autem
1671 1259 1888 1311 invocatus,
1911 1259 2099 1312 ἄκλητος,
2116 1259 2172 1300 ad

1285 1323 1434 1373 epulas
1451 1334 1538 1362 non
1570 1322 1791 1363 invitatus.
1849 1323 1950 1364 Fuit
1981 1321 2171 1363 Cimonis

1283 1386 1422 1426 animo
1451 1386 1706 1438 parGelliae
1740 1385 2033 1438 Agrigentini,
2050 1384 2173 1436 cuju·

1283 1449 1432 1489 domus
1452 1449 1646 1502 quaedam
1674 1448 1979 1490 munificentia:
1999 1447 2172 1489 officina

1280 1512 1553 1555 credebatur.
1608 1511 1750 1553 Valer.
1784 1513 1907 1554 Max.
1938 1512 2106 1553 libav.
2127 1514 2170 1553 8.

1280 1587 1377 1627 quae
1411 1575 1697 1628 comparanda
1715 1587 1812 1616 cum
1844 1574 1988 1616 verbis
2022 1575 2170 1627 Nepo-

1280 1638 1352 1690 tis.
1407 1640 1505 1690 Vel,
1524 1639 1594 1680 cui
1607 1639 1793 1679 nondum
1813 1639 1956 1679 vocari
1971 1638 2170 1691 contigit.

1276 1701 1507 1743 Terentius
1551 1703 1783 1743 Eunucho:
1827 1703 1841 1725 ⁴
1862 1701 2074 1742 Invocato
2120 1706 2170 1742 ut

1278 1765 1336 1806 sit
1373 1766 1492 1806 locus
1539 1765 1744 1817 semper!
1796 1760 2008 1806 Gebhard.
2066 1765 2168 1806 vid.

1277 1826 1438 1868 Athen.
1471 1827 1546 1869 lib.
1579 1838 1666 1870 xn.
1698 1827 1844 1881 ibique
1874 1827 2168 1869 doctissimum

1279 1890 1519 1931 Casaubon.

1337 1955 1482 1994 Omnes
1495 1954 1716 2006 devocaret]
1738 1954 1926 1995 Omnino
1940 1953 2082 1994 malim
2095 1930 2166 1995 hic

1279 2016 1386 2067 legi,
1438 2020 1680 2069 convocaret,
1723 2023 1798 2057 aut
1837 2022 1959 2057 certe
1997 2021 2167 2057 vocaret.

1278 2078 1478 2119 Lambin.

1341 2142 1457 2187 Quod
1478 2140 1616 2190 facere
1634 2143 1783 2182 nauum
1809 2142 1912 2182 diem
1926 2143 2168 2194 praetermit-

1274 2204 1402 2256 tebat]
1430 2204 1501 2245 Sic
1521 2205 1804 2246 Plutarchus:
1834 2204 1912 2245 Καὶ
1941 2207 2095 2246 δεῖπνον
2109 2206 2165 2246 οϊ-

1274 2276 1334 2309 κοι
1350 2269 1442 2321 παρ’
1462 2268 1565 2320 αὐτῷ
1592 2268 1705 2310 λιτὸν
1728 2268 1815 2321 μὲν,
1845 2269 1985 2323 ἀρκοῦν
2003 2269 2046 2311 δὲ
2063 2278 2164 2312 πολ-

1272 2334 1373 2384 λοΐς,
1392 2333 1559 2374 ἐποιεῖτο
1571 2333 1657 2374 καθ’
1677 2332 1835 2387 ἡμέραν.
1877 2335 1950 2376 Sic
1965 2340 2010 2376 et
2021 2336 2059 2376 Τ
2061 2336 2162 2377 heo-

1273 2408 1455 2448 pompus
1487 2397 1601 2449 apud
1630 2396 1886 2438 Athenaeum
1919 2398 2018 2439 eod.
2052 2399 2166 2441 loco.

1272 2457 1359 2498 Sed
1399 2459 1700 2500 existimabam
1738 2460 1984 2513 aliquando,
2018 2473 2168 2517 neque

1271 2532 1386 2561 nunc
1423 2522 1550 2561 aliter
1597 2524 1751 2573 sentio,
1797 2523 2028 2575 legendum
2065 2536 2161 2565 esse

1273 2583 1388 2635 apud
1423 2584 1686 2635 Cornelium,
1717 2587 1817 2638 quod
1842 2585 1980 2634 facere
2011 2589 2160 2628 nullum

1270 2647 1375 2687 diem
1398 2647 1698 2689 intermittebat.
1756 2650 1824 2690 Sic
1848 2649 1959 2690 enim
1979 2650 2157 2704 loquun-

1271 2717 1343 2753 tur
1375 2712 1520 2754 Latini
1554 2714 1712 2765 potius.
1742 2714 1867 2754 Idem.
1921 2715 1982 2754 Et
2012 2714 2075 2755 sic
2099 2714 2162 2755 lo·

1270 2788 1367 2817 cum
1399 2778 1661 2818 contaminat
1681 2778 1928 2821 Lambinus.
1959 2778 2157 2820 Gebhard.
2200 2783 2202 2785 ’

1328 2841 1410 2887 Qui
1442 2843 1544 2882 unde
1575 2841 1828 2894 efferrentur,
1865 2855 1942 2883 non
1975 2843 2158 2895 reliquis·

1268 2904 1373 2956 sent]
1401 2905 1542 2958 Supra
1561 2906 1615 2945 de
1634 2905 1841 2957 Aristide,
1867 2906 1910 2945 in
1932 2908 2021 2958 eJus
2037 2907 2127 2947 vita
2140 2919 2155 2948 z

1268 2968 1280 2989 ‘
1296 2968 1341 3008 in
1361 2973 1484 3008 tanta
1503 2974 1757 3020 paupertate
1777 2969 1980 3019 decessit,
1999 2974 2063 3020 ut,
2080 2969 2155 3022 qui

1268 3026 1515 3080 efferretur,
1532 3031 1604 3070 vix
1626 3030 1876 3082 reliquerit.'
1914 3030 2152 3073 Athenaens

1268 3093 1421 3133 eodem
1446 3094 1543 3132 loco
1570 3104 1623 3131 ex
1654 3092 1963 3146 Theopompo:
1995 3094 2156 3148 Καίφω-

1266 3168 1307 3195 σι
1337 3154 1410 3205 μὲν
1452 3155 1570 3195 αὐτὸν
1603 3155 1668 3195 καὶ
1699 3155 1752 3197 εἷς
1786 3157 1917 3209 ταφὴν
1952 3157 2154 3212 εἰσφέρειν.

1265 3217 1446 3259 Lambin.
1479 3218 1685 3259 Solebant
1704 3221 1816 3260 enim
1832 3223 1987 3262 mortui
2005 3221 2154 3264 efferri

1264 3281 1564 3322 honestissima
1584 3288 1719 3323 veste.
1747 3284 1991 3326 Juvenalis:
2015 3285 2152 3326 ‘Pars

1264 3356 1419 3396 magna
1437 3344 1579 3386 Italiae
1614 3352 1696 3397 est,
1725 3347 1760 3386 si
1790 3359 1937 3388 verum
1956 3347 2150 3389 admitti-

1263 3421 1373 3463 mus,
1391 3409 1435 3450 in
1468 3422 1552 3465 qua
1585 3410 1725 3452 Nemo
1757 3414 1901 3464 togam
1922 3412 2052 3454 sumit
2071 3411 2152 3454 nisi
