2326 3944
701 234 783 274 ιν.
846 231 1241 283 ΡΑυεΑΝιΑΜ,
1281 231 1416 271 aar.
1451 217 1503 274 3.

196 351 427 396 sustinpr.
464 355 507 394 3.
548 351 683 392 ‘Cum
722 351 894 392 admitti
924 363 1080 401 magna

196 414 432 457 ambitione
478 425 595 466 aegre
640 413 928 455 obtinuisset.'
999 414 1080 453 Est

197 489 305 519 vero
337 477 638 520 admissionum
685 475 916 517 difficultas
957 475 1079 517 fami-

195 542 304 583 liare
353 542 480 583 celsae
519 540 727 593 potestati
765 540 928 581 vitium.
989 541 1079 580 Liv.

197 615 328 648 xxxv.
348 609 389 649 5.
431 605 576 646 Tacit.
608 602 722 645 Ann.
754 615 816 645 w.
842 607 910 644 74.
940 602 995 643 de
1026 614 1079 643 eo

197 670 430 725 capiendus
447 670 498 710 P.
513 669 611 721 Syri
632 669 782 710 mimus
799 683 811 709 ε
827 669 840 690 ‘
859 668 957 708 Non
971 680 1080 707 sem-

194 743 278 786 per
313 742 460 774 aurem
489 731 661 772 facilem
696 731 827 772 habet
861 730 1079 771 felicitas.’

199 796 365 840 eontra
385 795 561 838 Curtius
581 806 645 836 xx.
663 798 730 835 45.
751 794 805 834 de
824 794 1081 835 Ptolemaeo.

201 856 404 899 Gebhard.
432 856 486 897 In
500 857 582 897 hoc
603 858 843 909 vituperat,
861 857 976 909 quod
995 857 1084 896 lau-

197 919 315 961 davit
342 920 388 960 In
407 919 636 972 Miltiade,
667 918 879 961 Alcibiad.
901 924 948 960 et
970 917 1083 959 Atti-

202 995 270 1036 co,
286 983 451 1036 Nepos.
481 982 644 1023 Sauara.

254 1046 443 1097 oolam]
492 1046 593 1086 Non
615 1045 818 1087 recordor
837 1046 939 1086 mihi
957 1046 1082 1099 hujus

199 1109 284 1150 loci
303 1120 459 1149 nomen
481 1109 582 1148 alibi
601 1109 854 1149 occurrisse.
885 1109 1014 1152 Gebh.

253 1171 306 1212 In
321 1184 418 1222 agro
438 1171 605 1223 Troade]
626 1172 714 1211 Pro
731 1172 776 1211 in
789 1184 886 1222 agro
905 1171 1084 1213 Troadis.

200 1234 426 1283 Quomodo
454 1234 499 1275 in
531 1234 640 1275 Mss.
696 1235 810 1274 Nam
838 1234 972 1274 Troas
1005 1247 1084 1288 pro

199 1297 378 1350 regione
418 1297 487 1336 vel
519 1309 624 1348 agro
655 1296 850 1339 Troadis.
941 1297 1085 1340 Quan-

184 1372 330 1414 ⁴(luam
345 1365 396 1401 ⁴et
415 1362 600 1401 alterum
617 1372 703 1400 non
721 1359 891 1400 omnino
911 1372 1085 1413 respue-

205 1422 305 1464 rim.
326 1423 537 1466 ⁴Kenchen.

257 1487 359 1527 cum
391 1487 542 1540 scytala
576 1487 786 1540 miserunt]
824 1486 954 1527 Ἀλλὰ
990 1485 1086 1538 πέμ.-

200 1554 344 1602 ψαντες
370 1550 530 1604 κήρυκά
547 1550 584 1591 οἶ
615 1549 746 1604 ἔφοροι
777 1550 842 1591 καὶ
868 1550 1085 1601 σκυτάλην.

201 1615 394 1668 uucyd.
412 1615 541 1659 Quod
561 1615 788 1656 confirmat
800 1617 1086 1666 Plutarchns;

204 1679 388 1733 qui'per
419 1692 643 1732 praecones
678 1685 723 1720 et
753 1679 797 1720 id
826 1692 961 1732 genus
981 1693 1093 1724 nun-.

206 1742 295 1783 cio·
312 1741 442 1783 hasce
468 1742 616 1783 literas
647 1742 764 1783 mitti
797 1743 1088 1795 consuevisse,

207 1803 490 1845 demonstrat.
561 1804 649 1846 Sed
683 1805 794 1845 mira
837 1806 932 1846 heic
980 1807 1088 1848 Mss.

208 1867 419 1909 Codicum
448 1867 750 1908 inconstantia.
810 1868 973 1921 Scripti
1007 1869 1090 1910 Ve-

207 1932 315 1982 neti,
329 1943 436 1984 quos
458 1937 631 1972 secutus
650 1932 694 1972 in
709 1932 990 1974 Collectaneis
1004 1935 1090 1975 suis

206 1995 302 2038 Jac-
333 1994 659 2046 Constantinus,
691 2007 778 2036 cum
807 1996 1090 2049 lanalegnnt.

210 2058 319 2102 Qnae
338 2058 555 2111 scriptura
574 2071 671 2099 cum
691 2059 757 2111 iis,
777 2071 871 2111 quae
898 2071 924 2099 a
943 2059 1091 2101 Probo

210 2121 466 2174 subduntur,
481 2122 743 2175 nullopacto
762 2121 966 2164 cohaeret.
1021 2124 1092 2163 In·

211 2185 308 2238 quit
340 2185 481 2225 enim:
510 2185 591 2226 ‘In
622 2197 722 2238 qua,
756 2197 875 2226 more
907 2186 1092 2238 illorum,

211 2252 308 2288 erat
326 2248 535 2300 scriptum
555 2247 583 2288 :’
615 2248 688 2289 ubi
708 2248 922 2300 significat
935 2249 1093 2290 innuit-

211 2326 294 2368 que
307 2313 524 2367 Scytalam
548 2314 815 2355 Laconicam.
859 2314 999 2362 Scribi
1020 2327 1094 2356 au-

213 2383 302 2422 tem
320 2377 365 2418 in
383 2377 492 2418 lanis
511 2389 596 2417 non
618 2381 779 2429 potest,
797 2381 842 2417 et
858 2377 939 2418 hoc
959 2378 1094 2418 Lace-

213 2440 448 2482 daemonios
485 2441 642 2483 aliosve
678 2438 850 2492 fecisse,
885 2453 1094 2494 nusquam

213 2508 396 2547 constat.
414 2504 531 2555 Mag.
586 2502 648 2544 At
666 2501 833 2555 σφάλμα
850 2504 931 2544 hoc
949 2516 1094 2544 mana·

212 2567 280 2608 vit
313 2578 370 2607 ex
401 2568 505 2619 lava,
542 2578 640 2619 quae
679 2567 920 2619 supplicum
955 2567 1095 2619 potius

214 2635 309 2672 ent
326 2630 508 2682 insigne,
526 2636 576 2671 ut
595 2631 728 2671 taenia
739 2642 791 2670 ac
808 2630 1002 2670 lemnisci
1023 2643 1098 2670 exa

214 2694 351 2734 ulum.
378 2693 532 2733 Schott.
599 2692 714 2733 Vide
732 2694 849 2734 Fest.
871 2705 916 2734 x.
944 2694 1098 2734 Varro·

217 2769 316 2798 nem
333 2757 389 2798 de
420 2757 585 2808 Lingua
617 2757 773 2798 Latina
806 2768 869 2798 vx.
905 2762 951 2798 et
975 2757 1096 2797 alios.

219 2820 307 2862 Alii
326 2821 457 2861 lancea
475 2822 638 2872 legunt.
670 2822 804 2861 Coton.
823 2822 1006 2862 Palatin-
1024 2823 1098 2862 Al-

218 2884 301 2927 din.
359 2883 587 2924 Assentiar
604 2883 660 2924 P.
680 2882 854 2923 Danieli
867 2884 1098 2924 lectionem

216 2960 303 2992 cum
321 2949 428 2988 clava
447 2947 685 2987 asserenti?
738 2946 801 2987 At
820 2947 982 2999 *Nepos
1015 2958 1097 2987 uon

216 3011 418 3054 abhorret
436 3011 602 3051 Graecis
618 3008 853 3060 vocabulis,
869 3021 964 3062 quae
983 3021 1098 3050 com-

216 3074 344 3116 mode
376 3073 542 3115 Latinis
586 3073 744 3113 mutari
781 3085 866 3114 non
905 3075 1097 3127 possunt.

216 3136 290 3178 stc
308 3135 532 3189 Iphicrate
561 3147 645 3175 non
667 3134 832 3188 refugit
849 3148 1022 3188 moeram,
1051 3142 1098 3177 et

218 3198 337 3250 alibi,
357 3198 524 3251 Ephori,
553 3197 855 3250 Ostracismum,
874 3203 978 3251 astu,
993 3204 1096 3240 acea.

220 3261 362 3303 Latini
417 3261 678 3314 antiquiores
741 3273 824 3301 non
888 3260 1098 3302 fastidiosi

219 3331 345 3367 erant
376 3327 429 3367 in.
449 3325 681 3366 retinendis
700 3325 882 3366 Graecis.
936 3326 1009 3366 Sic
1028 3327 1098 3366 Li-

219 3389 312 3430 vius
346 3389 459 3430 dixit
496 3388 635 3430 Pelion
669 3389 807 3439 ocrim,
852 3387 906 3428 de
944 3389 1099 3442 quibus

219 3451 319 3494 vide
340 3453 545 3494 Nonium.
599 3452 799 3501 Formam
819 3453 1007 3506 Scytalae
1024 3451 1099 3493 de·

327 3518 472 3573 Delph.
491 3523 530 3560 et
551 3519 646 3563 Var.
669 3519 777 3563 ctas.

1089 3521 1192 3573 Nep.

1921 214 2033 269 466

1143 349 1327 402 pingunt
1347 347 1571 389 Plutarch.
1590 347 1634 387 in
1651 346 1890 400 Lysandro,
1910 345 2031 387 Mar-

1143 413 1321 453 cellinus
1341 411 1718 464 in'rhucydidem,
1752 409 1920 451 Gellius
1953 410 2030 452 lib.

1143 485 1260 514 xvu.
1286 478 1338 518 ,9.
1384 479 1430 514 et
1466 474 1693 515 Ausonius.
1721 472 2027 526 Aristophanis

1143 537 1408 578 scholiastes
1426 537 1468 576 in
1491 536 1620 589 Aves,
1639 549 1735 589 pag.
1756 540 1849 577 601.
1891 537 2031 577 Usum

1142 605 1285 642 antem
1299 600 1520 640 literarum
1551 600 1834 641 secretiorum
1853 599 2027 652 praebu·

1143 664 1228 706 isse
1245 670 1291 705 et
1303 663 1373 704 hic
1390 663 1444 703 de
1461 664 1632 716 scytala
1644 668 1837 706 annotat.
1883 663 2030 709 Video

1146 730 1289 767 autem
1309 726 1542 778 semper,in
1561 726 1804 774 revocando
1831 727 2028 779 Impera·

1145 794 1261 830 tores
1296 801 1394 829 suos
1426 788 1590 841 scytala
1621 800 1720 829 usos
1758 789 2033 838 Lacedaemo·

1145 852 1253 897 nios.
1325 852 1569 903 Xenophon
1623 850 1845 904 Agesilao,
1896 851 2029 900 ἐπειδὴ

1145 914 1266 965 ἦλθεν
1284 916 1403 966 ,αὐτῷ
1431 912 1610 963 σκυτάλη
1641 913 1718 955 ἀπὸ
1746 917 1827 955 τῶν
1844 914 1942 955 οἴκοι
1970 930 2034 966 τε·

1146 982 1240 1027 λῶν,
1255 981 1413 1028 βοηθεῖν
1439 980 1492 1032 τῇ
1522 977 1680 1032 πατρίδι
1705 977 1894 1020 ἐπείθετο.
1948 978 2036 1034 1,)0·

1146 1045 1309 1096 lyaenus
1327 1043 1403 1083 lib.
1421 1053 1529 1083 vm.
1553 1041 1591 1082 οἵ
1621 1040 1664 1082 δὲ
1697 1040 1774 1082 ἀπὸ
1801 1043 1874 1090 τῆς
1902 1041 2038 1083 Ἀσίας

1148 1107 1268 1149 αὐτὸν
1297 1105 1588 1148 ἀνεκαλέσαντο
1622 1105 1825 1155 σκυτάλην
1857 1105 2035 1159 πέμψαν·

1148 1188 1228 1214 τες.
1271 1172 1508 1224 ‚Colligere
1537 1184 1641 1224 ergo
1677 1171 1794 1224 licet,
1842 1172 2036 1225 scytalen

1149 1235 1406 1290 praestitisse
1441 1245 1608 1275 omnem
1643 1246 1765 1274 usum
1799 1233 2038 1287 literarum,

1150 1305 1426 1350 tesserarum,
1458 1303 1590 1351 atque
1627 1297 1806 1339 aliarum
1823 1298 1869 1339 id
1904 1310 2038 1351 genus

1149 1369 1362 1403 notarum.
1420 1361 1536 1402 Nam
1566 1366 1612 1401 et
1642 1360 1910 1412 inpecuniae
1929 1373 2040 1402 sum-

1150 1438 1221 1466 ma
1253 1423 1476 1476 signanda,
1517 1428 1563 1464 et
1593 1422 1728 1463 saccis
1763 1423 2039 1475 obsignandis

1151 1489 1348 1541 scytalen
1364 1486 1563 1527 habuisse
1582 1487 1744 1537 locum,
1773 1485 1905 1526 docet
1935 1486 2039 1527 Dio·

1152 1550 1280 1591 dorus
1298 1550 1408 1595 libro
1430 1561 1535 1590 xm.
1566 1549 1621 1589 de
1650 1549 1835 1601 pecunia
1851 1562 1908 1590 ex
1927 1562 2038 1602 prae-

1151 1613 1208 1654 da
1238 1613 1571 1654 Atheniensium
1614 1613 1985 1654 Lacedaemonem
2013 1627 2039 1655 a

1153 1679 1376 1731 Lysandro
1393 1678 1546 1718 missa:
1567 1677 1712 1719 Ὄντος
1739 1676 1782 1718 δὲ
1799 1679 1871 1719 τοῦ
1886 1678 2040 1732 χρήμα-

1150 1757 1233 1795 τος,
1254 1742 1408 1795 inquit,
1437 1742 1479 1782 ἐν
1505 1740 1694 1793 σακκίοις,
1714 1740 1778 1782 καὶ
1794 1743 1907 1783 ταῦτ’
1929 1742 2041 1795 ἔχον-

1150 1821 1219 1847 τος
1246 1804 1416 1846 ἑκάστου
1433 1803 1650 1857 σκυτάλην,
1671 1803 1842 1857 ἔχουσαν
1857 1805 1933 1855 τὴν
1953 1806 2038 1847 ἐπι·

1151 1869 1308 1923 ’γραφὴν
1333 1869 1383 1909 τὸ
1409 1871 1566 1921 πλῆθος,
1586 1871 1659 1909 τοῦ
1681 1868 1883 1922 χρήματος
1901 1872 2039 1919 δηλοΰ·

1153 1947 1242 1976 σαν.
1296 1933 1439 1974 Alium
1458 1945 1580 1974 usum
1606 1939 1814 1973 memorat
1838 1934 2036 1986 Polyaen.

1153 1997 1229 2039 lib.
1247 2009 1279 2038 ι.
1307 1997 1350 2037 in
1369 1998 1548 2050 Tyrtaeo
1564 2010 1577 2046 ;
1596 1995 1687 2036 “lua
1707 1994 1751 2036 δὲ
1780 1995 1853 2035 ὑπὸ
1879 1998 1960 2036 τᾶν
1985 1995 2041 2036 οἷ·

1154 2059 1266 2101 κείων
1285 2060 1327 2100 ἐν
1351 2062 1405 2113 τῇ
1427 2062 1507 2100 τῶν
1518 2061 1665 2113 ,νεκρῶν
1682 2057 1876 2112 ἀναιρέσει
1899 2060 2038 2113 γνωρί·

1154 2123 1263 2175 ζοιτο
1278 2122 1459 2175 ἕκαστος,
1478 2122 1541 2163 ἐπὶ
1552 2122 1625 2164 τὰς
1643 2122 1881 2164 ammanitas
1896 2123 2034 2164 τοῦνο-

1153 2203 1209 2237 μα
1225 2185 1457 2240 γραψάντων
1471 2185 1537 2226 καὶ
1554 2185 1640 2239 περὶ
1657 2187 1710 2240 τῇ
1725 2187 1821 2239 λαιᾷ
1844 2185 1947 2239 χειρὶ
1966 2195 2038 2239 φε·

1154 2250 1310 2304 ρόντων.
1353 2250 1463 2291 Vide
1480 2249 1641 2292 Justin.
1657 2251 1685 2290 l.
1705 2261 1776 2290 111.
1800 2255 1839 2290 5.
1859 2250 1934 2291 ubi
1952 2264 2043 2291 σκυ-

1154 2315 1318 2356 ταλίδας
1345 2316 1661 2368 interpretatur
1683 2318 1860 2354 tesseras.
1909 2313 2041 2368 Apud

1158 2379 1414 2419 Ciceronem
1432 2378 1475 2417 in
1496 2376 1681 2430 quadam
1702 2376 1828 2428 epist.
1847 2375 1904 2418 ad
1924 2376 2042 2419 Atti·

1157 2455 1271 2494 cum,
1311 2441 1535 2493 ‘Scytales
1565 2438 1819 2480 Laconicae'
1852 2446 2043 2493 exstant,

1156 2506 1254 2547 hoc,
1267 2510 1351 2556 est,
1377 2505 1574 2558 epistolae
1594 2503 1747 2544 breves
1767 2509 1813 2543 et
1832 2502 2043 2556 obscurae,

1158 2577 1206 2612 ut
1226 2572 1544 2622 interpretatur
1562 2569 1802 2610 Beroaldus
1834 2569 1877 2609 in
1894 2582 2043 2610 .anno-

1159 2633 1410 2675 tationibus.
1456 2632 1655 2673 Gebhard.
1723 2632 1838 2672 Vide
1875 2632 1929 2672 de
1960 2633 2042 2673 hae

1159 2709 1264 2738 voce
1283 2695 1484 2736 Marcelli
1508 2693 1675 2735 Donati
1709 2694 2040 2734 dilucidationes

1161 2759 1215 2799 ad
1253 2759 1421 2799 Livium
1458 2757 1531 2797 lib.
1568 2767 1779 2797 xxxvm.
1824 2764 1868 2797 et
1908 2757 2041 2803 Clem.

1158 2822 1374 2863 Alexand.
1394 2832 1456 2861 xi.
1477 2827 1622 2861 strom.
1652 2820 1850 2860 Ernstius.

1213 2887 1266 2928 Se
1296 2886 1440 2939 capitis
1470 2898 1556 2927 eum
1573 2884 1845 2936 damnaturos]
1890 2884 2043 2929 Hostis

1159 2951 1255 2990 loco
1271 2949 1507 2990 habituros.
1541 2947 1739 3000 Thucyd.
1768 2948 1932 2999 Longol.
1987 2949 2044 2990 Id

1160 3013 1274 3054 enim
1312 3012 1478 3065 legibus
1513 3023 1659 3052 eorum
1692 3011 1855 3052 licebat
1892 3012 2040 3053 facere

1160 3076 1348 3128 regibus:
1360 3075 1423 3116 ¹de
1439 3087 1524 3127 quo
1544 3074 1644 3115 vide
1659 3075 1859 3115 Grotium
1878 3076 1933 3115 de
1947 3076 2041 3117 Jur-

1159 3141 1212 3180 B.
1234 3144 1279 3180 et
1310 3140 1363 3181 P.
1383 3151 1416 3180 1.
1435 3144 1476 3180 4.
1496 3142 1536 3178 8.
1573 3144 1619 3178 ct
1652 3139 1696 3178 in
1727 3139 1839 3178 notis
1858 3138 1912 3178 ad
1943 3150 2042 3180 eum

1159 3204 1313 3246 locum.
1369 3202 1513 3252 Ratio,
1531 3202 1629 3254 quia
1658 3201 1727 3254 (ut
1745 3200 1859 3242 infra
1879 3202 2043 3244 Noster

1159 3266 1348 3319 loquitur
1372 3276 1470 3307 xxi.
1493 3263 1551 3316 l.)
1579 3265 1777 3316 Spartani
1797 3276 1920 3318 reges
1938 3266 1951 3288 ‘
1971 3277 2045 3307 no·

1160 3329 1289 3381 mine,
1330 3340 1415 3368 non
1453 3332 1676 3379 potestate
1691 3327 1719 3377 ;'
1761 3339 1852 3380 seu,
1889 3334 1939 3369 ut
1974 3335 2044 3371 est

1161 3402 1277 3432 xvn.
1294 3394 1335 3429 1.
1351 3393 1363 3412 ‘
1378 3390 1545 3431 nomine
1562 3390 1694 3444 magis
1708 3403 1834 3445 quam
1847 3390 2041 3446 imperio’

1162 3465 1284 3506 reges
1310 3451 1448 3494 fuere.
2033 3471 2040 3476 ·

1836 3521 1929 3562 2G
