2306 3900
0 561 13 642 ἱ.

646 271 788 310 xm.
852 269 1256 320 TIMOTHEUM,
1296 267 1430 308 cAP.
1468 254 1524 308 3.

171 391 358 442 serebat,
372 389 456 431 fuit
473 391 581 442 haec,
596 388 666 429 τὸν
683 387 780 440 ὄψον
796 386 989 437 εἰσπλεῖν,
1007 391 1057 426 ut

172 455 335 508 dicitnr
376 455 438 495 ab.
471 453 717 505 Antiphane
761 451 876 504 apud
922 450 1057 491 Athe-

142 519 314 560 'naeum
347 519 423 559 lib.
455 529 558 558 vm.
594 517 699 567 sive,
726 515 842 569 quod
875 527 931 555 ex
962 514 1058 555 sub-

167 582 302 634 jectis
317 582 466 622 insulis
485 581 624 634 pisces
645 579 838 620 Athenas
857 578 1060 631 importa-

175 646 347 686 bantur.
387 646 513 686 Idem·-

230 709 448 760 pacemque
474 707 536 747 his
573 706 725 758 legibus
759 703 1062 755 constituerunt]

175 772 244 812 De
258 773 339 812 hoc
355 770 519 811 foedere
535 770 695 811 Laced.
713 781 811 810 cum
825 768 1063 808 Athenien-

177 835 295 876 sibus
313 834 627 876 Demosthenes
654 834 780 874 Orat.
808 831 896 886 περὶ
920 829 1065 884 στεφά-

178 914 260 942 νου.
300 899 451 950 Schou.

231 962 330 1004 Am
370 964 461 1015 paci
501 960 689 1015 publicae]
739 959 852 1002 Nam
884 958 1066 1009 >Ethnici

179 1024 308 1070 πάντα
335 1026 566 1076 θεοποιοῦσι,
595 1017 835 1078 praesertim
861 1022 914 1064 τὰ
930 1023 1067 1076 νοητὰ,

179 1090 380 1142 virtutes,
397 1090 517 1130 vitia.
549 1090 727 1130 Boecler.
784 1086 934 1140 ¹Atqui
964 1086 1067 1126 Plu·

179 1155 352 1195 tan-chus
371 1154 416 1194 in
436 1154 613 1195 Cimone
645 1152 794 1203 tradit,
820 1163 916 1192 aras
947 1151 1068 1204 pacis

182 1228 276 1258 esse
295 1218 458 1270 positas
487 1223 588 1269 post
612 1216 835 1257 victoriam
865 1215 979 1255 illam
1000 1214 1070 1255 Ci-

178 1280 317 1320 monis
333 1280 387 1320 ad
403 1280 766 1333 Eurymedontem
786 1282 955 1331 partam
970 1289 1069 1318 con-

184 1347 252 1382 tra
269 1343 459 1383 Persas:
490 1355 618 1396 quam
646 1355 732 1394 pax
750 1341 823 1381 illa
842 1341 958 1382 omni
985 1353 1071 1381 ser-

182 1417 307 1446 mone
339 1406 561 1447 celebrata
589 1403 842 1459 (περιβοητδν
879 1403 1072 1456 appellat

184 1469 444 1511 Plutarchus
479 1474 528 1510 et
553 1469 785 1510 Demosth.
829 1467 952 1509 Orat.
976 1460 1073 1519 ηἰέρὶ

183 1536 430 1586 παραπρεσβ.
493 1538 646 1574 contra
686 1531 939 1583 AEschiuem,
998 1530 1074 1578 τὴν

185 1595 261 1636 ὑπὸ
298 1595 454 1636 πάντων
489 1593 806 1648 θρυλλουμένην)
825 1599 1074 1635 <consecuta

186 1665 270 1701 est.
325 1660 397 1701 Sic
416 1660 680 1700 Plutarchus
698 1673 709 1700 ι
737 1657 836 1699 Φασὶ
854 1656 896 1699 δὲ
915 1655 981 1699 καὶ
997 1660 1073 1704 βω-

185 1723 260 1773 μὸν
288 1721 448 1776 Εἰρήνης
484 1722 546 1763 διὰ
573 1724 702 1763 ταῦτα
731 1722 824 1764 τοὺς
855 1720 1075 1770 Ἀθηναίους

188 1784 426 1838 ἵδρύσιισθαι.
480 1785 658 1826 Publieoe
684 1792 828 1826 autem
849 1785 1074 1838 edidimus,

189 1849 372 1891 Codices
408 1849 668 1890 Basilienses
713 1854 759 1890 et
797 1848 1074 1889 Colonienses

190 1913 354 1962 secuti;
381 1923 468 1952 non
496 1910 787 1962 reclamaturi,
804 1910 840 1951 si
860 1909 954 1963 quis
977 1910 1075 1962 pub-

189 1975 262 2014 lice
286 1974 447 2027 ‚reponi
493 1974 630 2025 malit,
667 1973 880 2026 quomodo
915 1973 1076 2014 habent

191 2039 392 2091 exempla
409 2038 578 2079 Veneta
596 2043 643 2078 et
659 2037 919 2078 Florentina.
958 2037 1076 2077 Lam-

189 2101 270 2143 bin.
462 2116 466 2118 ·

247 2164 376 2217 Eique
407 2164 509 2205 Deoe
537 2165 724 2217 pulvinar
754 2160 808 2205 sit
830 2163 1078 2216 institutum]

193 2227 477 2268 Lectisternia
519 2226 807 2268 Romanorum
854 2239 910 2268 ex
956 2227 1079 2268 Livio

190 2289 372 2343 aliisque
410 2296 542 2331 nota:
583 2291 762 2331 Graecos
800 2290 916 2330 idem
953 2289 1079 2331 facti-

194 2359 326 2404 tasse,
343 2352 470 2405 primi
489 2352 673 2394 fortasse
691 2365 768 2394 nos
788 2352 1079 2394 observamus,

194 2415 430 2456 Pausanias
466 2414 718 2466 Arcadicis:
762 2414 888 2463 Κλίνη
917 2430 966 2456 τε
1001 2415 1082 2468 ἱερὰ

193 2480 267 2527 τῆς
301 2477 480 2530 Ἀθηνᾶς,
511 2477 588 2534 ,καὶ
621 2479 740 2528 αὐτῆς
776 2477 900 2531 εἰκὼν,
949 2480 1083 2532 γραφῇ

194 2541 452 2595 μεμιμημένη,
469 2541 680 2584 ἀνάκειται.
736 2542 789 2583 In
809 2542 1008 2583 Phocicis
1027 2543 1082 2583 de

197 2607 361 2660 templo
390 2606 574 2658 quodam
601 2605 864 2658 AEscnlapii:
897 2604 1023 2653 Κλίνη
1041 2604 1084 2645 δὲ

197 2669 239 2708 ἐν
257 2670 361 2722 δεξιᾷ
378 2670 503 2726 quirat
520 2670 593 2709 τοῦ
626 2667 872 2721 ἀγάλματος.
918 2668 1084 2711 casaub.

197 2732 326 2784 Unde
357 2731 407 2772 in
440 2732 607 2773 Glossis
637 2733 822 2784 pulvinar
851 2733 1085 2783 exponitur

200 2794 433 2847 Καθίδρυμα,
458 2793 638 2847 πρωμνὴ
655 2795 755 2835 θεοῦ.
795 2795 941 2836 Valet.
962 2796 1084 2836 Max.

197 2858 272 2899 lib.
295 2869 367 2899 111.
386 2861 425 2899 7.
454 2858 467 2881 ‘
483 2859 605 2900 Jovis
622 2857 731 2911 Opt.
754 2858 874 2899 Max.
894 2859 1086 2911 pulvina-

200 2922 295 2963 ria.'
332 2922 533 2963 Keuchen.

258 2985 459 3025 Timotheo
473 2985 626 3037 publice
642 2989 816 3026 statuam
841 2985 881 3026 in
900 2984 996 3034 foro
1019 2996 1088 3037 po-

200 3047 379 3099 munt]
404 3048 518 3088 Vide
538 3048 778 3088 AEscliinem
797 3046 900 3088 κατὰ
917 3052 1089 3100 Κτησιφ.

202 3112 307 3152 Eam
326 3115 511 3151 statuam
539 3118 736 3152 numerat
764 3111 1002 3152 Pausanias
1028 3112 1089 3153 in-

203 3179 272 3214 ter
290 3173 401 3224 illas,
413 3185 508 3226 quae
526 3173 572 3213 in
592 3186 692 3214 arce
706 3175 918 3216 Minervae
934 3174 1088 3228 positae

203 3242 330 3277 sumt:
360 3235 549 3275 Ἐνταῦθα
569 3235 635 3275 καὶ
657 3231 838 3286 Τὶμόθεος
862 3238 884 3277 ὁ
903 3237 1089 3290 Κόνωνος,

205 3299 270 3340 καὶ
297 3298 414 3340 αὐτὸς
439 3300 563 3339 κεῖται
589 3300 610 3338 ὁ
630 3297 774 3341 Κόνων.
831 3300 946 3341 Vide
962 3301 1089 3343 Joan.

206 3363 389 3403 Menrsii
409 3361 662 3415 Cecropiam
684 3375 781 3415 cap.
803 3366 866 3403 13.

263 3425 480 3467 Renovavit
497 3426 741 3479 memoriam]
772 3427 825 3468 lu
844 3425 936 3467 aliis
963 3426 1091 3468 Codi-

208 3487 329 3529 cibus
348 3488 508 3541 legitur
527 3490 724 3542 memoria.
751 3489 836 3532 Sed
854 3489 985 3531 verba
1003 3489 1093 3542 illa,

1894 255 2000 307 557

1118 385 1132 408 ‘
1148 397 1298 428 recens
1317 384 1428 437 filii‚’
1447 384 1616 426 scilicet
1636 386 1798 436 statua,
1813 387 2004 441 veterem

1120 450 1256 502 patris
1273 455 1475 502 statuam,
1485 461 1571 489 non
1589 449 1835 489 memoriam
1857 446 2005 488 statim

1120 513 1378 566 respiciunt,
1386 519 1435 554 ut
1450 518 1594 554 statua
1612 517 1797 553 statuam
1814 518 2008 564 renovet,

1123 575 1200 615 sed
1220 579 1365 618 tamen
1394 587 1495 616 mox
1514 575 1761 616 memoriam
1781 567 2007 616 instauret.

1123 640 1241 689 Mag.
1950 669 1961 678 .

1141 744 1143 746 ,
1178 702 1347 743 ΟΑΡ.·3.
1377 702 1530 752 Magno
1556 701 1673 752 natu]
1710 702 1815 752 Pro,
1832 713 2006 754 magnus

1123 770 1244 806 natu.
1288 806 1293 810 ,
1311 764 1384 806 Sic
1413 765 1459 805 in
1490 765 1676 805 Datame
1713 769 1760 804 et
1791 763 2010 815 Agesilao.

1124 827 1178 869 Id
1192 833 1275 880 est,
1292 839 1440 869 senex.
1463 828 1518 868 In
1535 828 1768 868 Pausania.
1788 828 1800 850 ‘
1823 828 2011 868 Grandis

1126 890 1257 931 natu'
1288 903 1423 932 senex
1454 891 1595 932 dictus
1614 890 1701 932 fuit
1730 903 1756 931 a
1779 891 2013 934 veteribus.

1125 955 1328 996 Donatus
1347 954 1534 1008 Adelph.
1562 957 1730 997 act.'1v.
1746 958 1809 997 sc.
1824 947 1877 996 5.
1897 955 2012 996 idem

1126 1017 1172 1058 in
1190 1018 1451 1059 Phormione
1471 1024 1557 1060 act.
1576 1030 1628 1061 11.
1646 1031 1708 1059 sc.
1729 1022 1770 1060 3.
1814 1017 1977 1059 Severo.

1120 1124 1126 1129 ,
1181 1082 1397 1132 Defecerat
1416 1083 1579 1135 Samus]
1620 1082 1737 1122 Hinc
1758 1081 1920 1122 Orator
1939 1081 2016 1121 ali-

1129 1146 1224 1199 quis
1251 1159 1347 1187 eam
1377 1147 1584 1199 ἆπορῤὣγα
1611 1147 1684 1195 τῆς
1708 1145 1860 1186 πόλεώς
1887 1156 2017 1186 voca·

1129 1211 1224 1261 vit3
1255 1211 1376 1264 quasi
1389 1212 1580 1252 avulsam
1600 1215 1769 1263 partem
1789 1221 1813 1250 a
1832 1213 2015 1262 corpore

1131 1274 1421 1315 squthenis.
1463 1274 1664 1314 Keuchen.

1146 1349 1150 1354 ·
1184 1338 1280 1376 Jam
1310 1341 1402 1377 tunc
1425 1338 1573 1390 valens]
1611 1337 1862 1378 Methonam
1890 1347 2018 1388 cepe-

1133 1405 1220 1451 rat,
1258 1399 1472 1452 Pydnam,
1508 1400 1768 1456 Potidqam,
1810 1400 2019 1452 Pagasas,

1133 1464 1328 1505 Thraciae
1345 1464 1492 1505 urbeis
1511 1465 1690 1517 aliquot.
1727 1465 1910 1505 Lambin.

1191 1527 1270 1566 Cui
1306 1528 1507 1580 oppositus
1557 1528 1708 1568 Chares
1749 1540 1866 1580 quum
1898 1528 2018 1580 esset]

1133 1590 1297 1630 Merito
1316 1590 1362 1630 in
1379 1603 1431 1632 eo
1450 1603 1537 1632 non
1563 1592 1669 1633 satis
1698 1603 1795 1632 esse
1827 1591 2022 1644 praesidii

1135 1653 1387 1705 putabatur,
1407 1655 1507 1708 quia
1535 1654 1606 1709 (ut
1624 1651 1767 1696 'refert
1785 1646 2022 1696 Athenaeus

1134 1716 1208 1757 lib.
1229 1727 1319 1764 ιιι.
1345 1722 1412 1759 15.
1445 1729 1499 1758 ex
1528 1718 1794 1771 Theopompi
1824 1719 2023 1759 historia-

1136 1790 1229 1821 rum
1246 1781 1357 1822 libro
1375 1781 1505 1833 XLV.)
1531 1782 1673 1834 segnis
1710 1789 1823 1835 erat,
1852 1795 1903 1823 ac
1935 1788 2024 1824 tar-

1137 1843 1232 1896 dus,
1264 1844 1517 1898 deliciisque
1553 1844 1772 1887 affluebat.
1827 1846 1915 1887 Sed
1946 1859 2025 1887 cur

1137 1906 1320 1961 (dixerit
1338 1907 1517 1961 Lector)
1547 1908 1637 1948 dux
1663 1909 1718 1950 ab
1749 1908 2025 1949 Atheniensi·

1139 1971 1233 2022 bus,
1271 1971 1343 2024 qui
1391 1972 1520 2012 talem
1561 1977 1790 2023 noverant,
1813 1972 2023 2012 ‘delectus

1136 2033 1252 2076 fuit?
1280 2035 1562 2087 Respondeo:
1590 2035 1717 2078 Quod
1737 2047 1833 2075 eum
1853 2047 1907 2074 ex
1925 2046 2025 2075 cau·

1140 2099 1198 2139 sis
1218 2099 1331 2139 duce
1349 2099 1620 2140 nihilominus
1638 2099 1844 2152 indignis,
1863 2104 2027 2151 praeter

1141 2167 1323 2204 caeteros
1344 2200 1347 2203 Α
1370 2162 1488 2203 cives
1519 2161 1771 2213 diligerent:
1817 2161 1932 2214 quod
1964 2161 2028 2213 ip-

1141 2237 1232 2265 sum
1250 2229 1296 2266 et
1318 2224 1489 2265 Probus
1522 2235 1652 2276 supra
1682 2223 1724 2263 in
1760 2222 1943 2264 Chabria
1965 2223 2028 2262 iu-

1139 2288 1235 2328 nuit
1250 2287 1313 2328 his
1334 2287 1504 2328 verbis:
1537 2288 1550 2310 ‘
1571 2286 1802 2342 Dissimilis
1821 2285 2027 2339 quidem,'

1140 2351 1296 2405 inquit,
1328 2351 1342 2375 ‘
1362 2351 1522 2393 chares
1553 2351 1706 2392 horu-m
1743 2355 1792 2391 et
1821 2348 1949 2405 factis
1983 2355 2030 2389 et

1141 2415 1362 2465 moribus;
1391 2415 1469 2455 sed
1490 2421 1634 2455 tamen
1668 2413 1851 2455 Athenis
1879 2419 1926 2455 et
1956 2414 2029 2454 ho-

1142 2483 1320 2518 noratus
1357 2482 1404 2518 et
1436 2478 1621 2530 potens!
1684 2478 1781 2520 Qua
1817 2488 1873 2516 ex
1898 2488 2031 2516 causa

1141 2541 1242 2581 huic
1273 2539 1407 2581 fuerit
1433 2541 1658 2593 imperium
1688 2540 1959 2591 abrogatum,
1986 2539 2029 2578 iu

1145 2603 1324 2656 ejusque
1369 2605 1512 2644 locum
1567 2602 1775 2644 suffectus
1819 2602 2029 2655 Phocion,

1145 2667 1352 2718 scriptum
1388 2664 1650 2707 Plutarchus
1688 2666 1864 2719 reliquit
1899 2666 1943 2705 in
1974 2666 2032 2705 A·

1145 2727 1322 2780 pophth.
1340 2727 1585 2779 Phocionis,
1595 2728 1700 2768 etin
1715 2728 1907 2780 ejusdem
1921 2727 2034 2768 Pho-

1146 2792 1278 2832 cionis
1296 2792 1399 2832 vita.
1443 2792 1662 2834 Quantum
1683 2803 1785 2831 vero
1806 2789 1963 2831 attinet
1975 2789 2031 2830 ad

1147 2866 1335 2906 causam,
1360 2865 1438 2895 cur
1471 2855 1641 2894 Praetor
1669 2858 1891 2895 crearetur
1923 2854 2033 2894 Cha-

1147 2929 1233 2969 res,
1250 2918 1375 2958 homo
1393 2917 1557 2958 militiae
1586 2918 1775 2969 ineptus,
1804 2917 1866 2958 sic
1895 2916 2034 2969 loqui·

1149 2987 1220 3022 tur
1252 2981 1508 3022 Plutarchus
1537 2980 1580 3020 in
1607 2981 1852 3022 Phocione:
1888 2981 1901 3003 ⁴
1923 2981 2033 3021 Cha-

1149 3051 1285 3086 retem
1314 3046 1460 3099 itaqne
1492 3045 1675 3098 populus
1711 3057 1795 3084 non
1836 3048 2033 3096 tam'suo

1148 3110 1318 3162 merito,
1333 3121 1459 3163 quam
1479 3109 1713 3162 oratorum
1734 3106 1967 3147 ambitione
1987 3110 2035 3146 et

1150 3173 1304 3214 studiis
1321 3171 1631 3225 partium,huic
1646 3170 1909 3223 expeditioni
1926 3181 2035 3222 proe-

1149 3235 1330 3278 ficiunt.¹
1368 3237 1483 3286 Mag.

1207 3301 1279 3341 Fit
1309 3299 1559 3340 Menestheus
1595 3295 1772 3348 Proetor]
1814 3297 1885 3338 Sic
1905 3297 2035 3350 pleri-

1152 3373 1235 3415 que
1256 3373 1399 3402 omnes
1416 3359 1689 3413 τρισυλλάβως
1718 3360 1854 3402 edunt
1887 3367 1933 3401 et
1966 3374 2035 3401 su-

1152 3438 1234 3477 pra
1251 3426 1294 3465 in
1314 3424 1552 3477 Iphicrate.
1607 3425 1790 3467 Duabus
1821 3437 1926 3466 vero
1953 3426 2035 3476 syl-

1153 3488 1264 3530 labis
1297 3488 1527 3531 Mnestheus
1559 3488 1891 3541 Ultrajectinus,
1923 3488 2037 3529 Lon-
