2306 3900
283 249 389 302 558

284 379 421 431 gelius
455 384 500 420 et
534 378 722 431 Magius.
778 378 1004 423 Quomodo
1039 386 1086 422 et
1122 381 1166 422 in

283 443 464 483 Marone
481 440 577 482 AEn.
597 452 658 482 tv.
676 444 772 483 288.
789 443 803 465 ‘
823 443 1054 484 Mnesthea
1070 444 1169 485 Ser-

284 511 539 558 gestumque
567 505 740 546 vocat:’
783 510 828 546 et
858 506 962 549 alibi
994 508 1167 560 saepius.

284 569 439 610 Schott.

342 632 470 672 Filius
488 631 721 684 Iphicratis]
758 633 866 673 Mss.
874 633 994 686 filius
1012 633 1168 686 Hippo-

281 696 419 737 cratis.
487 695 559 736 Ita
593 694 709 736 infra
745 708 930 748 semper.
986 698 1166 738 Boecler.

672 263 852 302 NOTAE
892 258 1227 303 VARmRUM
1269 263 1335 303 IN
1377 266 1427 305 C.
1466 266 1730 306 NEPOTIS

1232 382 1350 424 rem?
1410 384 1524 425 Item
1558 383 1756 425 custodes
1789 383 1969 425 Cicero:
2007 383 2118 426 ‘Ad‘

1229 447 1423 488 militiam
1443 448 1644 489 euntibus
1677 447 1772 488 dari
1800 448 1996 490 solebant
2022 461 2118 490 cus-

1231 510 1370 613 gdff'
1385 512 1537 565 quibus
1548 511 1687 565 primo
1700 523 1811 552 anuo
1828 511 2118 567 regerentur?

1275 585 1296 612 e
1350 601 1360 613 .

1287 637 1461 682 Quorum
1490 637 1651 678 consilio
1685 636 1887 689 uteretur]
1934 636 2052 680 Quid
2079 637 2116 678 si

1228 699 1469 751 legeremus
1487 700 1654 753 anxilio,
1669 701 1784 754 quod
1803 701 1889 742 Ms.
1902 699 2011 740 liber
2023 698 2118 740 fere

283 761 514 812 Corrupto.
544 759 695 812 Nepos
713 760 758 800 in
776 759 1017 812 Iphicrate:
1044 760 1057 783 ‘
1072 761 1167 800 Me·
1222 763 1382 815 jubet3
1407 764 1601 804 auxilium
1619 765 1732 805 enim
1752 764 1967 806 interdum
1987 764 2120 817 signi-

281 825 461 864 uesthea
496 822 632 864 filium
669 823 844 876 reliquit
888 835 944 864 ex
980 823 1169 863 Thressa

282 886 462 928 natum!

339 950 396 990 Et
427 953 472 990 ut
507 950 560 989 ad
583 948 742 999 bellum]
782 948 1035 1001 Elegantius
1059 950 1167 990 Mss.

282 1013 481 1054 Boecleri
508 1017 550 1053 et
574 1015 627 1052 ad
652 1012 811 1053 bellum.
858 1013 930 1054 Sic
949 1014 1062 1054 solet
1082 1014 1170 1055 Ne·

283 1089 376 1130 pos.

335 1140 448 1181 Huic
475 1139 519 1180 in
548 1140 754 1180 consilium
781 1141 927 1180 &ntur
949 1143 1026 1181 duo
1041 1154 1112 1182 usu
1130 1145 1172 1182 et

279 1205 476 1257 sapientia
505 1203 759 1256 praestantes]
803 1205 935 1245 Nullo
974 1205 1122 1246 seculo
1145 1217 1171 1244 a

280 1266 557 1320 praefecturis
590 1267 753 1308 bellicis
786 1272 917 1320 atque
940 1267 1169 1309 ducatibus

279 1330 582 1371 adolescentes
595 1331 792 1371 exclusos
807 1343 902 1371 esse
923 1331 1046 1371 video
1060 1343 1073 1381 ;
1092 1331 1170 1371 sed

281 1395 436 1437 crebro
456 1394 599 1449 potius
612 1395 858 1447 junioribus
878 1395 942 1436 rei
972 1395 1171 1436 militaris

192 1464 197 1475 ’
281 1470 486 1499 summam
504 1457 637 1499 fuisse
657 1458 928 1499 commissam
943 1471 956 1509 3
974 1458 1170 1512 ,quaudo-

280 1521 453 1575 quidem
470 1533 556 1562 non
589 1527 679 1562 tam
711 1521 849 1562 ductu
881 1533 1007 1574 quam
1029 1521 1171 1573 auspi·

281 1585 350 1626 cio
366 1597 437 1625 res
450 1596 615 1638 maguae
634 1590 867 1638 geruntur:
889 1583 1049 1625 additis
1069 1596 1171 1637 pru-

281 1649 432 1689 dentia
449 1654 580 1702 atque
598 1648 871 1700 experientia
890 1647 1091 1701 gravibus
1109 1648 1171 1688 le-

282 1712 394 1765 gatis
410 1724 488 1753 seu
517 1712 775 1762 rectoribus,
794 1711 981 1764 reperio.
1036 1711 1172 1753 Justi-

281 1789 360 1816 nus
378 1786 512 1816 xnx.
533 1779 574 1816 1.
594 1779 636 1816 8.
667 1777 679 1798 ‘
699 1775 780 1816 His
813 1775 988 1828 regibus
1014 1775 1175 1827 pueris,

282 1841 366 1882 etsi
409 1840 516 1881 nulli
565 1840 745 1881 senioris
794 1841 937 1881 aetatis
981 1845 1173 1880 rectores

283 1902 434 1949 erant?
479 1903 551 1943 De
569 1902 704 1943 Fabio
729 1902 948 1957 Rulliano,
964 1903 1037 1956 qui
1056 1903 1172 1955 lega-

283 1973 352 2006 tus
385 1966 450 2006 ire
475 1965 613 2006 Fabio
648 1964 702 2005 ad
737 1964 897 2006 bellum
928 1964 1102 2007 difficile
1126 1971 1173 2006 et

283 2029 569 2082 periculosum
608 2028 927 2070 conficiendum
970 2034 1173 2081 gravatus

282 2098 367 2143 est,
395 2092 408 2115 ‘
428 2104 541 2144 pene
561 2092 655 2144 ipso
675 2091 887 2133 duntaxat
911 2093 1051 2133 animo
1079 2093 1173 2133 sine

282 2166 465 2207 corpore
498 2155 760 2196 militaturus
775 2156 804 2196 :²
836 2157 982 2197 Valer.
1003 2167 1049 2198 V.
1068 2160 1110 2198 7.
1131 2161 1172 2198 1.

283 2219 446 2258 Caesar.
459 2217 514 2258 de
532 2219 586 2258 B.
603 2218 659 2258 G.
671 2230 755 2258 vn.
765 2222 833 2259 76.
853 2219 866 2240 ‘
880 2218 1028 2259 Comio
1043 2217 1172 2259 Atre·

283 2283 672 2334 bati,Viridoma1-o
687 2289 734 2324 et
749 2284 1031 2337 Eporedorigi
1043 2285 1172 2325 AEdu-

282 2348 335 2399 is,
355 2347 667 2399 Vei-gesilauno
685 2346 884 2387 Arverno
911 2347 1171 2388 consobrino

281 2409 860 2462 Vercingetorigis,'summa
886 2410 1056 2462 imperii
1085 2415 1171 2451 tra·

282 2474 430 2515 ditur:
459 2474 509 2514 iis
528 2472 687 2514 delecti
708 2485 762 2513 ex
783 2473 1032 2514 civitatibus
1051 2474 1172 2514 attri-

282 2537 489 2588 buuntur,
507 2548 685 2590 quorum
717 2536 894 2576 consilio
918 2536 1075 2577 bellum
1097 2536 1171 2577 ad-

282 2599 631 2641 ministraretur.'
660 2600 727 2639 De
740 2599 851 2640 AElio
868 2600 1031 2652 Sejano
1049 2600 1171 2641 Prae-

283 2664 380 2704 torii
409 2663 623 2716 praefecto
650 2663 793 2703 Druso
821 2663 910 2703 filio
942 2668 1114 2704 rectore
1145 2675 1171 2704 a

281 2727 455 2769 Tiberio
474 2727 593 2769 dato.
646 2727 789 2767 Tacit.
821 2727 933 2768 Anu.
964 2739 999 2767 ι.
1031 2731 1100 2768 24.
1132 2730 1172 2768 3.

283 2791 466 2833 Diodor.
487 2793 515 2832 1.
537 2803 636 2832 xvl.
665 2791 905 2832 Καταλιπὼν
919 2794 998 2831 τῶν
1016 2788 1180 2832 Φωκέων

282 2854 509 2907 στρατηγὸν
525 2853 720 2895 Φάλαικον
734 2853 807 2894 τὸν
818 2852 1062 2907 Ὀνομάρχου
1078 2852 1174 2907 υἱὸν,

282 2918 355 2957 τοῦ
370 2917 443 2958 τὸν
469 2917 569 2970 ἱερὸν
585 2917 759 2968 πόλεμον
773 2916 1048 2969 ἐκκαύσαντας,
1068 2917 1173 2958 ἀντί-

282 2982 402 3021 παιδα
429 2979 504 3029 τὴν
529 2980 687 3029 ἡλικίαν
710 2980 818 3022 ὄντα.
846 2979 1175 3033 παρακατέστησε

283 3045 316 3084 δ’
354 3043 459 3095 αὐτῷ’
490 3043 699 3096 ἐπίτροπον
745 3041 825 3093 ἅμα
857 3042 921 3083 καὶ
949 3042 1174 3095 στρατηγὸν

284 3106 485 3157 Μνασέαν,
503 3103 572 3147 ἕνα
599 3109 679 3147 τῶν
699 3106 838 3147 ἑαυτοῦ
855 3104 993 3158 φίλων.
1047 3108 1172 3147 Tales

285 3178 429 3212 autem
454 3171 528 3225 qui
556 3171 894 3224 imperitioribus
922 3177 968 3211 et
990 3169 1173 3223 juniori-

286 3235 365 3274 bus
395 3235 704 3288 adjunguntur,
737 3236 902 3275 Marius
936 3235 1049 3287 apud
1081 3234 1172 3275 Sal-

284 3297 454 3336 lustium
491 3299 736 3338 Monitorcs
766 3300 975 3352 appellat.
1019 3297 1173 3339 ‘Scili-

286 3359 388 3410 cet,'
415 3360 569 3412 inquit,
595 3363 609 3383 ‘
630 3368 679 3402 ut
709 3362 753 3401 in
770 3367 894 3403 tauta
921 3375 968 3403 re
995 3362 1172 3416 ignarus

287 3423 473 3463 omnium
492 3424 700 3475 trepidet,
727 3424 926 3477 festinet,
942 3432 1079 3466 sumat
1099 3426 1174 3466 ali-

288 3498 416 3539 quem
447 3498 502 3527 ex
531 3487 691 3540 populo
727 3488 793 3527 sui
829 3487 957 3528 officii
989 3489 1172 3530 monito-

1229 825 1335 866 ficat
1352 838 1605 867 consensum
1637 839 1690 868 ac
1715 826 1981 879 suffragium,
2002 827 2118 880 quod

1229 890 1392 932 Jurisc.
1437 889 1515 930 filii
1560 901 1645 931 non
1690 889 1903 941 ignorant.
1975 891 2115 930 Ernst.

1231 953 1358 996 Quod
1389 953 1425 993 si
1470 953 1728 995 retineamus
1765 951 1927 993 consilio
1973 955 2119 996 tamen

1229 1027 1318 1056 non
1335 1027 1442 1068 opus
1460 1021 1528 1056 est
1545 1027 1642 1056 cum
1662 1014 1895 1067 Schioppio
1908 1013 1973 1069 (iu
1991 1027 2118 1067 para-

1231 1078 1330 1119 dox.
1361 1080 1475 1121 liter.
1503 1079 1645 1133 Epist.
1670 1077 1733 1132 5.)
1764 1078 1991 1119 Glossema
2021 1079 2117 1120 haec

1230 1143 1363 1183 verba
1382 1143 1587 1195 dicamus,
1603 1155 1701 1184 nam
1728 1141 1927 1196 exegesis
1947 1142 2039 1183 sive
2057 1143 2120 1183 in-

1232 1205 1492 1258 terpretatio
1511 1206 1608 1247 erit.

1285 1269 1414 1310 Pater
1430 1273 1470 1310 et
1484 1269 1612 1322 socer]
1655 1268 1899 1322 Iphicrates
1917 1272 1964 1310 et
1978 1267 2119 1309 Timo·

1233 1333 1370 1374 theus.

1285 1396 1443 1437 Amissa
1457 1407 1567 1448 posse
1583 1396 1827 1449 recuperari]
1865 1394 1918 1436 Iu
1935 1394 2116 1446 Attico;

1230 1458 1314 1500 ‘Ut
1329 1458 1479 1498 eodem
1497 1459 1655 1499 nuncio
1669 1457 1869 1499 Saufeius
1883 1457 2010 1498 fieret
2028 1469 2120 1499 cer-

1231 1522 1331 1572 tior,
1351 1534 1398 1562 se
1425 1522 1731 1574 patrimonium
1763 1521 1953 1562 amisisse
1981 1525 2028 1562 et
2054 1533 2121 1561 re-

1231 1584 1514 1637 cuperasse.'·
1549 1586 1697 1626 Caesar
1716 1585 1771 1625 de
1790 1586 1844 1626 Β.
1866 1585 1925 1626 G.
1940 1585 2016 1625 lib.
2038 1596 2121 1625 vn.

1234 1653 1301 1690 15.
1318 1649 1331 1672 ‘
1352 1649 1480 1692 Quod
1508 1661 1555 1690 se
1585 1661 1723 1703 prope
1742 1650 1969 1702 explorata
1987 1649 2121 1690 victo-

1233 1712 1312 1764 ria,
1346 1712 1554 1752 celeriter
1596 1712 1751 1752 amissa
1787 1717 2122 1764 recuperaturos

1233 1774 1542 1818 confidebant:
1576 1775 1701 1816 Curt.
1719 1773 1797 1815 lib.
1814 1784 1878 1815 xv.
1895 1777 1962 1814 13.
1983 1774 1998 1796 ‘
2013 1773 2122 1814 Per-

1233 1839 1345 1892 pulit
1374 1851 1428 1879 ne
1462 1838 1715 1880 dubitarent
1751 1850 1807 1879 ex
1841 1837 1948 1879 urbe
1982 1849 2124 1878 erum-

1233 1913 1340 1955 pere
1386 1907 1432 1942 et
1485 1914 1555 1943 res
1610 1902 1787 1942 amissas
1831 1901 2125 1955 recuperare.²

1232 1966 1394 2008 Justiu.
1427 1968 1455 2008 l.
1478 1977 1593 2008 xxv.
1620 1967 1812 2008 ‘Tantus
1845 1972 1988 2007 terror
2019 1965 2124 2007 G'al·

1234 2029 1306 2070 lici
1325 2030 1518 2081 nominis,
1538 2030 1628 2070 sive
1648 2030 1809 2070 invicta
1827 2041 2038 2070 armorum
2058 2028 2124 2070 fe·

1234 2094 1376 2134 licitas
1397 2100 1508 2143 erat,
1541 2100 1589 2135 ut
1615 2095 1740 2134 aliter
1767 2105 1906 2147 neque
1926 2095 2125 2147 majesta·

1235 2163 1323 2198 tem
1342 2169 1461 2198 suam
1494 2163 1648 2208 tutam,
1677 2169 1816 2210 neque
1845 2157 2039 2198 amissam
2059 2169 2125 2197 re-

1235 2231 1445 2272 cuperare
1476 2233 1523 2260 se
1552 2232 1678 2272 posse
1714 2221 1807 2261 sine
1842 2219 2012 2262 Gallica
2040 2220 2126 2261 vir-

1234 2287 1326 2323 tute
1345 2282 1695 2323 arbitrarentur.’
1726 2282 1927 2323 Gebhard.

1289 2345 1354 2386 Hi
1398 2358 1516 2397 quum
1562 2347 1725 2386 Samum
1765 2345 1935 2399 profecti
1977 2347 2124 2400 essent]

1234 2409 1415 2449 Diodor.
1435 2409 1565 2450 Sicul.
1596 2421 1673 2450 xv.
1705 2421 1791 2450 nou
1822 2410 2123 2450 Menestheum

1233 2484 1331 2512 cum
1382 2472 1605 2525 Iphicrate
1643 2479 1688 2513 et
1729 2472 1954 2514 Timotheo
1997 2473 2125 2514 classi

1234 2532 1474 2586 praefuisse,
1505 2535 1582 2575 sed
1615 2535 1878 2588 Iphicratem
1905 2541 1952 2576 et
1970 2535 2128 2577 Chare-

1235 2603 1348 2639 tem:
1378 2610 1519 2652 neque
1538 2598 1842 2652 illossssumurm
1862 2597 1940 2640 sed
1957 2599 2126 2652 Byzan·

1235 2661 1343 2702 tium
1378 2674 1651 2714 oppugnasse
1688 2663 1839 2714 tradit,
1869 2663 1952 2704 nisi
1995 2661 2128 2716 forte,

1235 2736 1332 2777 quae
1367 2724 1428 2765 ibi
1461 2732 1611 2767 narrat
1646 2724 1869 2767 Diodorus
1902 2724 1987 2768 alio
2019 2732 2127 2768 tem-

1235 2801 1341 2841 pore
1359 2794 1482 2841 gesta
1500 2794 1614 2830 sunt.
1647 2790 1834 2832 Lambini.

1294 2852 1355 2892 Ne
1369 2853 1464 2904 quid
1481 2852 1637 2893 absente
1664 2865 1707 2893 se
1727 2857 1885 2904 gestum
1908 2852 2127 2904 videretur]

1235 2914 1463 2966 Ingenium
1497 2916 1713 2956 ambitiosi
1749 2916 1886 2957 ducis.
1939 2916 2045 2956 Tale
2080 2915 2126 2955 in

1234 2979 1511 3020 Pharnabazo
1526 2979 1701 3019 exhibet
1719 2978 1936 3019 Diodorus
1954 2978 2032 3019 lib.
2049 2988 2125 3019 xv.

1234 3043 1279 3082 in
1305 3043 1436 3083 Fabio
1463 3043 1650 3082 Valente
1676 3042 1820 3084 Tacit.
1849 3041 1967 3084 Hist.
1985 3053 2036 3083 11.
2057 3044 2123 3083 24.

1238 3106 1365 3145 Gebh.

1287 3169 1444 3220 Magna
1472 3167 1700 3221 tempestas]
1729 3167 1914 3208 Diodor.
1948 3166 2019 3210 lib.
2045 3179 2123 3208 xv.
2175 3203 2180 3206 .

1232 3235 1317 3273 Τῶν
1350 3231 1439 3284 περὶ
1475 3232 1547 3271 τὸν
1586 3229 1811 3284 Ἰφικράτην
1840 3230 1906 3271 καὶ
1941 3229 2125 3281 Τιμόθεον

1235 3293 1532 3346 ἐναντιουμένων
1549 3295 1610 3336 διὰ
1623 3295 1671 3335 τὸ
1696 3293 1861 3346 μέγεθος
1885 3295 1958 3334 τοῦ
1982 3293 2127 3335 κλύδω-

1234 3374 1312 3400 νος.
1347 3359 1545 3400 Gebhurd.
1603 3359 1790 3399 Similem
1808 3363 1931 3398 notat
1949 3357 1991 3398 iu
2012 3357 2124 3399 obsi·

1235 3422 1362 3463 dione
1381 3423 1635 3475 Byzantina,
1651 3421 1805 3462 eodem
1824 3421 1950 3462 libro.
2029 3419 2031 3421 ’

1292 3489 1414 3529 Suam
1433 3489 1590 3529 classem
1606 3487 1919 3541 suppresserant]
1940 3486 1977 3528 A
1995 3499 2124 3529 cursu
