2306 3900
284 223 309 275 Ι
1110 234 1312 275 mnax

339 359 460 400 cuivis
478 359 606 414 inopis
624 366 743 412 atque
756 361 897 413 privati
922 358 1173 413 (Graecorum

339 415 570 461 imitatione,
597 427 683 467 pro,
712 427 736 454 a
770 414 943 467 cujusvis
966 412 1097 466 inopis
1116 421 1174 453 at-

338 481 416 520 que
435 467 594 521 privati)
621 468 714 515 xvii,
741 472 767 509 ’1
807 468 916 508 domi
942 468 1026 507 nati
1049 467 1176 507 domi·

341 534 420 572 que
457 521 551 561 facti
584 521 750 561 artifices
786 521 911 562 Attici
958 522 1022 575 (in
1057 522 1175 561 domo

343 573 430 625 ejus
449 575 585 626 geniti,
603 576 772 622 educati,
803 575 984 623 instituti,
1005 588 1087 614 non
1105 574 1177 614 ali-

347 629 453 667 unde
472 629 563 667 emti
583 628 840 682 conductive)
858 643 946 677 xxv,
967 633 1018 670 13
1037 630 1176 669 domus

343 682 544 721 amoenitas
563 695 644 722 non
673 682 840 722 aedificio
858 684 925 723 sed
953 682 1065 736 sylva
1082 695 1176 722 con·

344 736 485 782 stabat,
505 736 602 776 ibid.
648 737 689 776 in
708 738 868 776 domum
897 736 995 791 (vel,
1023 743 1068 775 ut
1096 736 1176 783 alii,

344 788 523 842 domum)
553 803 659 829 suam
690 789 786 830 nihil
815 803 988 843 unquam
1012 791 1178 829 contulit

344 841 551 894 Agesilaus
580 844 671 891 xvii,
690 847 714 884 7
759 845 918 883 domum
945 843 1178 883 Hannibalis

346 907 370 934 a
387 895 650 936 fundamentis
670 895 908 948 disjecerunt
925 897 1038 936 Poeni
1070 897 1178 950 (tan-

345 962 464 1000 quam
509 950 716 1002 proditoris
763 956 806 989 et
849 950 1062 1003 majestatis
1101 950 1178 1003 rei)

345 1002 454 1050 xxiii,
472 1007 497 1044 ⁷
526 1003 613 1057 (Sic
645 1003 817 1043 Romani
842 1005 960 1044 etiarn
990 1004 1180 1044 solebant.

346 1056 499 1095 Notum
517 1064 578 1096 est
596 1056 880 1110 AEquimelium
899 1059 1006 1110 apud
1025 1057 1179 1098 Livium

348 1111 403 1157 ir,
422 1114 487 1150 16.
529 1111 593 1151 Sic
608 1112 671 1152 M.
691 1111 823 1151 Flacci
845 1118 886 1151 et
897 1110 1094 1151 Saturnini
1113 1126 1181 1165 pe-

348 1170 459 1203 nates
486 1165 536 1203 ab
554 1165 641 1204 imis
657 1166 922 1204 fundamentis
951 1166 1052 1205 eruti
1079 1173 1182 1205 sunt.

348 1232 387 1256 v.
425 1217 516 1257 val.
545 1219 709 1257 Maxim.
737 1218 790 1266 vi,
806 1222 847 1259 3.
874 1218 1063 1259 Politicos
1095 1233 1183 1272 pas-

350 1271 436 1318 sim,
469 1277 509 1310 et
535 1273 578 1311 in
597 1273 655 1311 his
675 1273 843 1318 Piccart,
874 1274 1064 1312 observat.
1095 1275 1182 1313 dec.

349 1324 407 1371 iii,
428 1324 490 1377 1).
519 1325 559 1364 in
589 1327 706 1364 domo
736 1339 808 1365 sua
836 1326 964 1366 facere
1002 1328 1185 1380 mysteria

352 1378 483 1431 (domi
501 1392 598 1427 suae,
618 1386 662 1418 ut
678 1380 796 1432 vulgo
819 1380 1033 1432 loquimur)
1077 1380 1144 1427 vii,
1158 1385 1181 1421 3

350 1432 469 1471 domo
495 1446 535 1472 se
567 1439 698 1472 tenere
727 1447 790 1480 xv,
822 1437 874 1473 10
909 1433 997 1486 (Sic
1031 1432 1183 1481 Cicero,

350 1498 422 1537 pro
451 1486 569 1525 domo
610 1500 706 1525 sua:
738 1487 855 1525 domo
895 1501 957 1526 me
988 1487 1184 1527 contineo.

352 1538 544 1592 Virgilius
578 1539 723 1592 Georg.
742 1544 783 1580 3.
836 1544 847 1563 ‘
863 1540 983 1580 Hunc
1013 1554 1186 1594 quoque,

354 1593 423 1631 ubi
441 1600 510 1632 aut
535 1594 669 1632 morbo
689 1593 815 1646 gravis
834 1600 903 1632 aut
926 1594 1011 1645 jam
1034 1596 1189 1646 segnior

346 1646 468 1689 *annis
494 1646 656 1692 Deficit,
694 1647 796 1687 abde
824 1646 991 1699 domo.’)
1035 1647 1189 1688 Domus

306 1729 308 1732 v
353 1699 442 1753 (pro
453 1699 539 1739 loco
549 1699 758 1753 domicilii)
771 1715 780 1739 ε
791 1701 948 1739 domum
959 1701 1191 1741 Chersonesi

352 1754 495 1793 habere
527 1753 791 1807 (domicilium
819 1761 860 1793 et
889 1755 1005 1793 fixam
1034 1755 1189 1808 sedem)

353 1806 382 1854 i,
402 1811 428 1847 2
468 1806 576 1846 domi
606 1807 726 1847 creati
751 1809 887 1847 decem
918 1814 1100 1861 praetores
1126 1808 1191 1863 (in

353 1861 442 1913 ipsa
451 1862 545 1900 urbe
560 1860 822 1914 Athenarum)
846 1863 875 1909 i,
894 1865 921 1902 4
959 1864 1078 1902 domo
1097 1876 1188 1914 pro-

358 1915 482 1954 ficisci
509 1914 538 1961 i,
559 1919 597 1955 1.
636 1919 663 1956 2
709 1916 827 1955 domo
846 1915 1007 1956 nuntius
1025 1916 1190 1956 eivenit

356 1967 683 2021 (Lacedaemone)
723 1970 815 2016 xvii,
845 1972 872 2009 4
928 1970 1064 2009 domos
1101 1983 1189 2010 suas

357 2022 559 2062 discedere
594 2022 637 2069 ii,
658 2026 683 2063 4
727 2022 880 2063 Domus
918 2025 1009 2076 (pro
1042 2023 1190 2063 familia

356 2089 424 2115 seu
443 2076 607 2129 gente):
628 2077 766 2116 domus
779 2083 820 2117 et
837 2077 994 2116 familiae
1014 2077 1191 2131 Philippi

356 2129 608 2169 inimicissimi
638 2130 745 2178 xviii,
764 2136 791 2171 6
831 2132 871 2169 in
891 2131 1050 2171 domum
1069 2132 1188 2171 alicu-

353 2182 421 2235 jus
436 2183 601 2235 plurima
618 2184 720 2223 mala
738 2185 877 2224 inferre
895 2184 1102 2238 (familiam
1121 2186 1191 2225 ali-

357 2237 472 2289 cujus
494 2238 625 2277 multis
637 2239 789 2277 damnis
807 2239 980 2292 afficere)
1008 2240 1051 2286 ii,
1071 2243 1097 2279 9

305 2290 547 2330 Domesticae
566 2304 625 2330 res
637 2291 759 2344 (vires
773 2292 955 2344 propriae,
974 2293 1192 2345 intestinae)

276 2375 283 2379 .
358 2343 466 2390 xxiii,
484 2349 534 2384 10
554 2344 768 2383 domestico
788 2358 937 2383 summo
958 2359 1098 2397 genere
1111 2352 1196 2385 erat

361 2395 468 2443 xviii,
489 2401 509 2437 1
528 2396 605 2450 (ita
617 2396 893 2450 περιφράζεται
911 2399 1015 2438 domi
1031 2399 1194 2452 nobilis)

306 2449 460 2489 Donati
490 2451 639 2503 magnis
670 2452 893 2491 muneribus
920 2451 963 2498 ii,
996 2456 1061 2492 10.
1094 2453 1148 2500 ix,
1167 2457 1194 2493 4

361 2503 529 2556 praemiis
558 2503 650 2550 xvii,
670 2507 694 2544 3
737 2505 889 2544 coronis
927 2501 1052 2544 aureis
1082 2507 1149 2552 vii,
1167 2511 1194 2546 6

359 2558 419 2611 (v.
439 2556 609 2610 Coton.)
627 2565 880 2598 monumento
899 2558 1067 2612 sepulcri
1083 2574 1120 2608 x,
1145 2563 1195 2600 10

362 2612 423 2665 (v.
440 2611 642 2663 Sepulcr.)

309 2666 510 2705 Donicum
529 2666 621 2718 (pro
640 2664 791 2719 donec)
820 2665 913 2713 xxii,
930 2670 950 2706 1
986 2666 1087 2719 (qua
1100 2679 1196 2706 voce

362 2725 404 2759 et
423 2719 602 2767 Plautus,
622 2718 776 2766 Cicero,
798 2719 1016 2767 Lucretius,
1038 2719 1105 2759 alii
1124 2721 1197 2760 usi.

362 2787 400 2812 v.
456 2773 625 2825 Sosipat.
673 2773 825 2813 Charis.
872 2773 960 2812 Lib.
996 2778 1037 2814 2.
1065 2773 1196 2814 Instit-

363 2826 536 2933 Gratn3m.
556 2840 648 2880 pag·
667 2831 759 2868 178.
783 2834 829 2867 et
849 2826 985 2867 Gifan.
1003 2827 1095 2867 Ind.
1116 2828 1196 2867 Lu-

364 2893 430 2920 cre
451 2907 461 2919 .

317 2934 473 2973 Donum
492 2932 582 2972 Deo
601 2934 693 2973 dare
721 2933 774 2981 iv,
796 2939 817 2974 1
862 2933 982 2987 (inter
1007 2935 1197 2974 solennia.

365 2987 430 3026 Sic
462 2986 565 3026 enim
601 2986 713 3026 scrib.
734 2987 788 3027 D.
807 2987 862 3027 D.
881 2989 941 3028 vel
960 2988 1015 3027 D.
1035 2989 1084 3028 P.
1102 2989 1129 3028 i.
1162 3002 1198 3028 e.

367 3042 515 3080 donum
533 3038 659 3086 dedit,
679 3041 826 3080 donum
841 3041 985 3093 posuit.
1013 3042 1116 3081 Vide
1147 3043 1199 3081 de

368 3107 474 3133 more
495 3099 577 3132 toto
606 3093 695 3132 Diis
713 3095 819 3134 dona
838 3095 999 3147 figendi,
1023 3094 1199 3142 dicandi,

367 3147 557 3193 sacrandi,
588 3146 712 3199 iisque
751 3149 1022 3200 inscriptiones
1051 3150 1199 3188 adden-

369 3202 411 3239 di
443 3199 617 3240 Brisson.
646 3201 800 3241 formul.
828 3202 915 3242 Lib.
936 3207 972 3243 1.
1002 3208 1043 3242 et
1059 3202 1201 3242 Toma-

369 3253 442 3291 sin.
494 3256 544 3293 de
589 3254 787 3296 Donariis.
835 3257 998 3309 Proprie
1029 3255 1202 3296 reddidit

369 3306 498 3345 Poeta
535 3310 667 3357 μνῆμα
702 3309 955 3363 ἀνατιθέναι.)
973 3310 1103 3349 ‘donos
1130 3309 1202 3349 sibi

369 3359 474 3453 (ἐειῐίτ
489 3360 580 3399 Indi
618 3362 777 3413 quidam
807 3378 831 3403 a
862 3377 952 3417 rege
983 3364 1198 3410 Baetorum,

405 3425 434 3450 r.

316 3465 488 3507 Dotibus
507 3466 558 3505 de
588 3468 719 3508 aerario
746 3470 942 3510 communi
961 3470 1061 3511 datis
1080 3470 1203 3511 collo-

1289 365 1387 399 catae
1405 359 1585 400 Aristidis
1621 359 1712 399 filiae
1735 357 1795 407 iii,
1810 362 1836 400 8
1881 356 2111 412 (Nomadas

1254 436 1257 437 ν
1289 426 1386 462 mos,
1403 427 1481 467 quo
1500 413 1623 467 Resp.
1638 414 1732 453 olim
1742 412 1909 454 virorum
1921 414 2022 453 bene
2034 425 2114 452 me-

1289 467 1447 508 ritorum
1479 468 1578 508 filias
1611 480 1801 521 pauperes
1836 467 1886 506 ab
1929 466 2115 506 indotatis

1291 521 1438 573 nuptiis
1467 521 1696 562 liberalitate
1727 534 1797 561 sua
1813 519 2042 568 vindicavit,
2071 525 2118 559 ut

1290 575 1462 628 loquitur
1477 575 1568 616 Val.
1587 577 1699 616 Max.
1715 576 1768 623 iv,
1795 578 1837 622 4,
1853 578 1919 615 10.
1947 573 2017 614 ubi
2031 572 2118 612 Ro·

1291 629 1416 722 11131ani2¹x
1463 642 1619 737 (guoque
1651 632 1753 670 hanc
1791 629 1946 668 laudem
1980 626 2120 667 defert.

1330 696 1400 723 nec
1416 697 1468 723 er.

1239 735 1413 776 Drusilla
1446 743 1561 776 natus
1594 735 1771 776 Tiberius
1789 733 1979 777 Claudius
2009 733 2120 775 Nero

1296 789 1488 842 (conjuge
1526 789 1610 829 scil.
1635 789 1723 828 Tib.
1752 789 1910 830 Claudii
1937 788 2121 836 Neronis,

1294 855 1382 895 quae
1402 849 1492 896 post
1508 842 1689 896 Augusto
1707 841 1856 895 nupsit,
1873 841 1985 882 Livia
2015 841 2122 882 Dru-

1295 896 1403 949 silla)
1432 910 1521 944 xxv,
1542 901 1595 937 19

1242 949 1420 989 Dubium
1445 949 1593 990 nemini
1629 956 1689 989 est
1715 949 1768 997 ix,
1788 953 1811 990 1
1859 949 2022 989 dubium
2039 961 2125 990 esse

1295 1004 1443 1043 nemini
1459 1005 1578 1044 debet
1604 1004 1710 1050 xxiii,
1725 1008 1752 1045 2
1780 1002 1865 1044 sine
1882 1003 2004 1044 dubio
2031 1002 2127 1052 xvii,

1297 1061 1322 1097 7
1353 1058 1435 1111 (hae
1453 1058 1628 1098 formulae
1646 1057 1837 1097 affirmant
1853 1057 1956 1111 rem)
1984 1082 1987 1086 >

1243 1110 1411 1158 Dubito,
1438 1125 1490 1151 an
1506 1111 1794 1166 Thrasybulum
1813 1109 1978 1164 primum
2002 1109 2128 1150 omni-

1299 1178 1365 1204 um
1385 1179 1528 1218 ponam
1547 1165 1767 1219 (eleganter
1784 1178 1869 1218 pro,
1897 1177 2027 1204 annon
2054 1176 2126 1217 po-

1299 1232 1404 1266 nam,
1426 1221 1502 1266 vel,
1521 1233 1569 1260 eo
1589 1220 1750 1267 inclino,
1782 1225 1828 1258 ut
1843 1217 2011 1280 ponam)
2046 1217 2130 1266 viii,

1302 1277 1323 1313 1
1355 1273 1439 1326 (Cl.
1467 1273 1645 1313 Vorstius
1676 1274 1731 1313 sic
1748 1271 1942 1312 reddidit:
1970 1272 2132 1312 fortasse

1300 1328 1506 1378 ponendus
1524 1327 1616 1381 est).
1634 1341 1715 1367 non
1734 1327 1871 1367 dubito
1884 1326 1967 1366 fore
1985 1325 2132 1378 pleros-

1301 1393 1394 1432 que,
1407 1381 1474 1432 qui
1493 1380 1581 1428 &c.,
1604 1382 1720 1420 Praef.
1769 1393 1848 1420 non
1867 1380 2072 1419 dubitabat
2088 1392 2131 1418 se

1301 1440 1599 1474 consecuturum
1622 1434 1690 1482 vii,
1705 1439 1732 1475 9
1760 1447 1803 1474 se
1825 1434 2044 1472 habiturum
2077 1433 2133 1479 vi,

1303 1490 1328 1527 3
1379 1500 1494 1527 nemo
1528 1487 1734 1528 dubitabat
1765 1487 1914 1540 aliquid
1946 1487 1997 1526 de
2034 1499 2132 1539 pace

1301 1553 1385 1580 esse
1408 1541 1594 1593 scriptum
1623 1541 1792 1590 xxiii,11
1823 1541 1986 1596 (Cicero
2005 1547 2047 1580 et
2057 1540 2133 1580 Te-

1303 1594 1450 1632 rentius
1481 1595 1696 1634 dixissent:
1737 1596 1833 1646 quin
1877 1594 1997 1634 futuri
2041 1595 2133 1641 sint,

1305 1647 1402 1699 quin
1421 1654 1699 1688 consecuturus
1732 1649 1796 1696 sit,
1822 1648 1917 1700 quin
1935 1648 2135 1687 habiturus

1305 1701 1367 1747 sit,
1381 1701 1476 1753 quin
1483 1701 1667 1754 scriptum
1680 1703 1743 1743 sit.
1758 1699 1960 1755 Lambin.)
1970 1714 2051 1741 non
2062 1703 2135 1740 du-

1307 1755 1446 1794 bitavit
1477 1755 1716 1796 committere
1742 1756 1916 1808 praelium
1957 1755 2064 1803 xxiii,
2085 1760 2131 1796 ll

1307 1808 1517 1861 confligere
1545 1810 1622 1857 xvi,
1643 1816 1666 1851 5
1689 1811 1761 1863 (de
1775 1809 1919 1849 fiducia
1931 1815 1974 1848 et
1985 1816 2138 1861 promto

1304 1862 1484 1916 conatu).
1522 1877 1572 1903 ne
1603 1863 1798 1903 dubitaret
1815 1864 1956 1903 ducere
1983 1861 2090 1911 xxiii,
2111 1866 2138 1904 2

1305 1917 1436 1956 venire
1482 1916 1576 1964 xvii,
1607 1921 1634 1958 4
1679 1916 1747 1971 (ut
1781 1916 1940 1957 omnino
1975 1916 2140 1965 veniret,

1305 1971 1383 2018 vel,
1413 1984 1464 2010 ne
1495 1971 1668 2011 differret
1697 1972 1854 2019 ducere,
1889 1971 2036 2011 venire.
2077 1970 2143 2011 Ita

1306 2023 1409 2064 Flor.
1437 2025 1466 2073 i,
1486 2029 1526 2072 7,
1545 2029 1586 2066 6.
1632 2031 1673 2066 et
1690 2025 1800 2068 Curt.
1820 2024 1874 2072 vi,
1891 2027 1934 2072 4,
1953 2028 2019 2066 14.
2062 2023 2139 2064 Te-

1306 2079 1452 2118 rentius
1479 2080 1660 2119 dixisset:
1691 2093 1742 2119 ne
1775 2083 1968 2119 vereretur
1981 2079 2140 2127 ducere,

1308 2131 1461 2185 venire)

1254 2184 1412 2226 Ducere
1430 2186 1623 2226 exercitus
1651 2186 1758 2233 xviii,
1776 2190 1826 2227 18
1845 2186 2056 2226 exercitum
2070 2186 2141 2226 ad-

1311 2253 1444 2279 versus
1462 2241 1631 2293 aliquem
1675 2255 1738 2288 xv,
1757 2244 1782 2280 ‘1
1826 2251 1945 2280 naves
1963 2253 2011 2280 ex
2028 2239 2142 2293 Syria

1310 2293 1351 2331 in
1368 2293 1503 2332 Asiam
1532 2293 1639 2340 xxiii,
1659 2298 1686 2334 8
1731 2293 1901 2345 aliquem
1919 2293 1960 2332 in
1978 2305 2142 2333 errorem

1311 2346 1388 2398 (sic
1424 2347 1530 2398 vulg.
1565 2347 1658 2386 edd.
1690 2347 1760 2385 sed
1779 2359 1851 2385 nos
1870 2359 1893 2385 e
1911 2346 1994 2386 Ms.
2016 2345 2144 2386 edidi-

1311 2412 1411 2445 mus,
1450 2399 1656 2452 inducere)
1701 2400 1810 2447 xxiii,
1838 2403 1866 2440 9
1894 2398 2063 2453 aliquem
2100 2399 2143 2439 in

1310 2453 1547 2499 convivium,
1560 2453 1676 2492 Praef.
1691 2452 1782 2506 (pro
1796 2466 1875 2506 quo
1892 2453 2038 2493 Noster
2050 2452 2146 2493 ibid.

1311 2505 1408 2546 dicit
1423 2521 1432 2545 ε
1453 2507 1638 2546 adhibere
1653 2506 1822 2559 aliquem
1832 2505 1875 2545 in
1888 2506 2146 2560 convivium).

1312 2560 1454 2600 ducere
1470 2560 1591 2599 feram
1602 2560 1768 2600 bestiam
1783 2565 1939 2613 captam
1976 2559 2148 2623 vinctam

1313 2613 1450 2707 ἓίὲὶθιιξξι)
1470 2614 2149 2722 Ῑ-ῗὲξῃῗὺαὲιῐῖιιὲηωΙ-ῗζΐαηίἒῐῒιιὲἒὲ

1312 2721 1588 2775 contubernio)
1633 2721 1740 2769 xxiii,
1760 2725 1784 2762 3
1831 2722 1974 2762 ducere
1998 2720 2150 2784 aliquid

1314 2788 1446 2815 secum
1479 2774 1553 2828 (de
1571 2788 1664 2814 auro
1683 2789 1714 2815 s.
1735 2775 1936 2829 thesauro)
1979 2774 2089 2823 xxiii,
2119 2779 2150 2816 9

1313 2829 1458 2869 ducere
1494 2829 1749 2882 (existimare,
1798 2827 1976 2881 credere)
2018 2828 2086 2876 vii,
2121 2832 2148 2870 ⁷

1314 2881 1457 2923 ducere
1485 2883 1592 2922 laudi
1611 2882 1838 2935 (tribuere),
1854 2882 1971 2922 Praef.
2006 2882 2150 2922 ducere

1314 2936 1461 2975 bellum
1481 2937 1746 2990 (protrahere)
1778 2937 1857 2983 xiv,
1877 2940 1903 2977 8
1948 2934 2026 2990 (ita
2044 2949 2150 2989 saepe

1316 2988 1400 3029 Cic.
1438 2990 1539 3030 Caes.
1573 2989 1666 3029 alii:
1706 3003 1800 3043 opp.
1820 2990 1953 3030 sedare
1988 2989 2151 3038 bellurn,

1315 3043 1434 3096 ibid.)
1479 3044 1623 3083 ducere
1660 3044 1806 3083 bellum
1849 3056 1967 3096 quam
2011 3042 2151 3084 diutis-

1316 3095 1411 3136 sime
1470 3098 1560 3136 eod.
1597 3097 1751 3150 signif.)
1801 3096 1869 3144 vii,
1905 3100 1932 3138 8
1991 3096 2152 3150 (Quan-

1315 3163 1433 3202 quam
1490 3151 1515 3189 l.
1543 3150 1736 3199 vorstius,
1755 3163 1873 3203 quem
1890 3149 1996 3198 vide,
2023 3149 2151 3202 priore

1318 3204 1405 3243 loco
1420 3204 1435 3226 ⁴
1447 3203 1541 3244 duci
1559 3205 1734 3252 bellum3’
1755 3204 2028 3256 interpretatur
2039 3209 2051 3227 ⁸
2067 3203 2152 3243 bel-

1318 3257 1397 3296 lum
1407 3257 1515 3310 geri.'
1534 3257 1576 3296 N
1580 3271 1646 3305 zm,
1659 3258 1801 3311 inquit,
1817 3257 1914 3297 dicit
1931 3255 2152 3304 Cornelius,

1317 3310 1672 3363 Autophradatem,
1706 3312 1812 3365 quod
1843 3309 1990 3350 videret
2007 3309 2152 3349 bellum

1320 3364 1412 3405 duci
1444 3364 1589 3416 majore
1620 3365 1743 3417 Regis
1774 3363 1997 3403 calamitate
2033 3375 2151 3414 quam

1319 3418 1637 3465 adversariorum,
1670 3418 1808 3458 fecisse
1825 3429 1914 3455 eum
1934 3415 2025 3454 belli
2044 3429 2152 3456 com-

1319 3472 1506 3523 pendium
1521 3478 1561 3512 et
1572 3471 1749 3513 celeriter
1767 3470 1911 3511 bellurn
1924 3470 2152 3521 confecisse,
