2306 3900
761 287 895 328 xlv.
960 287 1294 339 DATA-MEM,
1335 288 1469 327 oAP.
1507 273 1563 326 8.

239 407 363 450 riam.
435 405 582 448 Tertia
616 404 735 446 circa
768 405 906 445 sinum
939 403 1123 445 Issicum

240 475 322 512 est.
378 468 644 523 Geographi.
687 467 802 508 Vide
829 467 941 509 Plin.
975 467 1053 509 lib.
1081 480 1122 509 v.

237 537 310 574 2⁷.
367 532 564 574 Eustath.
585 531 639 572 ad
672 531 856 584 Dionys.
883 542 996 572 vers.
1026 535 1124 572 586.

239 598 396 651 Polyb.
432 608 517 638 ιιι.
550 600 593 637 8.
651 595 792 637 Cicer.
827 595 968 649 Epist.
1005 596 1123 638 Fam.

240 672 324 704 xv.
343 665 385 703 4.
416 662 537 703 Curt.
556 671 630 703 111.
648 664 690 701 4.

252 733 256 738 '
294 725 404 773 Quin
437 725 678 777 ancipitibus
726 722 821 765 locis
859 723 1124 776 premeretur]

238 790 381 844 Supra
397 790 712 832 Themistocle:
753 789 767 812 ‘
796 787 993 842 Ancipiti
1026 800 1124 842 pre-

238 860 458 897 merentur
474 853 701 908 periculo!

292 919 406 961 Cu.
441 921 481 961 8.
530 919 674 959 Tamen
724 917 869 959 statuit
918 919 1124 972 congredi]

238 981 436 1022 Lambin.
464 981 591 1022 satius
616 980 672 1021 de
703 992 781 1021 suo
811 979 1026 1021 addidisse
1047 981 1126 1033 ait,

240 1045 492 1086 Graecorum
509 1045 708 1098 exemplo
720 1043 813 1098 (qui
830 1043 1023 1098 μᾶλλον).
1046 1045 1127 1085 La-

239 1108 319 1148 tini
346 1107 479 1161 potius
500 1108 570 1148 vel
598 1108 729 1160 magis
747 1108 951 1149 exaudire
971 1108 1130 1159 solent,

239 1175 292 1211 ut
326 1170 408 1211 hoc
444 1171 540 1212 loco
584 1171 845 1213 membranae
885 1177 1046 1213 nostrae
1083 1177 1128 1213 et

236 1231 409 1274 Gifanii
437 1232 566 1274 fidem
594 1233 765 1276 faciunt
784 1247 1016 1290 omnesque
1036 1235 1127 1277 edi·

237 1297 378 1338 tiones
406 1302 533 1339 extra
562 1298 898 1351 Lambinianam‚
925 1299 1129 1341 observat

238 1361 440 1402 Muretus
461 1360 515 1402 ad
535 1361 734 1402 Eunuchi
758 1362 925 1415 prolog.
941 1374 966 1402 e
984 1362 1128 1403 Nonio

234 1424 453 1465 'Marcello
491 1424 788 1479 exemplisque
829 1425 1021 1467 illustrat
1055 1437 1126 1466 co-

235 1486 341 1529 mici
355 1487 463 1528 illud
480 1501 492 1529 ς
519 1487 532 1509 ‘
554 1487 600 1528 Si
620 1488 844 1542 quisquam
862 1493 930 1530 est
945 1489 1018 1542 qui
1037 1489 1128 1542 pla·

239 1563 341 1593 cere
361 1563 408 1592 se
426 1550 599 1592 studeat
614 1551 736 1592 bonis
748 1551 888 1595 Quam
902 1551 1126 1605 plurimis.'

238 1614 375 1656 Plura
408 1614 623 1668 congessit
654 1614 870 1656 Antonius
895 1615 1127 1669 Augustin.

235 1677 422 1719 Emend.
449 1677 525 1720 lib.
541 1690 606 1719 vr.
631 1682 671 1719 8.
698 1677 851 1720 Schott.

158 1753 161 1755 ’
295 1742 405 1789 Quos
420 1742 485 1783 illi
507 1743 703 1783 Cardaces
720 1742 937 1796 appellant]
965 1743 1125 1785 Garda-

238 1807 304 1846 tas
336 1810 500 1858 noster,
539 1805 731 1860 editiqne
771 1810 933 1848 omnes'
954 1807 1124 1849 vitiose.

240 1868 422 1910 Rectius
444 1869 652 1909 Gardacas
676 1867 842 1910 Gifanii
860 1869 1029 1923 Codex,
1060 1882 1126 1912 re·

240 1931 600 1986 scribendumque
611 1933 810 1974 Cardacas
819 1939 1016 1976 veterum
1031 1947 1128 1976 anc-

237 1995 421 2037 toritate
465 1995 732 2039 Graecorum.
807 1997 999 2052 Hesych.
1049 1999 1125 2040 ob·

239 2071 388 2102 neure:
411 2056 609 2112 Κάρδακες
623 2059 661 2100 oi
677 2059 1006 2114 στρατευσάμενοι
1032 2061 1127 2116 βάρι

239 2125 356 2176 βαροι
372 2123 446 2164 ὑπὸ
464 2126 624 2178 Περσῶν
642 2123 694 2166 εἷς
707 2124 855 2167 Ἀσίαν.
869 2124 970 2167 οὕτω
983 2128 1126 2168 καλοῦ·

240 2199 284 2228 σι
299 2186 395 2229 τοὺς
421 2186 677 2241 στρατιώτας,
704 2187 782 2229 ἀπὸ
800 2186 928 2231 ἔθνους
943 2188 969 2238 ᾖ
989 2188 1125 2232 τόπου.

232 2250 398 2292 Strabo
412 2251 488 2293 lib.
501 2263 577 2293 κν.
605 2253 830 2294 Καλοῦνται
845 2252 889 2294 δὲ
902 2250 1008 2296 οὗτοι
1023 2253 1126 2308 Κάρ-

239 2315 354 2357 δακες
390 2314 468 2357 ἀπὸ
501 2314 669 2358 uxorias
697 2314 939 2370 τρεφόμενοι.
992 2316 1126 2373 Κάρδα

240 2378 321 2432 ’γὰρ
336 2378 386 2419 τὸ
409 2381 594 2434 ἀνδρῶδες
624 2378 691 2422 καὶ
714 2380 926 2434 πολεμικὸν
950 2380 1126 2434 λέγεται.

239 2445 444 2488 Meminit
460 2451 507 2488 et
524 2445 733 2488 Arrianus
749 2447 823 2489 lib.
842 2457 895 2488 11.
922 2447 976 2488 de
996 2448 1126 2500 gestis

240 2508 494 2561 Alexandri,
513 2514 559 2552 et
575 2510 826 2552 Pausanias.
873 2511 1125 2553 Ammonius

241 2574 361 2623 item,
381 2574 472 2615 sive
490 2573 775 2627 philoponum,
802 2574 838 2615 is
858 2579 925 2616 est
942 2574 1029 2628 περὶ
1047 2573 1127 2616 δὶα·

239 2635 369 2690 φόρων
390 2634 546 2688 λέξεων.
599 2635 752 2690 Κάρδαξ
777 2635 824 2677 δέ
851 2652 912 2679 τις
943 2638 1126 2679 ἐκαλεῖτο

241 2700 508 2754 στρατιώνηςι
529 2701 662 2741 Plura
681 2701 927 2742 Eustathius
944 2713 999 2742 ex
1015 2702 1125 2743 AElio

240 2763 464 2818 Dionysio,
503 2775 553 2805 ac
594 2763 892 2818 Theopompo,
937 2766 1126 2819 itemque

242 2827 349 2869 Cael.
369 2825 630 2879 Rhodiginns
654 2827 731 2870 lib.
752 2838 888 2869 xvm.
919 2832 958 2871 1.
987 2829 1127 2871 Schot-

241 2892 320 2931 tus.
377 2888 561 2942 Scripsit
581 2890 748 2943 Nepos,
774 2891 855 2931 nisi
874 2902 942 2932 me
962 2893 1126 2933 animus

242 2952 372 3006 fallit,
413 2965 498 2994 non
539 2954 751 3003 Gar-dates,
803 2954 878 2996 sed
917 2957 1127 2998 Car-daces.

243 3017 438 3069 Brisson,
458 3017 486 3070 l,
507 3028 579 3058 111.
600 3017 655 3057 de
675 3017 829 3070 Regno
849 3019 1097 3062 Persarum.

302 3081 399 3122 Tria
418 3081 691 3134 funditorum]
720 3082 828 3123 Tria
861 3080 1126 3126 funditorum

242 3143 389 3184 millia.
419 3143 602 3184 Lambim

302 3207 576 3260 Cappadocum
588 3205 692 3257 octo]
714 3207 995 3261 Cappadocia
1009 3209 1125 3252 Asiae

242 3269 420 3311 minoris
448 3270 583 3320 regio,
613 3281 740 3322 qnam
762 3270 921 3313 Strabo
947 3274 990 3313 in
1018 3273 1126 3315 duas

245 3333 451 3387 satrapias
479 3345 504 3373 a
531 3333 674 3373 Persis
697 3331 876 3375 divisam
897 3337 1056 3388 tradit;
1084 3339 1127 3378 in

246 3410 340 3438 eam
369 3397 547 3451 quippe,
572 3409 669 3450 quae
704 3396 866 3451 Magna
897 3399 1054 3441 dicitur
1082 3406 1127 3442 et

241 3454 523 3514 'Cappadocia
550 3459 603 3500 ad
628 3459 838 3502 Taurum:
870 3466 915 3502 et
936 3462 1127 3516 alteram,

1958 272 2063 326 571

1188 417 1283 459 quae
1299 405 1483 447 Pontica
1499 409 1676 447 vocatur
1688 409 1734 447 et
1743 404 1926 457 Pontus,
1939 416 2067 457 quam

1189 467 1312 509 Arias
1323 468 1557 510 Montanus
1575 480 1630 510 ex
1643 467 1817 510 Onkelo
1832 479 1925 509 esse
1936 466 2069 508 docet

1188 531 1471 573 Hebraeorum
1481 532 1775 585 Caphthorim.
1821 530 1894 573 Ab
1912 543 2070 572 occasu

1187 594 1396 636 minorem
1429 595 1677 636 Armeniam
1710 595 1898 637 claudit:
1927 607 1954 636 a
1973 607 2070 648 sep-

1187 658 1404 700 tentrione
1436 658 1564 711 longo
1589 659 1739 699 littore
1775 659 1820 699 in
1854 658 2069 700 Euxinum

1184 721 1474 775 expanditur:
1515 733 1541 762 a
1571 722 1751 763 meridie
1783 727 1962 775 angusto
1994 734 2070 763 ex-

1187 796 1316 826 cursu
1335 784 1533 825 Ciliciam
1550 784 1755 838 attingit;
1774 790 1824 826 ut
1843 786 1897 826 ab
1916 797 2070 827 occasu

1187 859 1333 889 rursus
1356 847 1574 889 Galatiam
1608 852 1654 888 et
1685 847 1895 901 reliquam
1927 847 2070 901 Paph-

1186 909 1401 962 lagoniam
1428 909 1551 952 finit:
1595 910 1651 952 ab
1676 910 1844 952 oriente
1871 922 2070 963 magnam

1187 973 1322 1014 habet
1357 973 1605 1016 Armeniam
1634 974 1762 1027 juxta
1789 974 2070 1027 Euphratem.

1191 1039 1434 1092 Geographi.

1242 1102 1520 1144 Armeniorum
1536 1102 1683 1155 decem]
1712 1104 1821 1147 Quae
1849 1115 1953 1156 gens
1985 1102 2071 1145 fuit

1189 1166 1420 1208 admodum
1453 1169 1676 1221 populosa.
1746 1169 1918 1210 Nomen
1947 1179 2072 1209 acce·

1190 1230 1306 1283 pisse
1325 1231 1563 1273 creduntur
1595 1232 1650 1273 ab
1675 1232 1818 1280 Aram,
1844 1231 1931 1272 filio
1956 1231 2070 1272 Sem.

1190 1293 1274 1334 Vel
1309 1305 1336 1333 a
1369 1294 1602 1346 montibus,
1629 1296 1704 1349 qui
1738 1295 1956 1347 regionem
1993 1294 2073 1334 cir·

1189 1371 1461 1415 cumquaque
1512 1362 1704 1414 cingunt.
1791 1362 1967 1402 Etenim
2001 1361 2068 1399 ἿΠ

1189 1424 1395 1466 Hebraeis
1413 1437 1524 1465 mons
1541 1431 1624 1466 est.

1243 1487 1544 1540 Paphlagonum
1567 1487 1755 1541 quinque]
1783 1489 1974 1531 Quorum
2006 1499 2073 1527 re-

1189 1550 1260 1604 gio
1288 1550 1407 1593 Asiae
1429 1552 1622 1605 minoris,
1648 1553 1752 1593 olim
1780 1551 1911 1593 etiam
1932 1551 2074 1592 Palae-

1186 1614 1328 1656 menia
1345 1615 1480 1669 dicta,
1507 1616 1700 1658 Homero
1717 1616 1951 1670 incognita.

1243 1678 1452 1732 Phrygum
1477 1679 1626 1733 decem]
1655 1682 1723 1722 Ex
1760 1682 1919 1734 majore
1951 1679 2074 1720 nimi-

1188 1752 1282 1781 rum
1301 1741 1507 1796 Phrygia,
1532 1742 1649 1785 inter
1667 1742 1887 1786 Galatiam
1912 1747 1959 1784 et
1986 1742 2073 1795 Ly·

1187 1802 1302 1846 diam
1329 1805 1427 1846 sita.

1240 1869 1444 1923 Lydorum
1459 1870 1646 1924 quinque]
1674 1870 1831 1924 Lydia,
1849 1869 1968 1912 Asiae
1996 1870 2074 1911 mi-

1187 1933 1303 1973 noris
1317 1933 1436 1986 regio
1452 1933 1638 1988 antiquis
1652 1934 1939 1988 Geographis.
1957 1935 2073 1976 Vide

1187 1993 1415 2036 ortelium.

1241 2058 1551 2112 Aspendiorum]
1595 2059 1865 2114 Pamphyliae
1921 2060 2073 2114 populi

1187 2121 1416 2175 Aspendii‚
1443 2123 1497 2167 ab
1528 2123 1736 2176 Aspendo
1769 2124 1860 2176 eJns
1898 2124 2071 2176 provin-

1187 2184 1267 2225 ciae
1288 2185 1466 2238 oppido,
1483 2185 1538 2227 ad
1556 2185 1733 2228 fluvium
1748 2187 2075 2241 Eurymedonta

1188 2250 1286 2291 sita.
1319 2251 1524 2293 Gebhard.

1241 2313 1496 2367 Pisidarum]
1540 2313 1654 2356 Vide
1690 2314 1881 2356 Plinium
1917 2314 1991 2357 lib.
2025 2327 2070 2356 v.

1189 2380 1258 2420 82.

1245 2442 1432 2495 Cilicum]
1462 2441 1629 2494 Cilicia,
1656 2441 1775 2483 Asiae
1806 2441 1982 2483 minoris
2009 2453 2075 2482 re·

1189 2505 1275 2559 gio,
1303 2505 1487 2559 Joseph.
1529 2507 1716 2559 Tharsus,
1735 2505 1938 2547 Hebraeis
1969 2506 2075 2546 Cha-

1157 2565 1160 2567 *
1187 2570 1265 2623 lab,
1293 2576 1406 2611 teste
1433 2570 1512 2612 Ar.
1531 2572 1756 2613 Montano.
1810 2571 1953 2612 Hodie
1975 2570 2075 2611 Tur-

1187 2634 1365 2674 comania
1383 2639 1428 2675 et
1445 2635 1646 2686 Rnichia,
1674 2640 1723 2676 ut
1752 2633 1888 2675 refert
1906 2635 2074 2675 Marius

1188 2699 1340 2752 Niger.
1382 2699 1550 2742 Isidoro
1569 2701 1743 2742 videtur
1760 2701 1882 2742 dicta
1898 2714 1923 2742 a
1937 2701 2074 2741 Cilice

1186 2763 1386 2817 quodam,
1417 2776 1543 2817 quem
1565 2770 1704 2805 ortum
1724 2765 1945 2816 Phoenice,
1961 2764 2073 2807 Jove

1188 2827 1281 2880 ipso
1302 2828 1587 2882 antiquiorem
1607 2827 1739 2869 fuisse
1759 2828 1952 2869 tradunt.

1245 2890 1545 2944 Captianorum]
1603 2892 1886 2943 Cuspianorum
1922 2902 2075 2932 vereor

1189 2965 1244 2994 ne
1262 2954 1319 2995 sit
1338 2954 1647 3007 reponendum,
1677 2953 1833 3008 (ignoti
1850 2953 1962 2994 enim
1981 2953 2024 2994 hi
2041 2953 2075 3006 :)

1190 3017 1246 3058 de
1266 3018 1417 3072 quibus
1433 3017 1590 3059 Strabo
1608 3019 1636 3060 1.
1650 3029 1715 3060 xt.
1735 3016 1822 3058 ἔστι
1834 3017 1877 3058 δὲ
1893 3019 1965 3066 τῆς
1981 3019 2074 3057 Ἀλ-

1189 3084 1316 3129 βωῶν
1346 3082 1491 3136 χώρας,
1517 3081 1580 3123 καὶ
1598 3081 1624 3130 ἦ
1655 3081 1859 3129 nmmo->1
1875 3082 1947 3121 τοῦ
1964 3085 2072 3120 Κασ-

1187 3146 1279 3187 πίου
1309 3144 1437 3188 ἔθνους
1467 3145 1673 3197 ὁμώνυμος.
1747 3145 1992 3196 Stephanus
2029 3144 2074 3184 in

1191 3221 1299 3250 voce
1332 3203 1502 3259 Κασμῖα.
1570 3208 1657 3248 Sed
1689 3207 1768 3247 hoc
1795 3218 1882 3247 nou
1914 3205 2074 3259 probat

1191 3271 1403 3322 ortelius,
1420 3272 1531 3311 hanc
1559 3270 1614 3311 ob
1646 3281 1831 3322 causam,
1849 3270 1964 3323 qnod
1989 3281 2074 3310 cae-

1192 3334 1274 3374 teri
1295 3335 1459 3387 populi,
1477 3346 1583 3388 quos
1612 3334 1759 3386 Nepos
1788 3334 1863 3375 illo
1896 3335 1990 3375 loco
2010 3346 2074 3374 re-

1190 3402 1354 3449 censet,
1385 3409 1528 3439 omncs
1558 3397 1600 3438 in
1638 3396 1740 3440 Asia
1774 3398 1938 3439 minore
1970 3399 2070 3439 sint.

1194 3459 1317 3502 Gebh.
