2306 3900
287 274 397 330 612

286 409 352 451 tta)
381 409 566 451 παντοίας
594 409 781 452 διαθέσεις
809 410 1038 464 τραυμάτων
1063 413 1178 468 ἄπερ-

285 473 496 526 arag-Apsum
513 475 596 515 τοῖς
616 477 747 524 θυμοῖς
764 475 834 515 οὐκ
853 473 1012 526 ἔληγον.
1049 477 1177 526 Gebh,

341 538 469 583 Quam
477 538 646 578 alterum
659 538 788 578 anima
798 538 1019 591 reliquerit]
1035 540 1177 592 Neop-

283 600 506 642 tolemum.
563 600 651 642 Qui
671 606 770 652 post
801 602 1014 643 succisum
1035 603 1176 656 popli-

283 668 388 714 tem,
403 662 542 702 altero
559 674 669 714 genu
691 662 827 714 nisus,
847 664 985 705 altero
1004 665 1175 718 debilis,

281 724 425 765 valide
444 724 583 765 adhuc
603 726 787 766 Eumeni
807 726 984 767 restitit.
1029 727 1069 768 A
1088 741 1171 781 quo

281 789 457 830 tandem
487 789 532 830 in
564 789 674 830 collo
710 790 976 843 vulneratus,
996 792 1175 845 cecidit,

281 859 327 893 et
347 857 631 905 exporrectus
643 852 800 905 jacuit.
844 853 964 895 Plut.
982 854 1117 896 Diod.

334 916 500 968 Aliquot
525 917 659 969 plagis
696 917 891 957 Eumenes
924 918 1170 971 vulneratur]

275 982 452 1036 ’Έτρωσε
465 982 535 1023 τὸν
553 981 767 1023 ἀντίπαλον
786 981 838 1023 εἵς
855 996 902 1022 τε
918 982 989 1022 τὸν
1008 983 1170 1036 βραχίο-

279 1061 343 1099 να,
364 1046 428 1088 καὶ
458 1047 530 1087 τοῦ
553 1047 676 1099 μηροῦ
703 1045 808 1099 τρισὶ
833 1048 1020 1098 πληγαῖς.
1068 1048 1170 1089 1)ὶο-

281 1113 424 1153 dorus.

332 1176 411 1217 Sed
428 1187 509 1217 aer.
540 1176 643 1216 host.
673 1173 818 1227 instit.]
865 1173 1011 1217 Hostis
1029 1174 1169 1214 Mem-

276 1239 425 1280 branae
442 1245 603 1280 nostrae
621 1250 671 1279 ac
687 1237 835 1279 Gifan.
853 1250 932 1290 pro
949 1238 1109 1289 lzoeteis,
1119 1244 1170 1279 ut

275 1309 449 1344 veteres
468 1302 732 1344 scribebant.
772 1302 785 1324 ‘
806 1301 1004 1342 Instare’
1026 1307 1168 1344 autem

276 1378 372 1407 cum
395 1379 533 1408 accus.
548 1366 709 1406 dictum
731 1365 832 1405 olim
854 1370 982 1405 notat
1014 1365 1057 1405 in
1084 1365 1168 1406 Lu-

275 1435 387 1470 cret.
408 1428 618 1471 Gifanius.
659 1429 816 1469 Senon.

330 1491 503 1542 Funere]
564 1492 728 1532 Noster
765 1491 952 1543 scriptus
989 1503 1165 1545 munere,

274 1555 433 1596 vitiose
454 1554 664 1596 fortassis.
710 1555 836 1595 Idem.

331 1618 443 1659 CAP.
465 1623 502 1659 5.
536 1618 744 1658 Perdiccas
774 1619 879 1669 apud
902 1618 1058 1670 flumen
1090 1620 1164 1661 Ni-

273 1681 375 1734 lum]
419 1683 502 1723 Est
537 1682 673 1722 veluti
708 1681 936 1734 περίφρασις
967 1682 1163 1735 AEgypti,

270 1748 345 1788 vix
364 1747 476 1789 enim
497 1760 591 1788 eam
623 1753 719 1788 erat
750 1748 966 1800 ingressus
985 1747 1164 1789 Perdic-

274 1823 364 1865 can,
384 1825 480 1853 cum
511 1822 589 1864 per
607 1812 863 1852 seditionem
883 1811 1164 1852 obtruncare-

273 1883 359 1918 tur.
388 1877 553 1928 Longol.
609 1877 682 1917 De
710 1875 945 1916 miserabili
979 1875 1175 1915 transitur

273 1942 383 1994 Nili,
396 1954 480 1995 quo
499 1941 728 1982 Perdiccae
742 1940 961 1981 exercitus
980 1939 1164 1992 interiit,

270 2004 484 2045 videndus
504 2004 733 2057 Diodorus,
751 2014 889 2044 xvnt.
944 2008 947 2009 ’

324 2068 592 2123 Interflcitur]
624 2069 696 2109 Dc
733 2068 857 2120 cujus
890 2072 1045 2119 morte,
1076 2067 1163 2109 dis-

271 2133 511 2174 sentientes
531 2133 754 2186 opiniones
773 2131 908 2173 Diod.
930 2142 1071 2177 xv111.
1093 2135 1161 2173 36.

270 2197 371 2237 vide
391 2196 505 2249 apud
525 2197 662 2249 ipsum
691 2201 928 2235 auctorem.
982 2194 1096 2235 Vide
1116 2199 1164 2236 et

271 2258 533 2301 Pausaniam
561 2258 740 2310 Atticis,
774 2264 818 2299 et
853 2257 1055 2299 Orosium
1089 2269 1163 2298 ιιι.

271 2326 340 2364 23.
382 2324 581 2375 Bongars.

322 2387 362 2429 A
395 2387 572 2440 Seleuco]
633 2385 837 2427 Antiochi
871 2387 920 2426 F.
948 2385 1034 2439 .qui
1065 2389 1163 2438 post

269 2453 510 2494 Alexandri
537 2457 721 2493 mortem
758 2451 800 2491 in
838 2450 1045 2491 divisione
1083 2451 1161 2491 im-

269 2516 380 2569 perii
401 2515 527 2570 Syria
547 2527 597 2556 ac
617 2514 843 2567 Babylone
865 2514 1028 2567 potitus
1049 2513 1157 2554 fuit:

268 2587 318 2622 ut
335 2580 511 2621 tradunt
527 2578 779 2629 Cedrenns,
799 2576 1024 2630 Arrianus,
1053 2578 1161 2619 Dio·

269 2644 416 2696 dorus,
462 2648 508 2684 et
545 2642 630 2682 alii.
700 2642 867 2693 Estque
905 2640 1162 2693 Philopator

270 2708 595 2760 cognominatus
639 2705 693 2745 ad
729 2705 910 2747 aliorum
956 2702 1159 2745 differen-

269 2773 389 2815 tiam.
444 2773 542 2813 Nec
562 2771 725 2822 obstat,
753 2769 867 2823 quod
886 2768 1081 2822 Josepho
1105 2770 1161 2810 sit

272 2837 423 2890 Σωτὴρ,
440 2837 511 2891 qui
533 2836 626 2876 aliis
645 2832 882 2886 Φιλοπάτωρ.
938 2833 1159 2886 Siquidem

269 2901 363 2941 haec
395 2901 534 2952 elogia
567 2899 621 2939 ab
656 2897 954 2938 adulatoribus
975 2903 1064 2937 tam
1083 2909 1160 2950 pu·

268 2965 366 3006 tida
403 2964 695 3005 assentatione
731 2962 1078 3015 imponebantur,
1110 2967 1160 3003 ut

270 3029 314 3069 in
334 3028 592 3069 contrariam
614 3032 782 3079 partem
805 3027 1058 3079 plerumque
1074 3028 1161 3068 siut

270 3091 538 3144 accipienda.
585 3090 846 3130 Keuchenius.

329 3156 383 3195 Et
403 3153 625 3205 Antigono]
654 3153 847 3206 Philippi
870 3153 982 3204 regis
1002 3152 1159 3204 notho;

271 3219 339 3258 cui
377 3218 484 3259 Asia
517 3218 654 3258 minor
683 3228 761 3269 per
786 3217 957 3269 longum
988 3221 1158 3269 tempus

272 3280 367 3321 fere
406 3282 580 3334 parui13
628 3280 834 3333 cujusque
872 3277 1083 3320 ἐπίσκοπος
1114 3284 1160 3320 et

271 3349 444 3383 curator
458 3343 601 3383 factus
621 3343 779 3383 fuerat.

323 3404 392 3446 Aa
409 3405 667 3457 Antipatrum
695 3406 892 3458 defertur]
938 3406 1159 3448 Diodorus

269 3475 436 3523 nar-rat,
456 3474 687 3521 antequam
707 3470 785 3510 hoc
812 3470 975 3511 factum
995 3470 1064 3519 sit,
1085 3471 1158 3510 im-

674 289 854 332 No'rAE
895 290 1236 335 VARIORUM
1277 293 1347 337 ΙΝ
1387 296 1439 338 C.
1479 292 1746 340 N‘Epo'rls

1241 416 1352 468 perii
1365 415 1581 460 'summam
1603 424 1649 461 et
1677 421 1826 473 regum
1857 411 2132 464 cur'a'tlot'teur⁴

1240 479 1418 522 Pithoni
1448 488 1494 523 et
1525 483 1726 524 Arridaeo
1745 484 1960 525 sententia
1978 485 2127 527 Ptole-

1239 544 1337 584 maei
1375 551 1422 587 et
1463 547 1755 588 Macedonum
1789 547 1979 590 delatam
2012 554 2125 590 esse.

1238 607 1422 650 Lambin.
1470 630 1471 633 ¹
2129 622 2133 626 ⁴

1297 672 1390 724 Hie,
1407 673 1474 725 qm·
1490 674 1763 728 deseruerant]
1791 675 1805 698 ⁴
1823 673 1940 727 Hicj’
1969 674 2014 715 id
2041 680 2134 728 estff
2153 674 2159 681 ’

1238 735 1354 787 apud
1386 734 1545 777 flumen
1579 737 1744 777 Nilum.
1799 736 1889 778 Alii
1922 737 2019 778 libri
2049 737 2124 778 bn-

1235 797 1368 850 bent3
1397 799 1474 851 Hi,
1491 800 1559 851 qui
1585 802 1858 842 deseruerant.-
1887 813 2016 854 quam
2036 802 2122 843 lec⁴

1235 861 1397 902 tionem
1412 862 1552 902 minus
1579 862 1732 914 probo.
1786 863 1985 905 Dixisset
2009 864 2124 906 enim

1235 924 1408 975 potius:
1439 925 1494 975 Ii,
1509 925 1576 976 qui
1592 926 1870 973 deseruemnt3
1897 926 1984 979 vel,
2005 927 2122 981 quod

1234 985 1395 1038 malim,
1413 988 1677 1029 deseruerant.
1718 986 1858 1029 Idem.

1292 1051 1446 1103 Capitis
1476 1050 1654 1091 absentes
1687 1050 1948 1104 damnantur]
1987 1051 2122 1095 Quin-

1187 1125 1191 1130 ⁴
1233 1115 1434 1167 quaginta
1448 1127 1545 1156 cum
1562 1116 1770 1168 Eumene,
1787 1115 1832 1155 in
1851 1115 2004 1170 quibus
2026 1122 2132 1158 crat.

1233 1183 1280 1218 et
1299 1176 1477 1220 Alcetas
1496 1178 1724 1219 Perdiccae
1740 1177 1890 1219 frater.
1918 1178 2053 1219 Diod.

1286 1242 1464 1283 Hacine
1478 1243 1680 1295 perculsus
1702 1241 1845 1294 plaga]
1884 1243 2002 1284 Cave
2021 1255 2120 1284 cum

1231 1302 1444 1345 Lambino
1474 1310 1614 1346 mutes
1649 1305 1692 1345 in
1727 1317 1945 1357 percussus.
2002 1307 2119 1348 Nam

1230 1368 1244 1390 ‘
1267 1369 1530 1420 percellere’
1562 1373 1627 1426 est
1660 1375 1912 1421 pervertere
1938 1382 1992 1412 ac
2019 1383 2121 1424 per-

1229 1432 1422 1484 turbare,
1439 1430 1747 1480 καταπλήττειν.
1783 1433 1937 1474 Cicero
1951 1445 2032 1486 pro
2050 1434 2118 1475 Μ.

1229 1495 1466 1536 Marcello:
1526 1497 1538 1518 ‘
1562 1496 1680 1538 Quos
1719 1495 1937 1536 amisimus
1981 1495 2119 1548 cives,

1229 1570 1302 1599 eos
1320 1560 1478 1600 Martis
1497 1560 1559 1600 vis
1589 1559 1795 1612 perculit,
1821 1571 1905 1600 non
1939 1559 2004 1600 ira
2034 1559 2120 1601 vic·

1228 1622 1380 1664 toriae.’
1431 1623 1633 1664 Gebhard.

1283 1687 1378 1727 Etsi
1392 1685 1740 1738 nonsmngebant]
1767 1685 1895 1728 Quod
1916 1685 2009 1728 vult
2024 1687 2119 1728 'Ne-

1227 1762 1321 1803 pos,
1347 1750 1555 1802 intelligit
1585 1760 1754 1802 quoque
1779 1748 1996 1791 Siracides
2016 1762 2118 1802 cap.

1226 1817 1293 1854 38.
1315 1815 1362 1853 ‘H
1382 1811 1492 1861 λύπη
1504 1811 1660 1865 καρδίας
1673 1810 1814 1864 κάμψει
1831 1809 1962 1863 ἷσχῦν.
1990 1813 2126 1855 Idem.v

1280 1877 1547 1917 Multitudine
1564 1875 1849 1915 circumventas
1862 1874 1941 1927 est]
1979 1874 2129 1917 Immo.

1226 1941 1472 1993 proditione
1510 1938 1799 1992 Apollonidae.
1882 1937 1958 1979 Sic
1999 1938 2117 1979 enim

1227 2003 1442 2045 Diodorus
1459 2016 1471 2043 ι
1515 2001 1631 2049 Μετὰ
1658 2000 1846 2042 δὲταῦτα
1862 2001 1884 2040 ὁ
1900 1999 1977 2052 μὲν
1990 2000 2125 2042 Ἀντί-

1225 2082 1344 2119 γονος
1369 2067 1677 2120 διαπεμψάμενος
1710 2065 1804 2119 πρὸς
1834 2066 2120 2115 Ἀπολλονίδην

1225 2133 1314 2174 τινὰ
1330 2135 1408 2174 τῶν
1426 2131 1573 2173 ἱππέων
1591 2129 1863 2184 ἀφηγούμενον
1886 2130 1977 2184 παρ’
1999 2129 2123 2182 Eteni-

1226 2211 1296 2237 νει.
1331 2197 1516 2238 Lambin.
1571 2195 1686 2237 Vide
1722 2195 1964 2248 sequentia.
2023 2196 2116 2237 Cir-

1224 2260 1396 2300 cumitus
1416 2260 1647 2314 Ultraject.
1691 2259 1845 2300 Schott.
2061 2303 2063 2306 ,
2127 2285 2130 2288 ι

1280 2327 1337 2365 Ee
1357 2327 1401 2366 in
1420 2327 1618 2366 castellum
1637 2325 1846 2377 Phrygioe,
1873 2324 1974 2375 quod
2005 2325 2117 2365 Nora

1223 2390 1461 2442 appellatur]
1473 2388 1543 2429 Sic
1551 2388 1676 2440 legen
1682 2387 1780 2427 dum
1794 2398 1848 2426 ex
1858 2385 2120 2439 Plutarcho,

1223 2464 1481 2506 quamquam
1501 2455 1546 2491 et
1561 2450 1770 2503 scriptum
1791 2449 2010 2501 exemplar
2033 2449 2118 2490 Ho-

1222 2528 1309 2556 ram
1325 2516 1470 2556 habet.
1499 2515 1664 2565 Longon.
1704 2513 1866 2553 Noram
1882 2511 1994 2552 enim
2009 2511 2114 2551 Plu-

1223 2581 1395 2621 tarchus
1417 2579 1460 2619 in
1488 2576 1778 2631 Cappadociae
1804 2588 1855 2616 ac
1883 2575 2112 2628 Lycaoniae

1223 2642 1462 2684 confinibus
1482 2653 1576 2681 esse
1596 2640 1719 2681 dicit.
1759 2638 1916 2680 Strabo
1936 2638 2009 2680 lib.
2028 2649 2118 2682 xu-

1215 2708 1344 2760 juxta
1360 2706 1547 2746 Taurum
1567 2703 1696 2755 locat,
1715 2707 1761 2742 et
1782 2713 1857 2742 sua
1878 2705 2009 2742 aetate
2024 2701 2114 2742 Ne·-

1224 2782 1415 2812 roassum
1447 2780 1591 2810 arcem
1621 2767 1732 2808 hanc
1769 2765 1902 2806 fuisse
1926 2764 2116 2817 appella-

1225 2839 1312 2875 tam
1331 2833 1517 2886 scripsit.
1576 2831 1674 2872 Huc
1694 2842 1738 2870 se
1758 2827 1928 2880 recepit
1955 2826 2113 2868 Eume-

1223 2910 1300 2938 nes
1317 2909 1414 2938 cum
1434 2894 1681 2949 quingentis
1707 2892 1937 2946 equitibus,
1954 2889 2114 2944 pediti·

1225 2961 1305 3002 bus
1323 2972 1426 3001 vero
1449 2958 1663 3010 ducentis,
1675 2968 1771 2997 cum
1793 2955 1910 3007 prius
1924 2954 2111 3007 reliquos

1225 3024 1383 3065 milites
1414 3022 1676 3063 dimisisset:
1707 3019 1820 3072 quod
1849 3017 1903 3058 ad
1938 3029 2112 3059 conser-

1225 3086 1379 3128 endam
1417 3085 1590 3139 quidem
1629 3094 1801 3123 manum
1852 3075 2114 3134 perpaucos,

1226 3151 1280 3191 ad
1301 3148 1602 3191 occultandam
1623 3151 1766 3187 autem
1794 3143 1942 3198 fugam
1971 3145 2115 3198 perni-

1223 3215 1330 3255 mios
1347 3213 1624 3264 intelligeret.
1655 3210 1824 3251 Auctor
1839 3208 2118 3250 Plutarchus.

1222 3279 1383 3321 Justin.
1403 3279 1477 3319 lib.
1499 3289 1595 3318 x1v.
1621 3276 1664 3317 id
1695 3275 1852 3316 fecisse
1876 3275 2109 3315 Eumenem

1224 3343 1344 3395 dicit,
1373 3342 1474 3396 quia
1518 3353 1564 3382 se
1603 3338 1887 3382 obsidendum
1924 3335 2112 3386 videret„

1225 3407 1341 3457 Mag.
1361 3406 1491 3456 Long.

1278 3470 1330 3510 In
1366 3481 1438 3521 quo
1487 3478 1573 3509 cum
1610 3461 1974 3515 circumsederetur]
2038 3461 2107 3505 Ab
