2306 3900
760 310 984 351 RERUM
1028 309 1103 350 ΕΤ
1144 310 1513 353 VERBORUM.

260 434 437 489 legiones
470 435 605 478 dextra
632 435 880 490 sinistraque,
909 438 1094 491 ta'nqnam

261 490 335 530 alae
353 492 395 530 in
410 492 540 531 avium
557 492 799 544 corporibus,
819 491 1070 545 locabantur)

213 543 391 584 Alacrior
403 546 453 585 ad
465 558 543 586 rem
559 546 765 598 gerendam
786 544 911 584 factus
926 547 1096 586 Pausan.

259 597 398 638 Xerxis
415 599 616 639 voluntate
640 599 800 653 cognita
817 599 1007 654 (amplius
1027 612 1095 640 ex·

258 652 424 704 citatus)
453 654 507 707 iy,
525 657 552 694 2

206 704 260 746 A.
291 705 461 747 Albinus
478 719 568 748 eum
597 706 644 746 L.
669 705 835 747 Lucullo
854 707 991 748 consul
1006 707 1098 756 fuit,

259 759 324 799 Fr.
339 764 366 801 8
429 761 665 814 scriptitavit
693 774 754 801 res
785 760 905 804 Rom.
922 762 1098 803 oratione

259 813 416 863 Graeea,
443 815 542 856 ibid.

203 866 459 910 Alcibiades:
489 869 552 910 Eo
584 869 625 909 in
656 869 864 910 virtutibus
905 877 948 911 et
994 870 1099 911 vitiis

258 922 357 963 nihil
411 924 667 964 excellentius
713 925 783 972 vii,
814 929 837 966 l
897 925 1097 978 quomodo

257 978 449 1018 educatus
474 979 544 1027 vii,
558 982 585 1020 2
611 979 693 1018 dux
711 979 817 1018 bello
830 979 1097 1032 Peloponnes.

261 1031 440 1072 delectus
467 1033 537 1081 vii,
556 1036 581 1074 3
623 1033 674 1072 ab
693 1033 860 1073 inimicis
877 1039 1096 1082 accusatus,

258 1091 301 1127 et
328 1099 353 1125 a
383 1087 610 1140 magistratu
637 1086 784 1126 Athen.
813 1093 1016 1128 revocatus
1045 1090 1096 1128 ad

259 1139 468 1180 dicendam
487 1153 645 1181 causam
672 1142 755 1189 -vii,
773 1144 799 1182 4
845 1141 1096 1182 Lacedaemo-

258 1206 350 1232 nem
379 1194 585 1248 demigrat,
619 1195 716 1235 ibid.
763 1196 856 1236 hinc
884 1196 935 1236 ad
966 1196 1097 1236 Tissa-

258 1248 448 1299 phernem
493 1248 561 1297 vii,
595 1254 619 1290 5
667 1250 883 1289 restituitur
915 1249 1010 1290 inde
1046 1252 1096 1291 ab

257 1300 507 1351 Atheniens„
525 1315 691 1356 quorum
709 1317 769 1343 res
783 1304 965 1357 praeclare
983 1304 1097 1359 gerit,

255 1354 356 1396 ibid.
403 1369 547 1411 magno
566 1358 985 1411 applausu-excipitur,
1001 1360 1097 1399 abo-

259 1409 329 1449 lita
345 1411 558 1451 devotione
577 1413 643 1457 vii,
659 1416 687 1453 6
705 1425 833 1451 rursus
847 1412 888 1451 in
906 1413 1096 1452 invidiam

255 1463 398 1504 recidit
415 1465 481 1513 vii,
494 1469 520 1506 7
550 1465 768 1505 Philoclem
783 1466 834 1505 ad
848 1466 1095 1506 occasionem

255 1516 312 1558 rei
338 1518 595 1559 conficiendae
626 1519 766 1559 frustra
799 1519 946 1560 excitat
972 1520 1042 1568 vii,
1069 1524 1096 1561 8

257 1573 308 1611 ad
324 1571 620 1613 Pharnabazum
643 1587 684 1614 se
702 1573 856 1614 confert
882 1574 952 1623 vii,
969 1577 998 1616 9
1025 1586 1095 1614 cu·

252 1624 322 1679 jus
356 1640 476 1680 opera
500 1628 604 1680 perit
645 1628 717 1676 vii,
752 1631 806 1669 10
867 1628 954 1682 ejus
985 1629 1096 1669 eulo-

259 1681 367 1733 gium
395 1681 462 1729 vii,
482 1686 533 1724 ll

205 1731 410 1774 Alcmaeon
440 1734 692 1788 (Amphiard
730 1734 830 1775 vatis
861 1735 1007 1786 Graeci,
1054 1743 1097 1778 et

260 1787 454 1841 Eriphiles
472 1788 538 1843 F.)
556 1790 759 1830 matricida
785 1803 850 1838 κν,
869 1793 898 1831 6

207 1839 327 1882 Alere
337 1845 513 1892 morbum
528 1843 706 1884 desinere
721 1843 821 1897 (non
838 1844 938 1884 ultra
949 1843 1094 1894 fovere,

255 1903 428 1937 assumto
446 1898 561 1949 cibo)
568 1910 659 1946 xxv,
675 1902 726 1940 21
746 1898 850 1939 idem
865 1899 1014 1952 agellus
1029 1913 1096 1939 eos

259 1950 339 1991 alet
367 1951 638 2006 (sustentabit,
657 1953 876 1993 necessaria
896 1954 986 1992 vitae
1004 1968 1096 2006 sug-

258 2007 387 2057 geret)
412 2006 491 2054 xix,
512 2010 533 2046 1
575 2007 668 2046 nolo
700 2008 798 2047 meis
831 2007 1018 2060 impensis
1043 2008 1096 2048 ali

258 2058 446 2100 luxuriam
483 2060 533 2116 (i.
566 2073 603 2100 e.
632 2062 889 2101 instrumenta
906 2061 982 2102 illis
1001 2075 1095 2116 sup-

256 2114 422 2165 peditari
438 2114 542 2167 lux.)
554 2114 651 2155 ibid.
679 2115 731 2154 ali
751 2115 908 2167 publice
924 2115 1097 2174 (susten-

258 2167 330 2207 tari
349 2174 477 2208 sumtu
496 2168 676 2223 publico)
702 2169 760 2216 iii,
777 2173 803 2210 3

204 2217 430 2262 Alexander
448 2223 512 2262 M.
531 2223 741 2277 Babylone
767 2223 927 2263 moritur
952 2222 1061 2273 xviii,
1080 2228 1107 2266 2

259 2277 395 2316 morbo
414 2278 656 2317 consumitur
683 2278 760 2326 xxi,
777 2281 803 2318 2
831 2277 918 2330 ejus
945 2277 1048 2318 filius
1061 2278 1106 2333 (e

257 2329 426 2370 Roxane
459 2331 549 2372 scil.
580 2332 680 2384 patri
699 2329 956 2386 cognomine)
995 2332 1103 2380 xviii,

207 2395 212 2400 ·
255 2385 285 2424 6
311 2384 423 2425 liberi
441 2384 547 2433 xviii,
566 2389 607 2427 6.
635 2389 663 2428 2
681 2386 784 2440 (vid.
812 2386 912 2426 infra
939 2385 1107 2440 Liberi).

257 2439 372 2481 amici
401 2445 493 2492 post
520 2446 683 2479 mortem
715 2439 802 2492 ejus
829 2440 1005 2493 praefecti
1035 2452 1107 2493 ap-

260 2493 399 2546 pellati
446 2493 556 2541 xviii,
574 2498 624 2535 13
671 2501 811 2546 postea
844 2506 970 2546 reges,
1007 2494 1106 2535 ibid.

258 2545 338 2593 xxi,
353 2551 378 2587 3
406 2548 570 2600 quando
585 2554 627 2586 et
644 2548 711 2587 ubi
727 2553 858 2594 natus,
879 2547 942 2586 Fr.
966 2551 987 2588 1

206 2598 433 2640 Alexander
467 2602 653 2641 Pheraeus
686 2608 848 2655 tyranus
871 2600 1106 2654 Pelopidam

258 2654 299 2693 in
320 2654 479 2694 vincula
497 2654 663 2707 conjicit
690 2655 768 2702 xvi,
789 2660 813 2695 5
855 2667 945 2694 eum
961 2654 1102 2708 Epam-

256 2708 363 2747 bello
383 2708 643 2762 persequitur,
665 2709 762 2749 ibid.
790 2721 935 2763 equum
954 2709 996 2749 in
1011 2723 1102 2750 eum

261 2762 310 2801 P.
329 2763 519 2810 concitat,
537 2763 638 2802 ibid.

204 2815 457 2880 Alexandrea
513 2818 624 2871 (urbs
687 2816 851 2858 celebris
906 2816 1100 2874 AEgypti)

202 2874 390 2965 Alixexriurei
409 2937 489 2964 non
503 2925 658 2965 videtur
675 2926 751 2966 hoc
769 2924 1109 2979 (intempestivum

229 2994 234 2997 >
256 2986 327 3019 ant
343 2978 542 3034 ἄσκοπον)
574 2980 601 3027 i,
620 2984 648 3021 6
675 2980 762 3034 (Sic
782 2979 871 3022 Cic.
892 2980 1045 3020 Verrin.
1065 2993 1105 3028 v,

258 3036 313 3074 67
342 3039 355 3057 ⁸
368 3045 450 3073 non
463 3041 525 3075 est
536 3034 708 3073 alienum
724 3034 821 3074 meis
840 3033 1105 3088 rationibus’).

259 3086 429 3127 alienum
467 3100 520 3128 aes
561 3087 662 3142 (vid.
698 3086 811 3141 AEs).
847 3088 1105 3128 alienissimus

260 3140 380 3180 alicui
412 3141 520 3182 locus
548 3142 619 3194 (ad
638 3143 893 3195 pugnandum
914 3142 1032 3206 plane
1047 3141 1109 3181 in-

259 3195 449 3234 idoneus:
469 3207 618 3248 oppon.
636 3195 901 3290 opportunus?
918 3196 962 3244 ii,
977 3199 1003 3237 4
1022 3196 1108 3252 (Sic

260 3247 395 3290 Caesar
429 3249 479 3288 B.
518 3248 626 3289 Gall.
671 3249 700 3296 i,
722 3253 772 3291 15
821 3255 834 3273 ⁸
855 3249 985 3289 aieno
1018 3248 1106 3290 loco

258 3303 435 3356 praelium
468 3301 745 3349 committunt,’
778 3315 867 3355 sup.
893 3301 922 3350 i,
942 3308 967 3344 5
997 3307 1011 3326 ‘
1028 3315 1109 3343 non

231 3378 234 3381 ’
259 3355 1111 3464 2¹3⁰0m32?.{{³‡)z.22⁶2³:53.¹¹‘.2.&5:233

262 3461 404 3505 Gmco
438 3464 623 3512 sermoni,
658 3477 738 3503 non
758 3463 852 3503 satis
880 3462 922 3503 in
941 3476 990 3504 eo
1022 3476 1108 3503 sum

262 3517 493 3581 exercitus),
524 3517 586 3558 Fr.
605 3522 629 3559 8
679 3517 819 3558 alienae
851 3523 912 3557 est
938 3517 1108 3558 civitatis

264 3570 372 3625 (sub.
392 3572 488 3612 civis
505 3586 518 3622 ;
539 3572 615 3619 vel,
634 3573 766 3611 homo.
787 3571 878 3612 alibi
893 3578 1024 3619 natus,
1038 3585 1105 3611 ex-

318 3637 465 3689 Delph.
481 3644 520 3678 et
546 3638 640 3680 Var.
663 3640 770 3679 Clas.
790 3691 793 3694 ἢ

1982 300 2044 353 ix'

1214 437 1393 492 traneus)
1422 437 1503 486 viii,
1524 439 1546 478 1
1576 434 1716 478 alienae
1733 449 1830 491 opes
1845 429 2046 494 (alterius)

1213 491 1294 540 xxi,
1331 497 1371 534 8.
1404 493 1512 540 xxiii,
1542 495 1564 533 1
1626 491 1787 533 alienari
1822 492 1960 533 timore
1995 495 2046 532 ab

1213 547 1347 599 aliquo
1375 547 1566 611 (favorem
1585 546 1722 586 timore
1749 547 1790 586 in
1809 547 1944 587 odium
1962 560 2048 587 mu-

1213 599 1317 653 tare)
1343 601 1411 648 vit,
1431 606 1455 642 5
1499 601 1678 640 alienatae
1695 601 1832 640 insulae
1850 601 1963 655 (quae
1978 602 2050 641 de-

1214 654 1409 708 fecerant)
1438 668 1476 702 v,
1495 658 1522 695 2
1568 654 1662 695 Sic:
1695 655 1844 707 oppida
1877 654 2048 696 alienata

1214 706 1278 761 (in
1296 709 1480 761 quibusd.
1504 709 1597 750 edd.
1624 708 1712 748 libri
1748 710 1851 748 enim
1872 710 2050 750 meliores

1215 762 1363 802 habent
1377 761 1618 826 abalienata)
1647 761 1741 811 xxii,
1754 767 1782 803 2

1159 813 1399 870 Alienigena,
1437 816 1699 871 (peregrinus,
1742 817 1894 870 quippe
1943 823 2051 857 extra

1213 870 1494 911 Macedoniam
1545 877 1660 911 natus
1681 885 1693 922 ς
1746 872 1798 912 de
1851 870 2052 925 Eumene)

1214 923 1322 973 xviii,
1341 929 1368 966 7

1159 977 1378 1032 Aliquanto
1417 977 1685 1034 (ἐπιτατικῶς,
1734 978 1874 1028 multo,
1920 978 2052 1032 longe,

1214 1034 1320 1073 haud
1339 1033 1483 1087 paulo)
1512 1048 1550 1082 x,
1569 1037 1594 1074 3
1843 1043 1846 1046 ’

1158 1085 1298 1127 Aliubi
1314 1087 1408 1141 (pro
1425 1087 1555 1142 alibi),
1568 1087 1632 1130 Fr.
1651 1091 1677 1129 Β
1705 1086 1790 1143 (Sic
1804 1093 1845 1127 et
1861 1086 1927 1126 alii
1943 1101 1952 1126 ε
1974 1085 2055 1126 vid.

1211 1141 1363 1182 Theod.
1379 1142 1540 1183 Canter.
1559 1149 1644 1182 not.
1663 1144 1712 1182 ad
1732 1141 1802 1181 lib.
1820 1145 1860 1182 l.
1887 1140 2053 1180 Arnobii

1216 1208 1309 1249 pag.
1330 1199 1371 1236 8.
1399 1194 1662 1236 Restituenda
1691 1197 1778 1237 haec
1797 1209 1872 1235 vox
1890 1196 2052 1235 Senecae

1215 1250 1344 1304 Epist.
1381 1254 1458 1302 92..
1479 1250 1522 1289 in
1546 1251 1623 1290 illis
1652 1252 1725 1290 sub
1762 1250 1907 1290 finem:
1938 1255 1951 1273 ⁶
1971 1249 2054 1289 Scit

1214 1304 1310 1344 alibi
1340 1305 1490 1358 positas
1515 1317 1602 1345 esse
1630 1303 1805 1352 divitias,
1837 1317 1954 1357 quam
1973 1317 2053 1357 quo

1213 1358 1505 1411 congeruntur.’
1555 1358 1698 1398 Exerte
1736 1359 1971 1398 membranae
1996 1359 2055 1397 bi-

1212 1412 1423 1452 bliothecae
1442 1412 1674 1452 Academiae
1700 1411 2055 1464 Argentoratensis,

1211 1465 1304 1505 olim
1323 1466 1436 1506 nobis
1453 1467 1642 1520 inspectae
1661 1481 1671 1506 :
1692 1466 1766 1506 scit
1783 1466 2056 1519 ‘aliubi''posi·

1213 1525 1273 1559 tas

1158 1519 1399 1615 Aliud)nihil
1417 1573 1512 1628 egit,
1526 1586 1642 1627 quam
1655 1578 1702 1614 ut
1717 1588 1807 1622 xxv,
1828 1576 1872 1615 11
1898 1573 2057 1614 molitus

1211 1635 1286 1676 est,
1319 1642 1437 1682 quam
1453 1635 1497 1667 ut
1515 1630 1601 1676 νὴ]
1655 1641 1785 1681 neque
1804 1628 1910 1669 aliud
1945 1629 2058 1681 quic-

1211 1683 1871 1791 ἓξὲξίυςῖιέεἰιιηῗὲῗπιιῐῖἓέᾘὲαὲἒίῐ,
1881 1683 2056 1790 (Ῑέἳὶῗείιιιιῐίι

1209 1793 1344 1832 τικῶςτ
1371 1792 1458 1831 sub.
1485 1791 1589 1830 enim
1609 1791 1704 1845 egit,
1724 1791 1785 1831 vel
1806 1791 1963 1842 molitus
1979 1785 2059 1844 est)

1210 1845 1305 1894 xvii,
1314 1849 1340 1886 2
1355 1845 1534 1898 (Ubique
1544 1845 1737 1898 singulare
1747 1842 1918 1884 studium
1929 1846 2056 1885 innui·

1211 1898 1308 1954 tur).
1325 1900 1432 1940 aliud
1452 1900 1642 1952 oppidum
1660 1899 1934 1952 complectitur
1961 1900 2059 1939 alte·

1211 1966 1296 1993 rum
1324 1953 1438 2008 (pro,
1460 1954 1623 1994 alterum
1642 1953 1775 2007 opp.),
1804 1953 1868 1993 Fr.
1889 1957 1915 1994 3
1960 1954 2057 1993 alias

1212 2009 1452 2048 munitiones
1500 2008 1692 2056 incendit,
1747 2006 1843 2047 alias
1901 2006 2058 2061 disjecit

1212 2061 1448 2116 (quasdam)
1475 2061 1581 2109 xviii,
1603 2066 1627 2102 6

1171 2115 1298 2170 Alpes
1315 2116 1470 2156 Italiam
1489 2117 1539 2156 ab
1559 2115 1691 2155 Gallia
1710 2113 1925 2169 se‘ungunt
1951 2114 2057 2162 xxiii,

1226 2173 1251 2211 3
1281 2171 1432 2210 transiit
1448 2183 1515 2210 eas
1532 2169 1722 2210 Hercules
1738 2129 1893 2221 (li-aius,
1911 2174 1953 2210 et
1970 2177 2059 2223 post

1226 2237 1316 2264 eum
1334 2224 1550 2271 Hannibal,
1570 2223 1668 2265 ibid.

1170 2277 1306 2331 Alpici
1337 2278 1507 2343 (alpium
1536 2279 1788 2318 habitatores.
1824 2276 1891 2317 alii
1911 2277 2060 2317 malunt

1224 2331 1385 2386 Alpim)
1419 2332 1526 2381 xxiii,
1544 2334 1569 2373 3

1170 2385 1285 2427 Alter
1315 2386 1551 2440 collegarum
1570 2385 1677 2441 (sub.
1711 2399 1735 2426 e
1761 2398 1938 2434 numero,
1959 2399 2059 2426 unus

1226 2454 1274 2481 ex
1292 2440 1467 2493 duobus)
1494 2455 1557 2488 xv,
1577 2444 1603 2482 7
1631 2439 1721 2480 Sic:
1755 2441 1919 2480 alterum
1938 2453 2059 2480 cornu

1225 2495 1304 2542 xvi,
1324 2499 1351 2536 4
1380 2494 1512 2534 alterae
1531 2495 1604 2534 alae
1623 2493 1716 2548 (pro
1736 2493 1871 2548 alteri)
1906 2494 2013 2541 xviii,
2035 2498 2058 2534 1

1223 2548 1344 2588 altera
1376 2549 1497 2588 factio
1531 2547 1638 2602 (scil.
1658 2546 1910 2601 ἀντίτεχνος)
1938 2548 2017 2595 xix,
2036 2552 2058 2588 l

1221 2602 1364 2656 (Plura
1397 2602 1449 2642 de
1484 2602 1560 2641 hoc
1587 2601 1695 2640 vocis
1727 2602 1857 2653 signif.
1884 2601 2061 2641 Gronov.

1223 2657 1274 2695 de
1293 2668 1437 2709 pecun.
1467 2662 1544 2695 vet.
1575 2654 1629 2703 iv,
1648 2655 1695 2707 5)
1737 2655 1860 2695 altera
1894 2667 2062 2709 persona

1228 2708 1352 2764 (nnus
1404 2723 1454 2750 ex
1487 2710 1658 2757 duobus,
1712 2709 1855 2762 quibus
1890 2710 2063 2762 respubl.

1225 2763 1436 2816 plurimum
1454 2765 1587 2804 debet.
1606 2762 1764 2802 additur
1781 2767 1794 2787 ⁴
1811 2764 1984 2804 secunda
2003 2770 2062 2803 ta-

1227 2817 1347 2866 men,’
1377 2824 1422 2858 ut
1455 2818 1641 2858 referatur
1677 2818 1727 2857 ad
1748 2817 1985 2870 superiorem
2020 2823 2062 2858 et

1224 2871 1410 2925 primum)
1437 2871 1516 2919 xvi,
1534 2875 1560 2914 4
1588 2871 1727 2912 Boecl.
1752 2871 1929 2926 (Nempe
1949 2870 2062 2919 alter,

1226 2939 1330 3020 ιὲιιιιε
1342 2939 1366 2966 e
1383 2926 1540 2990 paribus
1557 2939 1569 2976 ;
1588 2926 1798 3022 secundpi,
1811 2925 1976 3020 ⁴inlil’tgior
1988 2933 2061 3018 elst.

1265 2994 1442 3021 umenrus
1490 2993 1564 3020 ane
1622 2993 1652 3019 r.
1678 2992 1715 3021 c.
1791 3010 1804 3029 ,
1913 2992 2062 3019 m-eo-

1226 3035 1400 3088 quentiae
1428 2994 1509 3075 rign
1540 2993 1772 3082 seggundum,
1809 3034 1878 3074 sed
1898 3034 2062 3074 alterum

1225 3089 1360 3129 decus’
1383 3115 1394 3128 .
1431 3094 1444 3113 ⁸
1462 3088 1584 3128 altero
1600 3094 1711 3128 tanto
1731 3088 1883 3141 longior
1909 3085 2017 3134 xviii,
2035 3090 2062 3127 8

1224 3142 1311 3196 (Sic
1348 3088 1478 3184 ἐκεῖ.
1513 3142 1565 3181 de
1581 3142 1681 3205 perf.
1709 3143 1874 3182 oration.
1907 3146 1920 3164 ·
1940 3139 2062 3182 altero

1226 3202 1353 3244 tanto,
1374 3203 1444 3237 aut
1462 3194 1817 3249 sesquimajorem')

1172 3249 1315 3294 Amare
1335 3250 1464 3290 literas
1492 3262 1581 3296 xxv,
1601 3252 1621 3289 1
1654 3254 1803 3288 amator
1820 3247 1902 3289 anti
1931 3246 2062 3289 uitatis

1228 3316 1317 3350 xxv,
1338 3307 1390 3345 18
1435 3310 1625 3343 amatores
1667 3301 1921 3344 adolescentn
1937 3314 2061 3349 orum,

1231 3356 1348 3397 Praef.
1416 3363 1456 3396 et
1504 3357 1609 3396 adde
1655 3355 1847 3398 Rittersh.
1888 3363 1974 3398 not.
2011 3355 2063 3395 ad

1229 3410 1385 3453 Phaedr.
1421 3410 1483 3451 ab.
1498 3413 1565 3452 59.
1578 3421 1668 3464 pag.
1690 3410 1791 3462 128)

1173 3463 1402 3506 Ambitione
1452 3476 1592 3519 magna
1649 3464 1846 3506 deducere
1890 3464 2061 3518 aliquem

1230 3519 1470 3570 (vehementi
1498 3517 1629 3558 studio
1647 3525 1689 3559 et
1716 3519 1983 3564 contentione,
2020 3523 2061 3555 et

1231 3585 1320 3612 cum
1341 3574 1603 3613 ostentatione
1618 3574 1801 3625 quadam,
1822 3585 1905 3618 seu,
1936 3578 1975 3610 ut
1997 3570 2062 3608 alii

1032 3640 1120 3680 [nd.
1148 3641 1251 3692 Nep.
1927 3638 1951 3676 ὂ
