2306 3900
291 364 431 413 ne‚;ut
451 360 564 413 apud
587 359 675 400 Cic.
691 372 770 412 pro
791 358 897 400 Coel.
926 360 939 383 ‘
955 359 1069 412 quod
1090 371 1176 401 om-

291 425 408 466 nium
447 427 747 464 accusatorum
784 436 869 463 non
911 423 1176 476 criminibus,

292 487 369 527 sed
408 486 582 527 vocibus
621 486 950 540 maledictisque
987 487 1178 528 celebra-

293 555 384 592 tum
404 549 511 604 estl‘
554 550 607 589 In
626 550 839 602 Burgensi
867 555 1014 592 tamen
1029 551 1179 592 codice

295 612 357 661 ait
389 611 524 654 fuisse
555 614 598 653 in
626 614 774 654 crimen
791 614 992 654 vocabant.
1025 614 1177 655 Lamb.

295 688 390 716 cum
418 677 616 717 Puteano
645 689 732 717 una
750 678 903 717 vocula
921 677 1069 717 addita
1095 678 1178 729 leg.

294 740 553 792 adversarius,
569 740 723 780 invidus
741 740 861 780 etiam
878 742 1077 793 potentioe,
1095 753 1180 792 qaoe

295 802 339 842 in
357 803 502 842 crimen
518 803 741 859 vocabatur,
759 805 863 843 dom.
887 817 968 844 rev.
1023 805 1181 844 Tenta-

296 865 419 906 bam:
447 866 602 906 invidus
622 866 769 918 (etiam
782 866 959 917 potentia
977 866 1018 906 in
1036 866 1182 905 crimen

295 930 533 980 vocabatur)
552 931 709 970 domum
736 941 819 968 rev.
876 929 979 980 Sed,
996 934 1045 968 ut
1064 929 1182 980 inge-

298 1005 392 1033 nue
401 991 553 1046 fatear,
573 993 692 1045 mihi,
710 993 847 1033 veteri
864 991 1182 1045 formulayNon

299 1056 446 1109 liquet.
772 1092 777 1099 .

352 1120 636 1172 Adversarius]
681 1122 779 1163 Hac
812 1134 919 1163 voce
935 1125 1111 1162 notatur
1138 1119 1185 1161 τὸ

299 1182 502 1237 φιλαίτιον,
533 1185 623 1226 sive
655 1185 926 1230 adversandi,
944 1184 1186 1238 premendi-

302 1263 386 1303 que
416 1250 659 1303 superiores
695 1250 845 1292 libido.
885 1251 1020 1291 Boecl.
1073 1250 1186 1290 Vide

301 1315 424 1358 Plut.
444 1319 654 1367 praecept.
675 1314 798 1366 polit.

355 1378 582 1418 Damnatur
631 1377 873 1428 Timotheus]
937 1375 1188 1417 Absolvitur

302 1441 560 1494 Iphicrates,
594 1446 642 1481 ut
676 1454 807 1493 supra
836 1441 1114 1493 cognovimus
1143 1440 1187 1480 in

302 1506 536 1558 Iphicrate.
565 1505 744 1545 Lambin.
772 1505 887 1555 Mag.
918 1504 1081 1545 Savaro.

361 1570 586 1610 Chalcidem
613 1581 655 1608 se
682 1567 868 1619 contulit]
906 1568 1071 1608 Urbem
1104 1569 1189 1608 Eu-

302 1633 412 1674 boeae
443 1631 498 1672 ad
530 1632 752 1684 Euripum.
808 1631 1190 1672 Generosasmen-

305 1703 387 1748 tes,
405 1695 624 1749 etvquibus
658 1695 912 1736 meritorum
942 1706 1115 1735 suorum
1146 1695 1190 1734 in

307 1762 424 1802 cives
444 1759 554 1800 ratio
584 1760 695 1800 bene
722 1750 921 1811 constat,
938 1770 1017 1810 par
1045 1762 1111 1798 est
1130 1757 1192 1797 in-

307 1825 420 1879 grati
449 1823 578 1864 animi
613 1823 717 1863 vitio
752 1823 905 1862 tetrius
939 1820 1112 1874 offendi,
1143 1826 1193 1862 ut

303 1887 547 1931 voluntario
566 1899 746 1928 excessu
765 1891 1193 1940 nonnunquam,'cre-

305 1951 426 1992 brius
459 1962 649 2002 secessu,
680 1949 895 2002 denegare
935 1961 981 1989 se
1011 1948 1194 2000 indignis

306 2015 511 2067 cogitent.
566 2013 787 2053 Timoleon
805 2012 911 2052 adeo
928 2016 997 2052 est
1011 2023 1195 2052 commo-

308 2082 396 2128 tus,
427 2082 477 2117 ut
505 2087 806 2129 nonnunquam
841 2074 943 2116 vitae
976 2074 1106 2115 finem
1133 2073 1195 2114 fa-

309 2151 411 2180 cere
438 2139 645 2189 voluerit,
671 2143 800 2191 atque
837 2151 893 2178 ex
929 2138 1194 2190 ingratorum

308 2203 524 2245 hominum
544 2208 777 2253 conspectu
808 2207 946 2241 morte
967 2199 1195 2242 decedere.

309 2265 362 2306 P.
383 2266 556 2306 Cornel.
577 2265 721 2316 Scipio
740 2264 973 2306 Africanus
991 2264 1035 2304 in
1049 2265 1195 2305 volun-

311 2327 465 2369 tarium
487 2327 683 2367 exsilium
700 2328 949 2368 Linternum
968 2327 1196 2378 concessit,

311 2391 388 2432 ubi
419 2391 625 2444 reliquam
657 2393 750 2443 egit
789 2395 981 2443 aetatem,
1015 2391 1102 2430 vici
1135 2391 1197 2442 ig-

312 2454 468 2496 nobilis
505 2466 555 2494 ac
593 2453 778 2495 desertae
820 2453 989 2506 paludis
1037 2453 1198 2494 accola.

314 2521 401 2564 Qui
421 2521 605 2562 moriens
626 2521 747 2561 uxori
771 2519 995 2572 praecepit,
1021 2531 1076 2558 ne
1107 2530 1198 2559 cor-

314 2597 396 2637 pus
433 2597 553 2625 suum
594 2584 773 2624 Romam
815 2582 1062 2633 referretur,
1097 2581 1109 2604 ‘
1129 2581 1199 2621 In·

316 2648 469 2702 grata‚'
495 2648 673 2699 addens,
702 2650 714 2671 ‘
732 2648 902 2698 Patria,
920 2647 1084 2687 cineres
1113 2658 1199 2686 non

315 2711 494 2752 habebis
519 2711 666 2752 meos.’
707 2711 818 2752 Vide
847 2710 944 2750 Val.
965 2709 1201 2750 Maximum

318 2775 392 2816 lib.
413 2787 458 2816 v.
479 2779 519 2816 3.
540 2778 582 2815 2.

373 2839 484 2879 CAP.
501 2842 540 2879 4.
572 2837 758 2878 Fortuna?
771 2837 961 2890 varietas]
1003 2836 1058 2876 In
1090 2835 1205 2877 Atti·

319 2913 395 2941 co:
426 2902 438 2923 ‘
458 2903 598 2942 Tanta
623 2902 814 2942 'varietas
844 2901 908 2941 his
941 2900 1204 2952 temporibus

317 2961 402 3003 fuit
418 2961 634 3003 fortunae!
670 2965 783 3004 Nam
803 2964 992 3004 libenter
1005 2975 1204 3014 comparo

318 3025 512 3075 haecum
532 3025 608 3066 illa
638 3026 744 3076 vita,
762 3032 813 3066 ut
834 3031 1042 3078 appareat
1069 3026 1205 3065 cuivis

322 3088 518 3130 eamdem
551 3089 754 3130 dictionis
790 3101 883 3129 esse
923 3089 1127 3139 indolem,
1155 3101 1204 3128 ac

322 3153 505 3205 proinde
526 3164 657 3192 unum
683 3152 952 3204 eundemque
982 3158 1029 3191 et
1057 3151 1206 3190 harum

324 3221 370 3256 et
398 3215 511 3256 illius
531 3215 714 3256 vitarum
733 3215 1016 3267 scriptorem.
1072 3213 1210 3266 Loqui

326 3283 468 3316 autem
528 3277 679 3318 eodem
743 3276 871 3317 modo
916 3276 1208 3318 animadverto

327 3339 448 3380 Curt.
469 3339 544 3378 lib.
564 3352 630 3380 ιν.
650 3344 718 3382 41.
746 3342 758 3362 ‘
774 3341 889 3381 Urbs
916 3346 962 3381 et
992 3343 1209 3380 vetustate

327 3401 503 3453 originis
530 3408 575 3441 ct
601 3403 756 3443 crebra
783 3403 970 3457 fortuna}
1001 3404 1211 3444 varietate

328 3460 663 3507 admemoriam
699 3467 965 3519 posteritatis
1004 3466 1210 3519 insignis:

667 242 846 281 NOTAE
890 240 1226 282 vAruoRUM
1267 243 1334 282 IN
1377 243 1428 283 C.
1466 243 1734 284 NEPOTIS

1238 362 1391 403 Cicero
1438 362 1493 403 de
1533 362 1723 402 Divinat.
1770 362 1783 384 ‘
1803 361 2005 403 varietas
2050 368 2120 404 est

1238 426 1415 477 propria
1431 424 1647 466 fortunael
1675 424 1800 465 Idem
1818 424 1872 464 ad
1890 424 2119 466 Luceium:

1239 489 1252 511 ‘
1275 488 1394 529 Nihil
1428 489 1571 541 aptius
1605 494 1672 528 est
1705 489 1758 528 ad
1782 485 2121 529 ‘delectationem

1238 551 1431 603 lectoris,
1460 564 1588 604 quam
1620 557 1862 603 temporum
1890 551 2123 592 varietates

1238 611 1507 666 fortuna-que
1520 614 1867 655 vicissitudines!
1895 615 1991 655 Val.
2004 615 2126 656 Max.

1239 676 1318 717 lib.
1347 688 1412 717 vr.
1445 681 1483 717 9.
1516 680 1556 717 8.
1581 677 1769 718 ‘Portus
1802 664 1936 730 ipsds,
1965 677 2001 718 si
2030 677 2126 731 quis

1240 738 1367 779 modo
1384 740 1514 780 mutis
1542 739 1669 781 rebus
1701 741 1816 782 inest
1846 754 2011 792 sensus,
2029 746 2127 782 tan·

1242 806 1329 842 tam
1344 803 1391 842 in
1409 803 1560 843 eodem
1579 804 1750 844 homine
1769 805 2023 846 varietatem
2039 798 2126 845 sta-

1242 868 1312 904 tus
1328 864 1558 906 admiratos
1573 867 1785 907 arbitror!
1817 867 2017 908 Gebhard.

1298 927 1413 967 Iason
1432 928 1640 980 tyrannus]
1672 930 1940 970 Thessalorum
1952 931 2126 983 'Longo-

1241 992 1324 1032 lius
1341 1005 1396 1033 ex
1411 993 1646 1034 Plutarcho
1665 994 1846 1047 addidit,
1859 992 2008 1038 contra
2019 996 2128 1038 Mas.

1245 1055 1450 1097 Codicum
1467 1057 1653 1098 omnium
1667 1057 1811 1100 fidem.
1839 1059 2022 1110 Magius.
2075 1060 2130 1101 In

1244 1120 1339 1160 aliis
1357 1120 1477 1160 libris
1493 1126 1561 1161 est
1579 1127 1783 1174 corrupte
1799 1122 1944 1174 Lason,
1966 1134 2042 1174 pro
2061 1112 2129 1164 1⁶2

1245 1196 1327 1225 sou.
1383 1185 1492 1225 Sunt
1524 1184 1596 1239 qui
1631 1186 1720 1225 Iaso
1741 1186 1907 1238 legunt,
1931 1185 2132 1239 quemad·

1247 1247 1419 1288 modum
1446 1247 1549 1288 alibi
1583 1248 1716 1288 Lacon
1750 1255 1795 1289 et
1826 1249 1945 1290 Laco.
2002 1249 2132 1293 Quod

1250 1310 1455 1352 Graecum
1475 1317 1543 1352 est
1558 1311 1708 1364 Ἰάσων,
1725 1313 1839 1366 Iaso,
1859 1313 1920 1354 sic
1948 1311 2132 1365 Πλάτων,

1250 1376 1395 1427 Plato,
1425 1374 1562 1428 Ζένων,
1592 1362 1727 1429 Zeho,
1751 1381 1796 1416 et
1815 1377 1898 1416 alia
1916 1374 2134 1418 sexcenta.

1249 1440 1541 1480 Meminerant
1577 1442 1668 1494 ejus
1703 1440 1877 1493 plurimi
1923 1447 2135 1491 veterum,

1250 1503 1508 1556 Xenophon,
1522 1504 1706 1545 Diodor.
1723 1504 1947 1544 Plutarch.
1966 1496 2135 1545 Isocra·

1252 1572 1335 1617 tes,
1353 1567 1595 1620 Polyaenus,
1614 1573 1660 1608 et
1679 1568 1762 1608 alii.
1791 1567 1993 1608 Keachen.
2112 1602 2118 1605 .

1306 1629 1401 1670 Sine
1419 1630 1676 1682 sateltitibus]
1706 1630 1826 1686 ’ᾼνευ
1843 1630 2060 1684 δορυφόρων
2073 1631 2139 1672 καὶ

1253 1694 1606 1746 σωματοφυλάκων·
1627 1696 1718 1736 sine
1743 1696 2028 1750 stipatoribus
2046 1698 2139 1738 has-

1256 1759 1360 1799 tatis
1380 1764 1427 1799 et
1445 1759 1639 1812 corporis
1658 1760 1935 1802 custodibus.
1957 1761 2141 1815 Lambin.

1266 1856 1269 1859 Α
1297 1823 1409 1864 'Sine
1438 1824 1517 1864 allo
1544 1824 1750 1877 praesidio]
1782 1825 1911 1867 Quod
1942 1817 2142 1867 tueretur

1257 1893 1411 1929 contra
1439 1887 1609 1929 obviam
1637 1890 1736 1929 vim.
1800 1890 2012 1931 Datame:
2055 1896 2069 1916 ‘
2087 1890 2143 1931 ad

1250 1948 1383 2003 'quem
1419 1962 1516 1990 cum
1559 1951 1746 1992 venisset
1791 1952 1883 1992 sine
1928 1951 2144 2005 praesidio,

1258 2013 1372 2067 quod
1391 2013 1445 2054 ab
1464 2014 1601 2055 amico
1624 2015 1761 2055 nullas
1790 2021 2021 2056 vereretur·
2039 2017 2144 2058 insi-

1260 2078 1364 2130 dias,
1384 2089 1494 2130 pene
1515 2077 1713 2118 interiit?
1769 2076 1945 2120 Attico:
1974 2078 2068 2120 ‘Ac
2089 2091 2144 2120 ne

1259 2139 1373 2192 quod
1390 2139 1625 2192 periculum
1640 2139 1866 2192 incideret,
1885 2141 1998 2194 quod
2013 2148 2145 2182 noctu

1259 2202 1410 2253 fiebat,
1430 2202 1676 2255 praesidium
1691 2204 1731 2243 ei
1751 2203 1896 2244 misit)
1932 2205 2071 2245 Tacit.
2090 2204 2145 2245 de

1261 2266 1452 2306 moribus
1473 2266 1676 2307 German.
1695 2279 1792 2319 cap.
1805 2271 1870 2309 18.
1898 2268 1912 2291 ‘
1929 2268 2040 2309 Haec
2054 2268 2147 2320 dig-

1262 2330 1390 2379 nitas,
1411 2330 1483 2369 'hae
1504 2329 1634 2378 vires,
1663 2342 1818 2382 magno
1846 2342 2016 2384 semper
2033 2332 2147 2372 elec-

1263 2399 1402 2433 torum
1415 2393 1624 2445 juvenum
1651 2394 1777 2445 globo
1804 2394 2076 2446 circumdari,
2101 2395 2147 2434 in

1263 2469 1370 2509 pace
1383 2457 1528 2508 decus,
1546 2457 1591 2497 in
1607 2458 1717 2498 bello
1734 2458 2012 2510 praesidium?
2042 2459 2148 2500 Ger-

1263 2519 1377 2560 mani
1399 2520 1623 2573 peregrino
1652 2521 1866 2562 vocabulo
1896 2523 2053 2575 Conooy
2072 2534 2149 2575 ap·

1265 2584 1486 2636 pellamus.
1546 2584 1690 2625 Graeci
1722 2583 1992 2637 παραπομπήν.
2023 2585 2148 2627 Curt-

1265 2647 1341 2687 lib.
1363 2658 1434 2687 ιιι.
1454 2650 1494 2687 2.
1523 2652 1535 2670 ⁸
1555 2647 1791 2688 Pecuniam
1816 2649 1930 2701 regis
1957 2649 2151 2690 sexcenti

1265 2712 1369 2752 muli
1409 2718 1455 2752 et
1486 2712 1676 2753 trecenti
1718 2714 1869 2753 cameli
1904 2713 2150 2763 vehebmm

1267 2773 1472 2826 praesidio
1493 2774 1808 2826 sagittariorum
1833 2775 2151 2829 prosequente?

1267 2837 1409 2878 Tacit.
1441 2836 1556 2879 Anu.
1583 2850 1614 2878 1.
1635 2842 1701 2878 39.
1729 2839 1742 2861 ‘
1757 2837 2042 2892 Attonitaque
2066 2831 2153 2878 ma·

1269 2900 1333 2953 gis
1373 2912 1498 2954 quam
1539 2902 1687 2954 quieta
1733 2902 1939 2942 concione
1984 2901 2150 2953 legatos

1269 2963 1470 3017 praesidio
1490 2963 1758 3015 auxili-arium
1787 2963 1993 3016 Equitum
2012 2963 2154 3006 dimit-

1270 3027 1351 3068 tit?
1404 3026 1579 3067 Sallust.
1598 3026 1842 3078 Jugurtha:
1873 3028 1885 3049 ‘
1907 3027 1962 3066 Se
1979 3024 2154 3075 aPatre

1271 3089 1444 3129 Boccho
1473 3088 1642 3129 obviam
1674 3089 1759 3128 illis
1793 3089 1917 3130 simul
1937 3095 1984 3130 et
2009 3089 2156 3142 praesi-

1271 3152 1343 3191 dio
1359 3152 1563 3192 missum.'
1596 3152 1797 3193 Gebhard.
1847 3171 1851 3175 -
1899 3196 1905 3201 ,

1283 3252 1286 3255 ,
1326 3216 1558 3268 Patriaeqae
1581 3217 1777 3256 sanctiora
1785 3217 1883 3267 jara
1895 3227 2009 3268 qaam
2025 3215 2155 3267 hospi·

1273 3278 1442 3330 tii]·8ic
1462 3281 1661 3319 Demost.
1691 3278 1761 3333 (ut
1790 3284 1837 3319 et
1862 3270 2157 3330 aitAEscliines

1276 3341 1403 3382 Orat.
1425 3341 1510 3393 περὶ
1530 3345 1771 3394 παραπρεσβ.
1786 3342 1866 3381 hoc
1880 3341 1919 3382 ei
1936 3340 2157 3382 maledicti

1275 3402 1628 3457 locoobjiciens)
1657 3404 1783 3453 dixit,
1815 3415 1861 3443 se
1895 3399 2157 3455 anteponere

1277 3469 1458 3509 salutem
1506 3468 1691 3509 civitatis
1737 3468 1940 3520 hospitali
1987 3479 2155 3509 mensoe.
