2306 3900
794 267 862 311 x.
924 265 1187 315 οιοΝΕΜ,
1228 264 1364 304 cAP.
1400 247 1455 302 9.

199 390 401 432 triremem
434 388 600 430 armatis
616 389 746 435 ornat,
766 385 1085 437 Philostratoque

188 454 322 504 fratri
340 453 520 494 tradidit.
565 451 618 492 Τὸ
626 451 823 502 facinoris
841 454 935 491 erat
953 449 1082 490 etiam

201 519 246 559 in
263 520 372 560 Msc.
386 517 507 559 Leid.
534 516 661 558 tradit
693 526 797 556 vero
817 519 864 554 et
882 514 1084 554 discedant

199 583 243 622 in
264 582 359 624 cod.
392 581 445 622 P.
464 581 576 621 Dan.
607 578 680 633 qui
699 582 746 619 et
767 577 1084 628 Philostratoque

197 645 402 686 habebat.
475 643 563 685 Sed
600 655 681 695 pro
715 641 852 693 sepsit,
885 640 999 681 idem
1037 646 1084 680 et

200 709 323 751 Leid.
355 710 468 750 Msc.
503 708 621 760 sepit.
677 706 805 748 Unde
841 703 985 746 forsan
1022 705 1084 745 ita

198 779 317 814 totus
335 773 404 813 hic
431 774 550 813 locus
575 770 929 813 constituendus:
957 782 1084 811 consc.

186 837 385 886 facinoris
416 837 445 878 l.
472 850 526 877 m.
563 849 600 878 ο.
630 835 774 885 tradit,
803 836 842 876 d.
863 848 898 875 c.
925 835 1084 887 sepit,a

195 902 288 956 (vel
316 900 383 955 ac)
403 901 529 951 scrib.
563 914 601 953 q.
635 913 678 940 n.
707 900 924 950 discedant,
958 902 1086 939 certos

193 966 381 1020 praficit,
411 977 550 1005 navem
578 967 775 1004 armatam
804 963 1007 1003 triremem
1022 974 1086 1002 ar·

197 1029 320 1069 matis
349 1032 482 1078 ornat,
511 1027 828 1079 Philostratoque
848 1024 913 1075 fr.
943 1025 1084 1066 trudit.

200 1092 368 1133 Navem
391 1094 585 1132 armatam
620 1093 761 1135 vocat,
790 1088 1084 1129 instrumentis

198 1159 246 1194 et
276 1159 489 1206 apparatu
518 1152 694 1193 nautico
725 1152 998 1202 instructam,
1034 1162 1085 1191 ac

198 1217 464 1270 navigationi
479 1221 689 1269 paratam.
711 1217 857 1256 Caesar
872 1215 926 1255 B.
939 1214 995 1256 G.
1012 1225 1084 1255 111.

201 1282 269 1321 18.
297 1281 309 1302 ‘
330 1279 528 1332 Ipsorum
548 1277 859 1331 [Venetorum]
879 1289 1011 1317 naves
1029 1276 1085 1327 ad

198 1343 312 1384 hunc
323 1342 494 1383 modum
510 1341 658 1392 factae,
672 1345 931 1393 armataeque
943 1344 1085 1382 erant.

199 1405 370 1446 Carinae
400 1405 619 1458 aliquanto
650 1403 880 1456 planiores,
898 1406 980 1444 &c.
1011 1415 1086 1444 an-

199 1469 356 1520 chorae,
387 1481 465 1521 pro
502 1467 690 1519 funibus,
727 1466 882 1507 ferreis
919 1467 1085 1507 catenis

199 1533 437 1582 revinctae3
468 1532 604 1584 pelles
620 1543 699 1584 pro
726 1530 866 1582 velis,'
884 1533 968 1571 ὅτε.
987 1543 1086 1572 nam

196 1608 317 1636 arma
335 1595 456 1636 dicta
474 1595 762 1636 instrumenta
775 1594 966 1643 nautica,
988 1607 1085 1647 quae

199 1664 246 1700 et
264 1663 543 1709 armamenta,
554 1670 604 1699 ac
621 1657 790 1700 Graecis
807 1656 924 1698 ὅπλα.
958 1654 1086 1698 Unde

199 1721 317 1763 easd.
349 1734 479 1762 naves
513 1721 659 1762 Caesar
689 1732 728 1760 c.
753 1724 820 1762 14.
846 1721 860 1743 ‘
879 1720 994 1761 omni
1013 1731 1086 1771 ge·

197 1797 304 1826 nere
330 1796 542 1826 armorum
577 1784 912 1834 ornatissimas?
940 1788 986 1825 et
1006 1784 1087 1825 Lu-

200 1853 308 1888 cret.
327 1859 381 1888 11.
400 1850 471 1888 42.
496 1847 509 1869 ‘
530 1847 709 1887 classem
730 1852 923 1888 ornatam
944 1844 1085 1893 armis'

200 1911 327 1953 dixit.
346 1912 400 1952 V.
415 1909 624 1952 Scheffer.
639 1910 696 1951 de
710 1911 844 1951 Milit.
864 1911 980 1952 NaV.
1000 1916 1088 1952 vet.

200 1986 234 2016 ι.
252 1979 294 2016 4.
316 1980 363 2015 et
383 1973 499 2014 Add.
520 1973 574 2014 ad
594 1985 646 2014 11.
666 1986 764 2026 pag.
780 1970 878 2014 333.

255 2040 434 2081 Consciis
449 2040 531 2080 loca
558 2039 773 2080 munitiora
801 2039 933 2092 oppidi
964 2039 1090 2080 trudi-

197 2103 279 2155 dit]
326 2103 378 2143 In
414 2103 686 2153 membranis,
717 2103 859 2143 tradit.
930 2103 990 2143 Et
1024 2102 1087 2161 εἰς

198 2166 303 2206 alias
333 2166 443 2206 dedit
473 2177 552 2217 pro
577 2164 727 2205 dedidit
754 2161 911 2216 legitur
931 2165 974 2204 in
993 2165 1087 2205 Da-

201 2233 332 2279 tame,
361 2229 457 2269 loco
474 2231 553 2268 τῶν
583 2226 807 2278 μελλόντων
838 2232 912 2268 aut
929 2232 1084 2280 praete·

197 2291 391 2332 ritornm.
420 2291 547 2334 Quod
567 2291 794 2344 elegantiae
820 2296 905 2332 est.
923 2291 1085 2332 Keuch.

252 2355 424 2395 Domum
459 2354 680 2395 custodibus
718 2353 861 2406 sepsit]
915 2354 1086 2395 Plutar-

200 2416 324 2458 chus:
357 2418 408 2457 Οἱ
423 2415 496 2468 μὲν
512 2415 583 2468 ἔξω
591 2416 667 2465 τὴν
678 2415 800 2457 οἰκίαν
811 2415 1086 2469 περιέστησαν.

253 2482 291 2522 Α
303 2481 465 2531 foribus
478 2481 636 2533 quinon
653 2480 917 2532 discederent]
934 2480 1084 2521 Idem:

198 2542 305 2584 01³}
323 2543 418 2597 πρὸς
431 2545 518 2585 ταῖς
543 2542 670 2597 θύραις
698 2545 772 2584 τοῦ
789 2544 900 2584 οἴκου
917 2542 981 2584 καὶ
998 2544 1088 2584 ταῖς

199 2608 347 2660 θυρίσιν
379 2606 495 2657 ἦσαν.
551 2609 633 2649 Est
669 2613 813 2649 autem
851 2608 919 2648 hic
963 2608 1087 2659 ordo,

198 2675 328 2712 certos
341 2671 539 2723 prefecit,
555 2672 666 2725 quia
685 2670 844 2721 foribus
874 2682 950 2710 non
968 2671 1088 2711 disce-

199 2734 349 2774 derent.
378 2734 571 2775 Lambin.

256 2796 570 2853 Philocratique]
617 2796 671 2837 In
703 2795 963 2837 membranis
993 2809 1087 2838 nos·

187 2857 281 2901 tris
299 2858 569 2900 Philostratus
586 2859 847 2899 nominatur.
881 2859 1035 2901 Schott.

253 2922 493 2974 Zacynthios
508 2922 803 2974 adolescentes]
824 2921 898 2963 Sic
919 2923 1089 2964 Plutar-

201 2985 305 3026 chus
335 2991 383 3027 et
410 2986 639 3036 Diodorus,
665 2986 739 3039 qui
771 2985 995 3028 Ζακυνθίους
1024 2986 1088 3027 di·

201 3055 306 3090 cunt
335 3048 482 3099 fuisse,
515 3049 559 3090 id
593 3054 675 3100 est,
700 3049 952 3102 Zacynthios.
1010 3050 1090 3090 Est

201 3116 344 3151 autem
366 3112 610 3164 Zacynthus
640 3112 777 3153 insula
807 3122 892 3151 non
913 3113 1042 3165 longe
1062 3125 1088 3152 a

201 3174 482 3227 Cephalenia.
536 3175 722 3218 Quidam
752 3181 898 3218 tamen
913 3175 982 3216 hic
1000 3175 1086 3228 legi

202 3240 368 3291 volunt,
389 3238 670 3290 Sagunthinos.
724 3238 809 3280 Sed
835 3239 990 3292 Polyb.
1009 3239 1085 3280 lib.

202 3313 274 3345 ιιι.
331 3303 611 3355 sagunthum,
647 3299 846 3343 Ζάκανθαν
878 3302 1088 3355 appellat,

201 3377 297 3418 quae
315 3365 416 3405 urbs
435 3365 559 3406 estin
578 3364 733 3405 finibus
752 3364 907 3405 Iberiae
928 3370 975 3404 et
991 3365 1087 3405 Cel-

202 3427 369 3468 tiberiae
389 3440 474 3469 non
508 3429 634 3481 longe
667 3442 692 3469 a
723 3429 845 3469 mari.
901 3429 1001 3470 Non
1020 3433 1088 3469 est

203 3489 550 3533 dissimulandum
584 3498 745 3545 tamen,
765 3492 902 3534 videri
922 3502 975 3534 ex
993 3491 1088 3533 Ste-

1923 247 2031 301 541

1147 383 1285 436 phano
1313 381 1577 435 sagunthum
1596 384 1644 423 et
1662 378 1930 433 Zacynthum
1951 391 2038 421 uno

1148 447 1384 500 eodemque
1417 444 1589 487 nomine
1616 443 1731 497 apud
1761 442 1939 485 Graecos
1959 442 2043 495 sig·

1147 509 1327 551 nificari.
1383 509 1453 550 Sic
1472 507 1586 549 enim
1599 506 1868 560 Stephanus:
1897 503 2040 546 Ζάκυν-

1146 577 1211 615 θος
1242 572 1356 614 πόλις
1388 570 1466 614 ἀπὸ
1500 570 1692 612 Ζακύνθου
1719 571 1791 611 τοῦ
1827 568 2038 622 Δαρδάνου.

1137 635 1324 690 Ὄμηρος·
1339 635 1416 677 Καὶ
1435 632 1612 684 ὗλήεσσα
1625 633 1825 676 Ζάκυνθος.
1868 630 2041 685 Δεντέρα

1146 700 1331 754 ’Ῑβηρίης,
1360 700 1476 754 τρίτη
1515 698 1674 748 Λιβύης.
1719 697 1904 740 Lambin.
1958 697 2040 737 Za-

1146 764 1324 817 cynthios
1336 762 1613 814 adolescentes]
1640 752 1836 815 Scriptus
1853 761 1909 801 P.
1922 760 2040 801 Dan.

1148 827 1298 868 Codex
1335 826 1560 877 Zaguntios
1589 823 1781 883 legebat,
1814 823 2042 876 Longolia·

1147 901 1226 930 nus
1243 889 1523 942 Zozynthinos.
1575 886 1662 928 Sed
1693 885 1935 938 Zacynthios
1949 898 2040 941 me·

1146 952 1230 994 lius
1250 952 1507 1005 scripserim,
1522 963 1651 1004 quam
1669 948 1950 1002 Zazynthiuos‚
1964 954 2042 989 ant

1146 1017 1392 1067 Zaguntios:
1412 1015 1579 1058 Graecis
1593 1013 1707 1054 enim
1723 1010 1934 1061 Ζωιυνθίοι,
1952 1023 2038 1052 non

1147 1078 1381 1132 Ζαζυνθίνοι.
1437 1079 1501 1120 Ut
1516 1090 1542 1118 a
1557 1075 1777 1130 Zacyntho,
1794 1075 1939 1117 Latini
1957 1074 2039 1116 Za-

1146 1141 1325 1194 cynthios
1359 1139 1615 1191 formarunt,
1646 1140 1709 1180 ita
1740 1139 1887 1181 Graeci
1921 1151 1948 1182 a
1966 1143 2039 1179 za-

1147 1204 1298 1258 κύνθου,
1311 1201 1404 1246 τοὺς
1421 1202 1660 1246 Ζακυνθίουὲ.
1717 1203 1942 1244 Falluntur
1959 1203 2041 1256 igi·

1147 1274 1234 1322 tur,
1249 1269 1321 1322 qui
1341 1268 1612 1320 Sagunthinos
1625 1266 1722 1308 heic
1738 1266 2037 1308 inculcandum

1147 1334 1398 1375 existimant
1428 1332 1690 1373 anctoritate
1743 1331 1930 1383 Polybii‚
1964 1330 2038 1384 qui

1147 1397 1419 1448 Saguntinum,
1447 1394 1643 1436 Ζάκανθωι
1660 1395 1853 1447 appellat
1871 1393 1948 1435 lib.
1966 1405 2040 1436 111.

1146 1461 1263 1514 Lege
1283 1460 1524 1502 Diodorum
1540 1464 1587 1500 et
1601 1458 1900 1500 Plutarchum.
1928 1458 2037 1499 Kea-

1145 1525 1320 1567 chenius.
1932 1530 1942 1541 ¹

1201 1588 1396 1641 [uermes]
1435 1589 1639 1642 Παρῆλθον
1660 1586 1750 1628 ἄνευ
1765 1588 1883 1639 ξιφῶν
1896 1586 1938 1629 ἑν
1953 1587 2039 1628 τοῖς

1145 1656 1325 1706 χιτῶσιν.

1200 1718 1317 1759 Sicut
1334 1716 1602 1770 conveniendi]
1640 1715 1692 1757 Id
1726 1719 1810 1768 est,
1833 1719 2037 1769 tanquam

1146 1781 1446 1823 conveniendi.
1514 1780 1668 1822 Malim
1696 1779 1801 1832 legi,
1836 1780 1896 1819 sic
1925 1784 1970 1819 ut
2003 1779 2039 1820 si

1145 1844 1407 1886 conveniendi.
1461 1844 1758 1893 Veruntamen
1777 1841 1884 1882 nihil
1902 1847 2037 1885 muto.

1146 1907 1286 1948 Lamb.

1201 1971 1371 2014 Foribus
1387 1971 1596 2023 obseratis]
1628 1971 1890 2013 Plutarchus
1919 1971 2036 2013 fores

1149 2034 1203 2076 ab
1233 2035 1302 2086 iis,
1338 2036 1410 2088 qui
1445 2041 1568 2076 erant
1597 2039 1738 2085 extra,
1757 2035 1941 2085 clausas,
1960 2046 2036 2075 seu

1148 2098 1293 2150 potius
1330 2098 1539 2139 adductas
1588 2102 1635 2138 et
1683 2103 1894 2139 attractas
1939 2110 2035 2140 esse

1149 2161 1308 2204 tradit:
1351 2161 1402 2202 Oi
1427 2160 1502 2212 μὲν
1529 2160 1600 2213 ἔξω
1635 2159 1941 2212 ἐπισπασάμενοι
1965 2161 2039 2203 τὰς

1147 2222 1275 2278 θύρας.
1305 2225 1442 2267 Lamb.
1610 2240 1616 2246 ·

1205 2288 1425 2342 eolligunt]
1445 2289 1706 2330 Plutarchus
1723 2289 1918 2341 Κατέχειν
1936 2288 2038 2330 ἐπει-

1145 2354 1268 2405 ρῶντο
1294 2351 1360 2393 καὶ
1387 2352 1605 2405 συντρίβειν
1622 2352 1750 2394 αὐτόν·
1780 2353 1831 2395 ὥς
1862 2355 1897 2393 δ’
1927 2351 2038 2394 οὐδὲν

1148 2415 1357 2470 ἐπέραινον,
1374 2416 1494 2471 ᾔτουν
1510 2416 1633 2469 ξίφος.

1205 2481 1286 2527 Qui
1303 2494 1343 2521 se
1360 2484 1485 2522 metui
1501 2494 1617 2534 quam
1635 2481 1763 2521 amari
1785 2478 1955 2531 malunt]
1983 2480 2036 2520 In

1145 2544 1440 2586 Timoleonte:
1474 2545 1486 2568 ‘
1506 2543 1669 2585 Maluit
1688 2557 1736 2586 se
1753 2543 1891 2595 diligi,
1910 2555 2037 2594 quam

1147 2606 1312 2660 metui?
1344 2607 1491 2648 Sidon.
1511 2612 1662 2648 noster
1681 2607 1826 2660 Epist.
1845 2610 1885 2647 2.
1903 2605 1983 2646 lib.
2002 2617 2036 2646 1.

1148 2669 1204 2710 de
1222 2669 1493 2710 Theodorico
1525 2682 1630 2723 rege
1661 2669 1920 2711 Gotthorum
1952 2669 1964 2691 ‘
1983 2668 2038 2708 ti-

1149 2739 1242 2775 met
1263 2732 1431 2775 timeri!
1458 2733 1569 2774 vide
1589 2733 1742 2774 Notas.
1771 2732 1937 2772 Savaro.

1203 2797 1340 2836 Facile
1357 2796 1579 2848 intellectu]
1605 2795 1678 2836 Sic
1696 2795 1926 2848 legendum
1942 2799 2038 2846 est:

1147 2871 1232 2900 non
1252 2865 1302 2900 ut
1320 2859 1479 2900 habent
1497 2859 1681 2900 Codices
1697 2858 1857 2899 Veneti
1875 2864 1922 2901 et
1939 2859 2040 2900 Flo-

1147 2922 1324 2974 rentini,
1341 2922 1555 2963 intellecta.
1584 2920 1781 2962 Lambin.

1203 2985 1253 3026 Si
1281 2985 1457 3038 propitia
1478 2984 1654 3035 fuissent
1678 2984 1898 3037 voluntate]
1945 2983 2037 3025 Alii

1149 3047 1248 3089 libri
1280 3049 1467 3101 propria.-
1505 3053 1556 3089 nt
1585 3048 1751 3101 propria
1783 3048 1959 3088 voluntas
1980 3046 2038 3088 sit

1149 3113 1298 3155 dedita
1317 3118 1363 3154 et
1381 3126 1465 3154 non
1488 3113 1689 3153 alienata.
1723 3112 1926 3152 Gebhard.

1202 3177 1313 3231 Lyco
1347 3178 1506 3230 quidam
1537 3175 1822 3229 Syracusanus]
1860 3174 2040 3216 Plutar-

1148 3241 1277 3282 chus:
1306 3241 1517 3292 Διατριβῆς
1533 3237 1756 3291 γενομένης,
1771 3236 1905 3279 Λύκων
1917 3242 2039 3292 Συρα-

1148 3301 1302 3343 κούσιος
1318 3301 1443 3354 ὀρέγει
1468 3300 1548 3342 τινὶ
1561 3304 1641 3343 τᾶν
1659 3302 1871 3344 Ζακυνθίων
1886 3302 1948 3344 διὰ
1963 3304 2038 3355 τῆς

1148 3364 1291 3417 θυρίδος
1306 3364 1552 3418 ἐγχειρίδιον,
1566 3362 1610 3418 ᾧ,
1623 3363 1792 3418 καθάπερ
1805 3365 1952 3419 ἱερεῖον,
1967 3365 2038 3405 τὸν

1147 3427 1276 3468 Δίωνα
1308 3426 1567 3479 κρατούμενον
1607 3427 1730 3468 πάλαι
1765 3428 1829 3469 καὶ
1867 3428 2037 3469 δεδιττό·

1147 3506 1262 3542 μενον
1279 3490 1518 3544 ἀπέσφαξαν.
1566 3491 1678 3534 Vide
1701 3492 1936 3535 Diodorum
1958 3491 2035 3533 lib.
