2306 3900
768 239 992 282 uenum
1039 239 1115 291 ΕΤ
1155 225 1519 280 vuasonem.

223 375 227 379 ’
269 363 381 406 toria
397 363 548 406 virtutis
566 364 763 406 dicuntur.
793 365 996 419 Boecler.)
1015 366 1095 406 ita:

265 421 413 459 summi
424 420 508 467 viri,
522 420 636 460 Praef.
664 419 778 460 moris
793 419 981 471 majorum
995 432 1098 460 sum·

270 485 361 512 mus
372 474 542 513 imitator
553 472 914 527 (diligentissimus)
943 487 1032 522 xxv,
1047 478 1098 514 18

216 553 226 563 .
272 539 444 566 summus
458 527 572 567 timor
587 529 743 574 xxv‚lo
771 539 922 566 summa
932 540 1100 590 pauper·

271 585 330 618 tas
358 580 436 628 xix,
457 585 478 621 1
507 593 658 620 summa
687 579 908 619 humanitas
934 592 964 627 ι,
984 585 1010 622 8
1038 595 1099 621 se-

268 630 408 673 nectus
434 638 560 686 xxm-5
591 645 751 673 summae
762 633 960 684 amphoras
971 630 1099 686 (sumss

270 689 345 725 rnae
363 694 508 739 partes,
542 699 610 726 ora
627 686 918 739 amphorarum)
947 688 1052 734 xxiii,
1071 692 1099 738 9

268 739 387 791 (Tale
403 747 465 780 est
479 739 604 780 illud:
635 746 646 764 ⁸
666 747 839 780 extrema
861 740 985 780 ‹etas-³
1017 741 1099 780 vid.

263 792 463 846 Extrem.)
507 807 698 833 summum
711 793 925 846 fastigium,
941 795 1095 847 pericu-

269 847 349 886 lum
390 861 480 893 xxv,
506 852 557 888 10
603 860 795 887 summum
833 860 956 899 genus
983 849 1049 895 vii,
1070 853 1092 888 1

216 928 222 941 1
270 913 460 941 summum
478 901 682 954 imperium
707 901 783 954 (de
805 901 970 953 imperio
995 901 1098 941 mili-

272 954 343 993 tari
366 955 505 994 summi
530 954 662 1006 ducis)
689 955 782 1002 xvii,
801 959 842 996 2.
869 955 976 1002 xviii,
991 959 1016 996 7
1047 955 1097 996 de

269 1007 470 1060 praecipuo
488 1009 714 1061 magistratu
741 1007 784 1055 ii,
803 1012 844 1049 7.
871 1008 924 1055 vi,
945 1012 971 1048 1

214 1060 374 1103 Summa
389 1061 667 1115 (substantive,
700 1075 768 1102 seu
789 1061 921 1114 potius
938 1063 1097 1103 ἐλλειπ-

265 1118 393 1156 τικῶς.
401 1116 604 1155 subintell.
615 1128 723 1155 nom.
743 1121 754 1139 ‘
770 1129 831 1155 res
843 1115 867 1165 ;’
896 1118 1096 1168 quomodo

267 1169 380 1221 Virg.
398 1169 494 1208 AEn.
521 1169 564 1214 ii.
583 1173 625 1215 3,
651 1174 723 1211 22.
747 1169 893 1210 Justin.
922 1170 975 1221 vi,
993 1173 1096 1217 2,-4.

268 1229 312 1262 et
342 1223 429 1264 Cic.
456 1228 498 1264 2.
534 1222 713 1276 Philipp.
741 1229 753 1247 ‘
773 1237 853 1262 rem
893 1225 1095 1263 summam’

265 1275 394 1325 dixin
421 1275 484 1316 vel
513 1282 525 1301 ⁸
543 1276 670 1324 ratio,'
689 1277 750 1316 vel
763 1276 914 1328 aliquid
925 1275 1094 1330 simile):

267 1330 395 1382 Cujus
444 1330 536 1370 belli
585 1344 673 1370 cum
718 1332 755 1370 ei
802 1344 953 1370 summa
993 1339 1096 1371 esset

266 1384 363 1424 data
388 1384 468 1431 xvi,
487 1389 511 1424 5
540 1383 676 1424 Alibi:
705 1383 763 1425 illi
780 1396 931 1424 summa
946 1384 1095 1436 imperii

270 1437 425 1476 tradita
442 1443 503 1477 est
534 1437 683 1489 (omnis
713 1438 995 1477 administratio
1028 1451 1096 1488 ge-

267 1491 380 1530 rendi
397 1490 514 1542 belli)
542 1491 660 1538 xiv,3
689 1491 784 1530 Sic:
812 1491 973 1544 quitum
990 1505 1096 1530 sum-

266 1557 345 1583 me
370 1545 523 1598 imperii
553 1551 716 1594 praeerat
740 1545 784 1592 ii,
801 1549 828 1586 4
856 1557 1007 1584 summa
1020 1544 1095 1584 im-

266 1598 363 1649 perii
383 1597 564 1638 maritimi
591 1598 649 1645 iii,
666 1602 693 1638 2
720 1610 872 1637 summa
898 1610 1021 1638 rerum
1034 1601 1094 1639 'ad

264 1651 518 1705 Antipatrum
527 1652 700 1692 defertur
707 1650 859 1704 (totum
869 1651 1095 1706 imperium)

266 1705 376 1754 xviii,
393 1711 418 1746 5
448 1718 636 1745 summam
664 1705 817 1758 imperii
840 1706 956 1758 potiri
974 1706 1095 1759 (ἐξαι-

213 1779 219 1785 ·
266 1758 387 1813 ρέταη
413 1761 465 1799 de
495 1772 646 1799 summo
666 1759 839 1812 >imperio
867 1760 909 1798 in
935 1760 1094 1813 gentes)

212 1834 218 1838 -
263 1812 374 1860 xviii,
391 1817 418 1854 8
454 1813 507 1853 dc
539 1825 691 1852 summa
721 1813 874 1866 imperii
906 1813 1094 1854 dimicare

264 1867 372 1914 xxiii,
397 1871 425 1908 8
464 1866 586 1906 alibi:
616 1867 668 1906 de
699 1866 859 1907 summis
888 1868 1003 1907 rebus
1031 1867 1093 1907 di-

214 1938 219 1942 ·
263 1921 413 1961 micare-
439 1919 557 1968 -xviii,
589 1925 643 1961 10
687 1922 739 1960 de
775 1921 934 1960 summis
978 1923 1093 1961 rebus

207 1996 213 2000 ·
265 1976 477 2028 desperare
497 1973 606 2023 xviii,
632 1978 660 2015 0
699 1975 751 2014 de
782 1975 942 2015 summis
978 1977 1093 2015 rebus

211 2057 213 2061 -
263 2027 598 2082 consiliacapere
625 2027 735 2076 xviii,
753 2032 779 2069 7
819 2041 941 2081 penes
964 2041 1092 2081 quem

208 2112 211 2113 γ
262 2095 413 2122 summa
428 2081 583 2135 imperii
598 2089 682 2122 erat
693 2082 883 2122 custodiae
910 2082 1019 2130 xviii,
1040 2087 1090 2124 ll

263 2148 452 2176 summam
483 2136 612 2176 facere
643 2136 721 2190 (sc.
754 2135 954 2189 pecuniae)
981 2150 1045 2184 xv,
1065 2141 1090 2178 3

263 2201 432 2230 summas
450 2189 603 2242 imperii
619 2196 752 2230 tenere
765 2190 874 2242 (snb.
890 2195 916 2218 ι’
931 2190 1091 2243 partes,'

264 2244 316 2282 de
333 2244 496 2296 imperio
512 2243 688 2294 urbium)
715 2243 744 2291 i,
762 2247 789 2284 3
816 2255 985 2282 summas
1003 2250 1091 2283 tan-

206 2319 211 2324 ·
264 2298 467 2336 tummodo
497 2297 691 2350 attingere
715 2296 796 2344 xvi,
828 2301 850 2337 1
897 2297 958 2350 (v.
992 2296 1090 2343 Res.

261 2350 356 2390 Sic:
384 2357 396 2374 ⁴
418 2350 573 2403 fastigia
598 2350 770 2390 *summa’
806 2356 924 2390 vocat
958 2350 1090 2392 Poeta

260 2404 314 2445 τὰ
331 2403 639 2458 κορυφαιότατα)
894 2428 897 2430 -

204 2457 363 2497 Sumtus
399 2459 445 2496 fit
480 2459 521 2496 in
555 2457 718 2496 classem
748 2457 777 2504 i,
796 2461 821 2498 7
868 2457 961 2509 plus
994 2459 1087 2498 salis

262 2523 379 2564 quam
397 2516 546 2550 sumtus
561 2511 734 2550 habebat
748 2515 896 2549 tectum
925 2525 1014 2558 xxv,
1035 2516 1087 2552 13

266 2564 411 2604 sumtui
445 2576 660 2616 expensum
693 2564 806 2609 ferre,
843 2563 940 2603 ibid.
985 2565 1090 2618 (vid.

260 2617 454 2671 Expens.)
503 2631 575 2658 suo
602 2623 731 2656 sumtu
756 2617 892 2657 efferre
919 2627 1090 2659 mortuos

262 2685 302 2718 v,
324 2675 351 2712 4
380 2671 574 2711 sumtibus
592 2671 780 2711 exhausta
798 2671 922 2723 patria
948 2673 1042 2720 xxii,
1065 2678 1086 2715 1

206 2725 438 2765 Sumtuosus
466 2738 553 2774 xxV,
575 2729 626 2766 13
655 2725 827 2779 (oppon.
844 2726 1088 2778 splendidus,

262 2779 359 2819 ibid.
1034 2792 1039 2800 ¹

205 2779 389 2885 Supelle)x
407 2833 576 2881 modica,
606 2847 685 2873 non
704 2833 849 2880 multa,
871 2840 915 2873 ut
931 2834 971 2873 in
990 2847 1089 2874 neu-

223 2905 226 2909 *
260 2893 359 2926 tram
377 2894 526 2939 partem
543 2887 720 2940 conspici
739 2893 871 2940 posset
896 2901 986 2936 xxv,
1009 2893 1058 2929 13

205 2939 334 2992 Super
361 2940 493 2994 aliqua
518 2953 636 2981 causa
660 2942 829 2994 aliquem
846 2941 980 2994 aliquo
999 2943 1088 2982 mit·

262 3000 342 3034 tere
369 2993 422 3040 iv,
441 2998 468 3035 4
496 3007 613 3047 super
628 3006 795 3042 coenam,
815 2994 878 3033 Pr.
900 2999 947 3036 11

206 3044 422 3098 Superare:
463 3060 550 3100 pars
589 3050 744 3088 navium
781 3049 1084 3089 adversariorum

260 3098 449 3139 Euboeam
466 3103 663 3153 superavit
688 3101 733 3148 ii,
751 3105 776 3142 3
805 3101 908 3142 bello
927 3115 1085 3155 supera-

258 3153 317 3191 vit
349 3153 485 3193 Asiam
512 3154 605 3201 xvii,
628 3158 662 3195 4*
697 3168 878 3207 superare
914 3157 1085 3208 aliquem

258 3207 464 3257 splendore
501 3219 548 3247 ac
583 3207 775 3271 dignitate
809 3209 900 3247 vitm
940 3209 1007 3256 vii,
1032 3214 1081 3250 11

259 3260 408 3311 aliquid
438 3259 607 3299 utilitate
633 3261 677 3308 ri,
695 3265 724 3301 6
751 3262 925 3313 superari
954 3262 1084 3301 multi·

257 3314 395 3353 tudine
431 3314 733 3353 adversariorum
760 3314 868 3360 xxiii,
899 3318 925 3354 8
966 3327 1082 3366 supe·

225 3383 227 3386 ⁴
255 3369 338 3406 rare
368 3367 546 3419 equitatu
575 3365 836 3420 (superiorem
853 3366 961 3419 esse)
987 3367 1081 3415 xvii,

257 3423 283 3458 3
311 3426 491 3471 superata
516 3433 675 3459 numero
708 3421 900 3460 sententia
920 3421 1081 3474 (suffra-

257 3472 405 3524 giorum
424 3473 647 3525 pluralitate
664 3474 804 3527 victa),
823 3474 884 3513 Fr.
902 3478 930 3515 2

237 3535 242 3539 ’
311 3539 452 3593 Delph.
476 3544 517 3581 et
535 3539 631 3582 ναν.
652 3540 760 3581 Clas.

1813 227 2048 282 cxxxvfi

1161 365 1372 419 Superesse
1386 365 1498 419 (pro,
1516 362 1680 417 restare)
1700 378 1712 403 τ
1739 361 2048 419 Atheniensibus

1165 439 1170 444 ·
1216 419 1412 460 exhaustis
1441 425 1582 472 praeter
1611 422 1716 459 arma
1742 423 1784 458 et
1805 430 1925 457 naves
1952 417 2062 456 nihil-

1217 479 1300 512 erat
1329 486 1444 526 super
1472 472 1539 519 vii,
1557 476 1583 513 8
1625 484 1715 512 cum
1748 471 1936 518 audisset,
1967 485 2050 510 non

1215 527 1380 566 multum
1393 538 1593 578 superesse
1607 524 1834 564 munitionis
1861 524 1938 573 iia
1969 525 2050 578 (sic

1217 579 1320 619 enim
1358 579 1538 632 legend.)
1576 578 1640 619 cui
1676 591 1798 631 parva
1830 591 1920 631 pars
1956 578 2051 617 vitae

1216 640 1405 685 superest,
1425 632 1487 672 Fr.
1503 636 1555 674 12
1584 644 1785 685 superesse
1799 631 1907 685 (pro,
1923 632 2050 671 abun-

1217 686 1360 740 dare):
1389 699 1470 725 non
1501 685 1628 725 solum
1656 692 1702 725 ut
1733 693 1837 726 esset
1863 686 2049 739 pecunia,

1167 746 1169 749 ’
1217 741 1287 779 sed
1312 740 1430 779 etiam
1450 745 1729 792 utrsuperesset
1755 738 1864 786 xxiii,
1883 743 1909 780 7
1936 739 2050 792 (pro.

1216 793 1368 847 vivere)
1385 808 1394 832 :
1424 793 1610 846 quoniam
1630 799 1712 832 turn
1731 806 1891 845 quoque
1915 800 2050 845 posset

1217 845 1458 899 temporibus
1477 860 1679 900 superesse
1707 860 1797 893 xxv,
1816 850 1870 887 22
2045 864 2047 868 ’

1163 896 1347 953 Superior
1375 901 1450 954 (de
1469 901 1622 940 fortuna
1640 906 1708 940 aut
1727 898 1952 953 potentia):
1982 912 2048 940 su-

1218 954 1347 1007 perior
1377 955 1511 1007 praelio
1542 955 1720 996 discessit
1747 953 1856 1000 xviii,
1876 957 1929 994 10
1955 967 2048 994 cum

1217 1021 1370 1061 semper
1401 1007 1558 1047 inferior
1588 1008 1728 1061 copiis,
1756 1006 1931 1060 superior
1963 1021 2047 1046 om·

1165 1082 1167 1085 ⁴
1214 1061 1329 1101 nibus
1361 1062 1504 1114 praeliis
1535 1062 1755 1102 discederet
1781 1062 1860 1109 xiv,
1892 1064 1918 1102 8
1966 1074 2047 1114 quo

1213 1115 1319 1155 facto
1352 1116 1475 1155 multo
1506 1116 1722 1168 superiores
1741 1115 1844 1155 bello
1862 1127 1948 1154 esse
1966 1129 2046 1155 coe-

1164 1188 1167 1190 >
1215 1175 1359 1222 perunt
1396 1169 1464 1216 vii,
1498 1174 1524 1210 4
1568 1170 1654 1222 ipse
1690 1182 1770 1221 quo
1807 1181 1928 1208 cornu
1963 1181 2045 1208 rem

1215 1224 1348 1276 gessit,
1366 1222 1442 1262 suit
1459 1223 1634 1276 superior
1659 1224 1767 1271 xxiii,
1787 1227 1813 1263 8
1841 1235 1920 1275 quo
1940 1223 2047 1262 sacto

1216 1277 1386 1328 populus
1411 1277 1586 1329 superior
1616 1277 1742 1316 factus
1770 1276 1844 1328 (de
1874 1276 2047 1316 factione

1166 1350 1169 1357 ·
1213 1329 1395 1382 populari
1419 1330 1678 1383 praevalente)
1706 1331 1787 1377 xix,
1804 1334 1829 1370 3
1872 1330 2048 1381 superior

1167 1408 1170 1411 -
1214 1383 1287 1436 (de
1305 1391 1478 1436 tempore
1498 1383 1631 1436 priori,
1650 1382 1869 1437 praeterito)
1887 1398 1896 1422 ε
1927 1397 2045 1437 supe-

1213 1437 1289 1476 rior
1322 1437 1530 1487 crudelitas
1555 1437 1637 1484 viii,
1662 1441 1687 1478 3
1717 1437 1914 1489 superiore
1947 1444 2045 1476 tem-

1214 1504 1309 1545 pore
1336 1493 1441 1538 xxiv‚
1461 1495 1484 1530 1
1515 1503 1619 1529 anno
1647 1491 1755 1538 xxiii,
1773 1495 1800 1532 4
1828 1491 2045 1544 superiores

1210 1557 1272 1583 res
1309 1545 1492 1585 secundae
1518 1545 1587 1591 vii,
1613 1548 1641 1585 6
1685 1545 1862 1597 superius
1897 1545 2044 1584 bellum

1212 1598 1296 1646 xiii,
1337 1602 1359 1639 1
1408 1599 1582 1652 superior
1617 1597 1838 1652 Dionysius
1873 1597 2042 1650 (senior,

1212 1652 1351 1703 major,
1381 1653 1486 1704 prior
1521 1658 1566 1690 ut
1592 1652 1671 1699 xxi,
1698 1655 1724 1692 2
1766 1651 1930 1704 dicitur)
1958 1666 1997 1700 x,
2018 1657 2042 1693 1

1163 1722 1169 1727 ·
1213 1705 1301 1759 (Sic
1315 1713 1356 1745 et
1371 1706 1510 1747 Cicero
1529 1719 1620 1745 eum
1638 1712 1753 1745 vocat
1770 1705 1887 1745 Offlc.
1906 1710 1946 1746 2.
1975 1705 2042 1746 Sic

1214 1766 1225 1782 ¹
1246 1759 1431 1811 superior’
1450 1759 1666 1803 Hannibal,
1682 1759 1904 1806 Africanus,
1924 1759 2042 1805 Cato,

1212 1815 1320 1865 apud
1349 1813 1440 1854 Val.
1470 1814 1583 1853 Max.
1612 1812 1681 1860 vii,
1711 1817 1750 1854 3.
1778 1813 1869 1852 Ext.
1901 1813 1969 1861 vii,
2001 1818 2041 1854 8.

1213 1881 1277 1914 xv,
1299 1871 1322 1908 1
1343 1874 1385 1908 et
1403 1867 1454 1921 2)
1608 1891 1612 1895 <
1661 1882 1677 1897 >·
1899 1884 1906 1895 ·
1935 1890 1940 1896 ·

1157 1918 1332 1974 Superbe
1349 1923 1584 1976 respondere
1600 1936 1611 1962 ε
1641 1935 1679 1963 ν.
1697 1921 1823 1975 Resp.

1156 1971 1392 2027 superlativi
1421 1976 1580 2029 elegans
1609 1982 1671 2016 est
1704 1976 1921 2029 usurpatiO,
1949 1987 2042 2015 cum

1209 2030 1419 2082 negatione
1435 2040 1455 2070 ε’
1473 2032 1592 2070 homo
1609 2043 1692 2069 non
1710 2029 1956 2070 beatissimus
1973 2030 2040 2084 (id

1162 2099 1168 2105 ·
1207 2089 1281 2130 est,
1311 2096 1393 2123 non
1410 2084 1623 2124 admodum
1650 2085 1804 2132 beatus,
1833 2097 1914 2123 non
1944 2097 2041 2124 sane

1209 2137 1367 2190 beatus)
1395 2137 1527 2185 xvii,8
1555 2138 1766 2190 Eleganter
1778 2151 2040 2191 quoquecurn

1207 2191 1380 2242 genitivo
1397 2191 1539 2243 plurali
1556 2192 1822 2244 Superlativus
1851 2192 2012 2244 ponitur
2027 2207 2039 2230 ι

1204 2256 1244 2283 ν.
1262 2258 1300 2296 g.
1319 2245 1548 2284 fortissimus
1572 2245 1630 2284 vir
1653 2245 1827 2284 omnium
1857 2246 2040 2285 barbaro·

1205 2310 1288 2336 rum
1317 2298 1398 2345 xiv,
1417 2302 1440 2339 l
1471 2297 1529 2351 (E
1559 2312 1638 2352 quo
1672 2300 1760 2339 loco
1791 2305 1967 2351 apparet,
1997 2299 2040 2338 in

1204 2350 1291 2390 aliis
1320 2351 1517 2403 ejusmodi
1545 2351 1826 2404 phrasibus-'rb
1857 2353 1942 2399 Vir,
1975 2354 2040 2392 vel

1204 2404 1351 2452 Homo,
1370 2405 1431 2445 vel
1450 2405 1575 2445 simile
1591 2406 1875 2445 substantivum
1893 2407 2038 2446 subau-

1205 2458 1394 2497 diendum
1427 2471 1526 2498 esse.
1581 2458 1764 2498 Ceterum
1797 2460 2038 2499 subaudien-

1205 2512 1299 2550 dum
1318 2518 1382 2551 est
1407 2518 1419 2535 ‘
1440 2526 1462 2551 e
1481 2512 1655 2551 numero'
1681 2513 1743 2552 vel
1768 2512 1893 2552 simile
1923 2513 2038 2566 quid,

1207 2572 1251 2603 ut
1281 2565 1431 2618 integra
1467 2564 1616 2618 phrasis
1652 2566 1731 2605 sita
1773 2570 1785 2589 ⁸
1806 2567 2036 2607 fortissimus

1205 2618 1277 2658 Vir
1306 2632 1330 2658 e
1363 2633 1523 2659 numero
1555 2619 1729 2658 omnium
1762 2620 2037 2661 barbarorum!

1206 2685 1244 2712 v.
1264 2671 1295 2711 F
1298 2672 1461 2712 rancisci
1475 2673 1624 2712 Sanctii
1643 2674 1864 2713 Minervam
1892 2674 1934 2722 ii,
1957 2675 2033 2727 11)

1149 2725 1353 2778 Superstes
1371 2742 1380 2766 ε
1410 2739 1459 2767 ea
1483 2725 1578 2766 mibi
1596 2733 1791 2779 superstes
1808 2733 1869 2767 est
1895 2741 1958 2775 xv,
1980 2733 2034 2770 10

1203 2779 1359 2820 fortuna
1388 2794 1461 2821 nos
1491 2781 1718 2834 superstites
1738 2781 1774 2821 ei
1794 2795 1880 2821 esse
1907 2781 2034 2822 voluit

1203 2847 1301 2882 xxv,
1318 2839 1370 2876 19

1147 2886 1430 2941 Suppeditatur
1445 2888 1541 2942 ipsis
1559 2901 1582 2928 a
1599 2900 1692 2940 rege
1706 2890 1875 2942 pecunia
1905 2889 1974 2935 vii,
1993 2892 2020 2930 8

1147 2941 1359 2994 Suppetit:
1389 2955 1518 2995 neque
1554 2944 1802 2995 suppetebat,
1839 2955 1919 2997 quo
1955 2942 2034 2983 &c-

1203 2996 1323 3048 (erat,
1342 2996 1562 3048 supererat)
1591 3010 1630 3043 x,
1649 3000 1676 3037 7

1147 3047 1322 3110 Supplex
1346 3050 1437 3103 (qui
1457 3062 1498 3089 se
1521 3049 1565 3088 in
1590 3050 1709 3089 fidem
1728 3050 1892 3103 alicujus
1911 3048 2033 3088 tradi-

1201 3102 1284 3156 dit)
1311 3103 1354 3149 ii,
1373 3107 1400 3143 8
1438 3104 1604 3157 supplex
1623 3103 1703 3143 Dei
1732 3104 1823 3157 (qui
1854 3103 2034 3155 confugit

1200 3156 1243 3194 in
1277 3157 1465 3208 templum
1495 3164 1537 3196 et
1571 3158 1746 3210 asylum)
1783 3159 1837 3203 iv,
1863 3160 1889 3197 4
1937 3156 2029 3195 Ita:

1201 3210 1400 3270 supplices
1420 3211 1666 3262 templorum,
1686 3222 1835 3249 ararum
1863 3211 1957 3259 xvii,
1974 3214 2002 3252 4

1145 3260 1391 3353 δειρξὴοὶυιη
1423 3276 1572 3302 sumere
1601 3263 1653 3302 de
1685 3265 1818 3315 aliquo
1847 3263 1957 3312 xviii,
1976 3267 2030 3304 12

1198 3322 1217 3366 (
1251 3316 1285 3354 ic
1302 3328 1460 3368 quoque
1484 3316 1689 3355 Terentius
1711 3317 1839 3356 Andr.
1866 3316 1924 3364 iii,
1942 3322 1983 3366 5,
2002 3320 2028 3356 7

1199 3374 1210 3391 ‘
1232 3380 1302 3407 cur
1333 3381 1414 3407 non
1452 3368 1578 3408 habeo
1611 3370 1794 3422 spatium,
1832 3377 1877 3410 ut
1906 3372 1956 3410 de
1988 3378 2029 3409 te

1196 3434 1344 3460 sumam
1364 3422 1614 3475 supplicium,
1644 3430 1689 3462 ut
1705 3424 1796 3463 volo
1810 3424 1862 3477 ?¹)
1890 3424 2028 3463 Persas

1195 3475 2026 3531 Graeciaesuppliciumdarepotuisse(Groe·

1013 3541 1100 3583 Iud.
1129 3541 1232 3596 Nep.
1898 3556 1918 3583 s
