2306 3900
366 298 475 361 662

364 428 651 475 Quodmultis
669 429 806 471 modis
825 441 877 472 ac
897 429 1018 472 vario
1036 434 1247 483 stratege-

362 498 481 535 mate
500 493 616 546 apud
633 493 880 547 Appianum
902 492 1086 534 induxit.
1141 493 1249 534 Post

356 555 539 597 crebros
570 556 627 597 ad
655 569 799 610 regem
826 569 1043 599 sermones
1073 562 1119 599 et
1150 570 1249 600 con-

359 618 486 671 silia,
521 619 672 660 missus
722 620 896 662 tandem
939 621 1248 675 Carthaginem

355 679 515 723 Aristo
563 683 737 736 quidam
778 695 833 724 ex
874 684 1103 726 comitibus
1134 685 1247 737 ejus,

364 744 438 798 qui
465 746 575 787 clam
590 751 723 788 noctu
739 747 930 789 libellum
945 748 1159 789 vestibulo
1176 759 1248 788 cu·

360 808 443 848 riae
493 807 707 862 affigeret,
747 809 830 851 hac
875 811 1118 851 sententia:
1151 809 1249 850 “Ori

362 870 515 912 πάντας
532 873 554 913 ὁ
572 872 754 920 Ἀννίβας
775 870 868 914 τοὺς
883 872 1103 920 βουλευτὰς
1126 887 1248 925 παρα-

363 935 505 985 καλοίη
522 937 576 990 τῇ
604 935 759 990 πατρίδι
777 934 1015 990 συνᾴρασθαι
1045 935 1132 987 μετ’
1162 936 1249 977 Ἀν-

361 999 517 1051 τιόχου.
545 1000 702 1041 ΚειισΙι.

417 1065 632 1116 Magonem
657 1065 834 1115 fratrem
860 1064 1028 1117 excivit]
1059 1063 1158 1107 Hoc
1178 1076 1250 1106 ve-

362 1139 458 1170 rum
477 1140 573 1169 esse
600 1141 685 1170 non
705 1133 867 1182 potest.
922 1129 1098 1181 Quippe
1114 1129 1249 1181 Mago

364 1190 625 1233 Hannibalis
653 1191 791 1234 frater
815 1193 858 1233 in
878 1191 1029 1245 praelio
1046 1191 1250 1233 adversus

362 1253 419 1294 P.
448 1254 708 1296 Quintilium
737 1256 899 1296 Varum
927 1260 1176 1308 praetorem,
1204 1260 1251 1297 et

362 1317 427 1358 M.
455 1317 702 1360 Corneli'um
725 1320 1043 1372 proconsulem,
1064 1319 1116 1360 vin
1145 1331 1250 1372 agro

362 1379 611 1422 Insubrium
631 1381 855 1424 Gallorum
877 1383 1032 1424 vulnus
1053 1383 1250 1436 accepit,

360 1454 419 1484 ex
438 1456 523 1496 quo
541 1445 722 1487 interiit.
765 1445 915 1486 Livius
933 1456 1049 1487 xxx.
1115 1482 1118 1486 .

419 1507 589 1560 Eadem,
625 1521 702 1561 qua
727 1507 919 1561 fratrem,
952 1508 1088 1561 poena]
1127 1509 1252 1550 Bona

361 1568 458 1621 ejus
473 1571 762 1624 publicarunt,
774 1572 944 1612 domum
962 1584 987 1611 a
1001 1570 1254 1613 fundamen-

359 1634 419 1673 tis
438 1633 715 1686 disjecerunt,
741 1635 883 1687 ipsum
902 1634 1070 1676 exulem
1080 1634 1253 1688 judica·

358 1704 480 1740 runt.
506 1699 688 1741 Lambin.

426 1764 522 1805 Vela
540 1764 670 1805 ventis
687 1764 904 1817 dedissent]
925 1763 1123 1817 *Loquela
1140 1762 1254 1804 Poe-

358 1826 453 1868 tica
470 1826 976 1880 dictum.Vi1-gil.non
1008 1838 1093 1868 uno
1123 1827 1250 1870 loco.

357 1889 376 1912 ·‘
398 1890 510 1931 Vela
533 1889 683 1931 damus
702 1889 875 1933 ventis.'

417 1956 666 2000 Antiochus
671 1962 804 1998 autem
834 1957 872 1998 si
906 1961 990 1998 tam
1026 1957 1072 1999 in
1101 1924 1252 2010 agendo

351 2021 481 2075 hello]
512 2022 629 2074 Lege
654 2022 824 2063 Livium
849 2019 964 2062 Anu.
985 2032 1149 2064 xxxvr.
1176 2021 1254 2063 ubi

362 2090 515 2138 aperte
548 2085 755 2134 ostendit,
795 2084 1055 2143 Antiochum
1095 2086 1253 2138 praevi-

362 2148 495 2202 disse,
523 2148 620 2190 fieri
637 2161 782 2202 posse,
809 2153 874 2201 ut,
894 2148 1252 2202 quemadmodum

363 2211 580 2264 quondam
596 2204 916 2254 Lacedaemonii
941 2220 968 2252 a
995 2212 1144 2253 Persis
1170 2213 1252 2254 cir-

360 2274 587 2314 cumventi
605 2273 795 2327 fuerant,
819 2275 886 2315 sic
918 2274 1012 2327 ipse
1043 2287 1070 2315 a
1097 2275 1253 2316 Roma-

362 2337 449 2389 nis,
475 2337 655 2379 callibus
673 2349 752 2390 per
781 2338 920 2379 invias
950 2349 1078 2396 rupes
1099 2339 1253 2380 inven-

361 2401 436 2452 tis,
462 2401 862 2444 circumveniretur.

418 2465 595 2518 Propius
623 2465 772 2517 Tiberi,
812 2479 930 2520 quam
965 2466 1253 2521 mer-mopylis]

363 2528 439 2569 De
475 2527 592 2570 bello
640 2529 851 2583 loquitur,
896 2530 1014 2584 quod
1048 2530 1251 2572 adversus

364 2591 562 2634 Manium
597 2592 787 2634 Acilium
823 2593 1100 2635 Glabrionem
1153 2606 1253 2636 cum

354 2655 567 2710 Scipione
599 2656 760 2698 Nasica
787 2656 1014 2699 Consulem
1046 2657 1254 2700 instruxit

363 2719 623 2763 Antiochus.
659 2723 732 2763 De
750 2733 834 2776 quo
848 2722 1136 2766 consulendus
1150 2723 1254 2764 Plu·

362 2784 542 2825 tarchus
579 2784 623 2825 in
658 2784 845 2838 Catone,
880 2786 1080 2829 Justinus
1115 2797 1250 2829 xxxx.

363 2847 511 2889 Livius
530 2858 694 2891 xxxvr.
722 2847 955 2891 Frontinus
974 2861 1027 2891 ιι.
1046 2853 1088 2891 4.

369 2946 373 2950 .
421 2911 559 2951 Multa
583 2913 707 2953 stulte
734 2912 888 2965 conari]
918 2913 982 2954 Ut
1008 2912 1253 2956 exercitum

365 2975 676 3028 conscripsisse
709 2975 839 3016 armis
870 2976 1095 3019 inauratis.
1152 2978 1251 3021 Quo

365 3043 540 3080 ostenso
569 3037 821 3091 Hannibali,
849 3038 863 3063 ‘
892 3039 1067 3091 Hicne,’
1094 3040 1252 3095 inquit,

364 3101 377 3123 ‘
400 3100 618 3143 exercitus
637 3101 841 3143 Romanis
857 3101 1044 3144 sufficiet
1053 3102 1084 3143 ξ’
1099 3103 1112 3126 ‘
1128 3101 1251 3144 Suffi-

365 3163 487 3216 ciet,'
506 3164 732 3218 respondit.
747 3166 921 3218 Poenus,
946 3165 960 3189 ‘
979 3166 1048 3208 vel
1063 3166 1251 3208 maxime

365 3226 534 3269 avaris?
561 3228 709 3282 Agell.
737 3240 794 3270 ex
810 3235 1005 3273 veterum
1033 3230 1252 3273 inemoriis

365 3289 499 3331 Noet.
519 3289 661 3332 Attio.
679 3302 724 3333 v.
743 3296 783 3334 ὅ.
839 3292 940 3334 Huc
967 3305 1135 3348 quoque
1153 3306 1251 3347 per-

365 3349 479 3391 tinet
504 3364 692 3394 scomma
716 3356 902 3397 alterum
920 3356 1175 3398 Hannibalis
1195 3356 1251 3398 de

365 3411 628 3456 Phormione
653 3417 931 3472 Philosopho,
953 3421 1074 3474 cujus
1103 3421 1250 3462 ludum

365 3475 571 3518 audiendi
587 3480 728 3530 gratia
744 3481 962 3534 ingressus
991 3490 1102 3540 erat,
1133 3484 1251 3539 apud

366 3543 551 3587 Tullium
566 3545 623 3588 de
644 3545 769 3589 Orat.
788 3558 841 3590 11.
868 3548 1019 3591 Schott.

749 309 931 350 NVO'I'AE
970 309 1305 353 VARIORUM
1346 312 1413 353 IN
1454 314 1508 355 C.
1546 309 1813 355 NEPo'rls

1368 432 1479 479 Quas
1507 445 1559 474 ex
1587 431 1710 486 Syria
1727 431 1864 483 Jussus
1878 435 1966 473 emt
1989 430 2035 473 in
2055 424 2194 476 Asiam

1309 494 1468 547 ducere]
1484 496 1532 536 Τ.
1548 495 1692 536 Livius
1706 495 1781 536 lib.
1794 505 1979 537 xxxvn.
2006 496 2022 519 ‘
2037 495 2194 550 Itaque

1310 563 1358 598 et
1392 556 1680 600 Hannibalem
1727 560 1770 599 in
1819 559 1984 611 Syriam
2018 555 2195 602 miserat

1310 621 1589 676 [Antiochus]
1615 624 1670 664 ad
1697 623 1954 665 Phoenicum
1973 635 2190 667 arcessen-

1311 686 1388 728 das
1408 687 1581 729 naveis:
1610 692 1655 728 et
1674 687 1986 741 Polyaenidam,
2011 700 2098 742 qno
2114 690 2192 730 mi·

1309 762 1389 791 nus
1407 761 1615 804 prospere
1635 755 1760 804 gesta
1777 762 1844 791 res
1862 755 1971 803 erat,
1987 761 2039 791 eo
2058 751 2195 794 enixi·

1303 826 1360 854 ⁴us
1389 826 1475 865 eas,
1506 826 1602 867 quae
1629 819 1768 867 erant,
1794 813 1988 864 reficere,
2015 819 2063 855 et
2090 815 2198 857 alias

1310 888 1466 928 parare
1483 888 1615 917 naves
1626 877 1773 929 jussit.
1827 876 1932 930 Ipse
1948 878 1991 919 in
2003 877 2197 933 Phrygia

1311 939 1596 994 gubernavit!
1623 939 1806 982 Lambin.
1870 951 1874 955 ’

1365 1003 1417 1044 In
1433 1031 1436 1034 -
1453 1003 1693 1057 Pamphylio
1729 1000 1852 1054 mari]
1892 1002 2016 1044 Idem
2052 1003 2199 1046 Livius

1311 1066 1463 1108 eodem
1476 1065 1626 1106 libro:
1653 1065 1665 1088 ‘
1684 1065 1738 1105 Ῑιι
1768 1063 1952 1107 confinio
1979 1065 2125 1119 Lyciae
2150 1074 2199 1108 et

1310 1128 1583 1181 Pamphyliae
1618 1127 1817 1169 Phaselis
1852 1132 1944 1170 est:
1985 1129 2203 1181 prominet

1312 1191 1486 1246 penitus
1506 1191 1549 1231 in
1571 1191 1725 1242 altum,
1743 1190 2094 1246 conspiciturque
2113 1193 2200 1247 pri·

1311 1268 1384 1295 ma
1410 1259 1638 1306 terrarum,
1669 1253 1871 1294 Rhodum
1898 1266 1925 1294 a
1954 1253 2106 1296 Cilicia
2123 1267 2200 1308 pe-

1313 1317 1523 1370 tentibus,
1560 1320 1607 1358 et
1645 1316 1797 1369 procul
1828 1315 1999 1357 navium
2032 1317 2202 1370 praebet

1313 1385 1606 1436 prospectum.
1639 1381 1706 1420 Eo
1724 1379 1928 1431 maxime,
1945 1378 2058 1421 utin
2073 1380 2202 1422 obvio

1314 1445 1443 1487 classi
1471 1443 1656 1484 hostium
1694 1446 1855 1494 essent,
1887 1442 2054 1483 electus
2078 1443 2202 1485 locus

1314 1508 1412 1551 est?
1454 1507 1637 1548 Lambin.
1710 1505 1838 1547 Unde
1876 1505 1890 1529 ‘
1926 1505 2201 1548 Phaselicum

1313 1570 1446 1613 mare'
1467 1574 1596 1613 vocat
1613 1568 1877 1622 Eustathius,
1892 1567 1949 1610 ab
1966 1569 2199 1622 adiacente

1313 1637 1436 1679 urbe.

1370 1698 1470 1740 Fuit
1487 1697 1683 1751 superior]
1709 1697 1925 1740 Dissentit
1949 1709 2099 1752 parum
2127 1676 2201 1740 Li·

1315 1761 1410 1803 vius
1441 1760 1826 1803 xxxv11.Vide
1814 1773 1988 1813 apsum3
2012 1761 2087 1803 nbi
2104 1760 2202 1803 fuse

1315 1830 1541 1879 utramque
1559 1825 1741 1866 classem
1761 1823 1984 1867 describit.
2047 1858 2053 1862 .
2102 1855 2106 1858 .

1368 1890 1482 1931 CAP.
1501 1893 1542 1931 9.
1569 1887 1941 1941 Antiochofuguto]
1970 1887 2024 1929 In
2039 1857 2204 1939 Asiam,

1315 1966 1354 1995 a
1378 1953 1615 1995 Glabrione
1652 1952 1808 1993 victus·
1866 1951 2029 1994 Justin.
2067 1963 2205 1995 xxxx.

1315 2018 1512 2071 Contigit
1554 2016 1662 2057 illud
1692 2017 1758 2057 M.
1791 2015 1934 2057 Acilio
1967 2015 2202 2058 Glabrione

1316 2087 1364 2123 et
1395 2081 1450 2122 P.
1484 2080 1614 2123 Corn.
1644 2079 1850 2132 Scipione
1883 2079 2050 2121 Nasica
2081 2079 2202 2121 Coss.

1314 2145 1362 2187 Is
1381 2157 1518 2186 annus
1537 2145 1594 2186 U.
1613 2153 1770 2184 mxxv.
1784 2142 1986 2184 Keuchen.
2049 2182 2053 2187 .

1374 2209 1534 2249 Cretam
1551 2209 1603 2249 ad
1620 2206 1838 2260 Gortynios
1849 2205 1975 2259 venit]
1999 2204 2030 2248 J
2032 2205 2198 2248 ustinus

1314 2283 1469 2313 xxxn.
1502 2273 1516 2296 ‘
1536 2273 1737 2324 Namque
1768 2269 2002 2322 Hannibal,
2027 2282 2124 2311 cum
2143 2270 2201 2311 ab

1314 2334 1533 2377 Antiocho
1553 2334 1738 2375 Romani
1757 2333 1873 2374 inter
1899 2337 2082 2374 caeteras
2101 2345 2201 2375 con·
2254 2368 2265 2373 ι

1312 2398 1500 2439 ditiones
1535 2397 1652 2450 pacis
1688 2395 1954 2437 deditionem
1991 2396 2087 2449 ejus
2124 2397 2200 2438 de-

1314 2465 1564 2516 poscerent,
1591 2459 1831 2501 admonitus
1855 2469 1882 2499 a
1913 2470 2030 2511 rege,
2056 2459 2101 2501 in
2133 2459 2200 2501 fu-

1315 2538 1413 2580 gam
1431 2536 1580 2567 versus
1605 2523 1779 2566 Cretam
1806 2519 2031 2564 defertur!
2087 2522 2202 2564 Gor-

1314 2589 1424 2642 tynii
1455 2599 1560 2630 vero
1591 2590 1693 2627 sunt
1718 2584 1864 2626 Cretae
1881 2583 2052 2631 incole.
2105 2585 2200 2627 Ste-

1314 2655 1479 2709 phanus
1496 2651 1552 2693 de
1563 2648 1755 2692 Urbibus
1765 2661 1782 2689 ι
1801 2646 1958 2701 Pop-tw,
1967 2647 2084 2690 πόλις
2097 2647 2200 2702 Κρή-

1312 2732 1400 2770 της,
1434 2715 1478 2757 id
1515 2717 1598 2764 est,
1636 2713 1811 2765 Gortyn,
1850 2722 1942 2764 seu,
1966 2715 2018 2752 ιιι
2055 2711 2202 2753 Latini

1315 2780 1554 2834 appellant,
1575 2777 1775 2828 Gortyna,
1795 2772 1888 2815 urbs
1907 2774 2050 2816 Cretoe.
2110 2774 2203 2815 Pli-

1313 2845 1409 2886 nius
1426 2842 1504 2884 lib.
1523 2851 1589 2881 1v.
1607 2842 1674 2880 12.
1704 2838 1848 2879 Cretae
1875 2837 2037 2891 oppida
2063 2838 2198 2880 maxi-

1313 2921 1385 2951 me
1415 2904 1595 2959 insignia
1619 2904 1869 2951 enumerat;
1898 2899 2037 2942 refert
2054 2905 2200 2942 autem

1314 2973 1556 3024 Gortynam
1573 2967 1688 3008 inter
1705 2977 1795 3016 eas,
1808 2975 1906 3016 quae
1924 2963 1970 3004 in
1987 2963 2199 3006 Mediter-

1314 3048 1445 3079 raneo
1462 3033 1557 3076 sitae
1576 3033 1690 3072 sunt.
1718 3026 1901 3070 Lambini.

1373 3099 1450 3141 Vir
1474 3095 1646 3138 omnium
1668 3089 1960 3143 callidissimas]
1985 3091 2058 3133 De
2077 3091 2197 3134 caui-

1314 3163 1370 3205 do
1386 3162 1469 3204 hoe
1487 3155 1716 3202 Annibalis
1738 3158 1974 3208 astutoque
1997 3154 2193 3205 consilio,

1315 3237 1400 3281 quo
1436 3221 1612 3265 insidias
1661 3229 1887 3260 avarorum
1923 3216 2195 3258 Cretensium

1315 3288 1459 3342 elusit,
1483 3286 1573 3331 sul.
1590 3281 1838 3332 Frontinus,
1869 3278 2118 3331 Polyaenus,
2151 3285 2198 3321 et

1313 3354 1510 3399 Justinus
1537 3361 1618 3392 ιιι.
1648 3352 1856 3389 extremo.
1925 3342 1998 3383 Sic
2033 3341 2196 3385 Poenus

1314 3429 1466 3461 corvos
1484 3411 1643 3456 delusit
1658 3409 1838 3458 hiantes,
1852 3405 2080 3459 salvusque
2098 3418 2197 3448 eva·

1315 3481 1398 3531 sit;
1415 3483 1465 3520 ut
1482 3471 1759 3519 Mithridates
1778 3467 1909 3509 Ponti
1926 3479 2002 3509 rex
2024 3466 2194 3521 fugiens

1314 3546 1529 3587 Romanos
1565 3535 1875 3592 persequentes
1909 3543 2013 3574 auro
2047 3543 2217 3586 sparso*
