2306 3900
325 273 366 312 X
1155 272 1362 314 ¹NDEx

373 409 465 449 exp.
479 396 707 448 φιλοτίμως,
724 395 942 438 honorifico
956 402 1148 450 apparatu
1161 410 1208 438 ac

377 450 587 503 comitatu)
615 466 654 500 x,
673 455 699 491 2
727 451 960 505 (Lambinus
977 465 1068 505 exp.
1095 458 1108 476 ‘
1123 465 1208 505 gra·

375 505 471 543 tiam
527 504 614 557 ejus
675 505 903 558 aucupans‚'
964 506 1210 559 illustratque

373 558 505 609 phras.
560 559 776 607 Ciceronis,
829 560 898 612 qui
943 561 995 599 ad
1026 559 1151 600 Attic.
1178 561 1207 607 i,

375 615 426 652 15
457 618 469 635 ⁸
483 613 687 653 ambitiose
704 612 922 666 corrigere,'
951 620 993 654 et
1009 613 1138 668 Epist.
1156 618 1206 655 13

375 671 388 688 ‘
405 665 488 705 sine
518 667 732 707 ambitione
759 667 1043 708 commendare'
1076 667 1207 708 .dixit.

372 718 469 758 Non
497 720 591 760 satis
607 728 716 774 apte,
741 728 787 761 ut
801 722 974 763 arbitror.
1018 721 1207 763 ·Fortasse

321 817 325 820 ,
371 774 495 826 magis
513 782 703 828 congruat
719 775 816 817 illud
834 776 861 816 J
864 776 981 815 ustini
998 775 1027 822 i,
1045 780 1070 817 3
1090 782 1102 800 ‘
1116 789 1206 817 cum

372 828 528 868 admitti
562 842 702 882 magna
730 829 942 870 ambitione
971 843 1072 882 aegre
1104 831 1206 869 obti-

371 882 598 936 nuissent’).
625 883 794 922 ambitus
830 884 1053 936 largitiones
1089 883 1206 938 (cap-

370 937 520 975 tatoriae
557 936 790 977 donationes
823 937 866 976 in
893 938 1109 977 ambiendis
1137 950 1207 990 per

368 990 491 1029 malas
509 996 609 1030 artes
626 992 837 1030 honoribus
855 1006 865 1031 ι
894 992 935 1030 id
959 992 1062 1031 enim
1082 992 1206 1031 ambi-

318 1082 327 1090 ,
370 1048 434 1082 tus
451 1058 551 1085 voce
569 1051 740 1084 notatur.
768 1045 934 1099 Boecl.)
959 1059 1052 1093 xxv,
1069 1050 1096 1087 6

314 1095 477 1137 Amicus
527 1113 608 1138 non
642 1099 809 1138 fortunae
859 1101 932 1139 sed
981 1098 1205 1140 hominibus

368 1152 525 1191 Atticus
567 1167 658 1201 xxv,
687 1158 714 1194 9
763 1167 844 1193 non
881 1153 1031 1193 amicus
1065 1155 1204 1207 populi

367 1207 558 1257 potentiae
577 1207 802 1262 (Pisander,
829 1221 911 1247 non
943 1209 1095 1255 favens,
1128 1221 1204 1248 nec

366 1260 661 1314 δημοκρατικὸς,
690 1263 776 1310 sed,
803 1269 849 1301 ut
884 1275 975 1301 mox
1012 1262 1204 1317 additur,)

367 1314 599 1366 optimatum
629 1317 756 1355 fautor
774 1317 842 1364 vii,
874 1321 898 1357 5
943 1317 1090 1356 amicus
1121 1330 1202 1358 non

367 1369 490 1421 magis
510 1376 677 1423 tyranno
696 1383 814 1422 quam
830 1371 1006 1424 tyrannis
1024 1370 1130 1423 (seu,
1160 1377 1204 1411 ut

366 1422 448 1470 alii,
469 1423 690 1477 tyrannidi)
708 1424 900 1464 Philistus
927 1438 965 1472 x,
980 1429 1004 1465 3
1035 1424 1124 1478 (De
1136 1438 1202 1465 va·

364 1476 431 1515 riis
450 1477 556 1517 hisce
574 1476 678 1518 circa
694 1478 836 1517 formas
854 1478 1101 1530 imperiorum
1128 1479 1200 1518 bo-

364 1530 515 1570 minum
531 1532 684 1572 -studiis
715 1546 755 1571 v.
783 1532 978 1585 Clapmar.
1000 1533 1051 1572 d‘e
1070 1545 1199 1572 arcan.

366 1583 411 1631 ii,
433 1588 500 1625 17.
527 1585 690 1638 Boecl.)
730 1586 892 1633 amicus,
919 1586 992 1626 etsi
1010 1586 1199 1636 infirmus,

364 1650 446 1677 non
483 1639 723 1678 deserendus
750 1639 857 1687 xviii,
877 1644 901 1680 3
938 1640 1084 1680 amicus
1111 1641 1200 1679 nul-

364 1690 442 1730 lam
461 1692 535 1731 sibi
552 1693 638 1731 vult
655 1693 873 1746 sejunctam
901 1694 953 1734 ab
978 1694 1103 1734 amico
1121 1694 1201 1734 for-

363 1751 498 1785 tunam
528 1760 618 1794 xxv,
639 1751 691 1788 10

309 1797 483 1839 Amicior
500 1802 673 1842 omnium
688 1801 870 1850 libertati,
889 1815 1007 1855 quam
1029 1815 1110 1844 suae
1129 1803 1200 1842 do-

362 1853 566 1894 minationi
594 1856 682 1909 (qui
713 1856 844 1908 potius
861 1857 1020 1910 respicit
1045 1857 1200 1897 liberta·

363 1913 443 1946 tem
473 1922 734 1957 communem,
762 1923 879 1963 quam
898 1911 995 1963 quid
1024 1923 1105 1950 suae
1122 1911 1195 1950 do-

360 1962 567 2002 minationi
603 1964 820 2018 conducat)
867 1965 896 2012 i,
925 1968 950 2005 3
996 1965 1197 2005 amiciores

362 2017 622 2056 conciliantur
654 2019 831 2057 homines
879 2032 927 2059 ea
977 2032 1018 2058 re
1053 2018 1197 2074 (magis

361 2070 478 2111 amici
496 2071 731 2125 redduntur)
759 2071 852 2119 xvii,
870 2077 896 2114 2
932 2071 1071 2127 (quam
1116 2073 1197 2114 lec·

359 2123 508 2164 tionem
526 2125 665 2165 frustra
695 2126 833 2165 Lamb.
865 2126 1069 2180 solicitat).
1099 2127 1197 2167 ami·

360 2177 538 2218 cissimus
573 2179 764 2220 Romanis
810 2180 918 2228 xxiii,
956 2185 1007 2222 10
1071 2181 1196 2222 amice

358 2233 530 2285 cogitare
567 2234 714 2286 aliquid
761 2235 813 2274 de
852 2233 1044 2274 Romanis
1075 2234 1195 2288 (φίλα

358 2288 515 2338 φρονεῖν
530 2286 737 2338 Ῥωμαίοις.
767 2287 966 2341 Lambin.)
994 2289 1102 2336 xxiii,
1121 2293 1148 2330 2

305 2336 436 2378 Amici
468 2340 681 2385 Alexandri
719 2341 781 2380 M.
819 2342 925 2388 xviii,
960 2345 1026 2382 13.
1062 2342 1139 2388 xxi,
1169 2346 1194 2383 8

358 2391 483 2446 Regis
494 2393 719 2447 (Persarum
732 2394 809 2447 sc.)
829 2396 857 2442 i,
868 2399 892 2436 3
921 2394 998 2449 (ita
1007 2402 1198 2436 vocantur

357 2447 579 2500 principum
606 2449 831 2496 consiliarii,
851 2449 1040 2502 praefecti,
1059 2462 1196 2502 proce·

359 2513 434 2542 res.
478 2501 616 2543 Boecl.
645 2503 765 2543 Plura
798 2504 849 2543 de
886 2503 1018 2542 amicis
1063 2517 1196 2557 regum

357 2567 569 2608 eorumque
599 2556 716 2597 variis
751 2557 923 2610 generib.
953 2556 1108 2609 Lipsius
1142 2559 1195 2599 ad

355 2607 451 2649 Tac.
483 2609 592 2650 Ann.
622 2615 662 2652 6.
690 2618 786 2651 nota
812 2615 880 2659 29.
912 2617 954 2651 et
971 2611 1123 2652 Comm.
1153 2612 1195 2652 in

355 2662 496 2703 Senec.
533 2665 584 2704 de
614 2665 745 2706 benef.
771 2665 826 2713 vi,
843 2669 909 2706 33.
955 2678 1065 2705 num.
1099 2669 1195 2707 229.

355 2716 520 2758 Salmas.
551 2718 603 2758 ad
634 2719 767 2759 histor.
821 2718 927 2772 Aug.
959 2732 1050 2773 pag.
1067 2723 1121 2761 47
1153 2726 1197 2761 et

356 2774 452 2812 306.
498 2772 693 2826 Bernegg.
732 2773 788 2814 >ad
824 2773 987 2814 Sueten.
1015 2774 1117 2814 Caes.
1157 2787 1195 2815 c.

355 2828 426 2866 72.
455 2832 497 2865 et
514 2826 555 2866 in
583 2827 730 2868 Justin.
757 2828 812 2875 ix,
827 2831 870 2875 8,
886 2831 952 2868 17.
997 2840 1044 2867 ac
1065 2827 1194 2877 xxxiv,

354 2881 397 2926 3,
414 2882 453 2920 3.
481 2879 595 2921 Rave
609 2881 764 2923 Comm.
779 2881 820 2920 in
835 2881 1009 2921 Miltiad.
1024 2881 1195 2935 Nepotis

354 2944 447 2985 pag.
482 2937 552 2981 23,
580 2933 677 2987 &c.)
739 2933 873 2975 amicis
908 2935 966 2973 uti
998 2936 1192 2989 aliquibus

353 2986 466 3035 xviii,
482 2991 533 3028 12
579 2990 789 3028 amicorum
821 2988 1032 3029 concilium
1049 2990 1192 3031 habere

355 3044 460 3088 xv,3
488 3041 740 3082 facultatibus
757 3043 799 3082 in
815 3056 856 3083 se
875 3043 1023 3083 tuendo
1042 3044 1190 3095 caruit;

356 3094 437 3134 fide
451 3095 502 3135 ad
516 3095 614 3136 alios
628 3097 889 3137 sublevandos
902 3109 994 3136 usus
1008 3096 1191 3150 Epamin.

356 3148 454 3187 ibid.
482 3149 693 3190 amicorum
704 3150 803 3190 filias
818 3163 1008 3204 pauperes
1026 3163 1191 3204 quomo-

356 3202 409 3240 do
426 3204 570 3243 dotarit
583 3203 765 3257 Epamin.
783 3205 882 3246 ibid.
910 3204 1044 3245 amicis
1062 3205 1191 3246 officia

356 3258 577 3305 praestanda
595 3259 679 3298 sine
698 3258 871 3299 factione
898 3272 989 3306 xxv,
1007 3262 1033 3300 8
1062 3259 1191 3301 officia

355 3309 502 3347 urbana
521 3319 702 3363 praestare
730 3326 822 3360 xxv,
840 3317 867 3354 4
896 3312 1030 3353 amicis
1049 3313 1189 3354 servire

355 3360 459 3414 (vid.
477 3363 660 3417 Servire).
689 3378 780 3405 cum
794 3366 928 3406 amicis
942 3367 1074 3407 omnia
1082 3380 1188 3408 com-

355 3415 490 3454 munia
506 3417 612 3456 fuere
628 3418 810 3470 Epamin.
837 3434 900 3467 xv,
917 3425 942 3461 3

302 3465 488 3509 Amicitia
519 3470 643 3512 Attici
675 3478 716 3511 et
748 3473 869 3513 Gellii
889 3472 990 3514 Cani
1009 3473 1071 3526 (in
1092 3474 1187 3514 ludo

1327 395 1550 451 contracta)
1566 398 1618 439 ad
1636 403 1734 439 extr.
1751 403 1911 443 aetatem
1923 398 2046 440 crevit
2069 407 2165 451 siv,

1330 455 1383 492 10
1411 452 1594 492 simulata
1619 467 1658 500 x,
1673 457 1698 494 3
1727 453 1909 493 amicitiae
1928 454 2046 494 fidem
2063 469 2162 508 pm-

1327 511 1427 545 stare
1454 506 1532 553 xix,
1549 511 1578 551 2
1607 507 1737 547 locum
1769 509 1875 547 hunc
1901 509 2030 548 tenuit
2052 511 2160 561 apud

1325 572 1416 599 eum
1444 559 1596 608 xviii,·l
1626 560 1836 601 amicitiam
1863 561 2030 614 alicujus
2049 563 2163 617 sequi

1326 612 1491 666 (partes,
1520 614 1768 668 societatem)
1797 629 1861 663 xv,
1879 619 1906 671 β
1934 629 2066 677 gerere
2091 618 2163 656 ab·

1326 674 1478 707 sentem
1507 669 1598 716 -xiv,
1618 672 1669 710 10
1709 672 1895 722 magnam'
1921 670 1996 709 sibi
2027 678 2162 723 parere

1326 734 1415 761 cum
1445 722 1577 774 aliquo
1614 722 1683 770 vii,
1702 727 1727 763 7
1768 725 1819 762 ad
1852 723 2061 764 amicitiam
2090 724 2162 764 uli·-

1323 775 1438 827 cujus
1453 777 1639 815 accedere
1657 776 1765 823 xviii,
1775 782 1798 818 1
1827 776 1870 819 in
1885 777 2163 818 amicitiamin·

1325 828 1458 867 timarn
1472 828 1638 881 alicujus
1650 830 1851 882 pervenire
1878 831 1946 878 vii,
1965 837 1990 872 5
2019 832 2162 885 (alibiz

1323 879 1365 920 in
1392 882 1568 923 intimam
1586 883 1884 923 familiaritatem
1904 899 1916 924 ε
1945 898 1985 924 v.
2003 885 2161 926 Famili-

1324 936 1475 990 aritas).
1506 935 1677 977 amicitia
1693 936 1874 977 simulata
1891 937 1982 991 capi
2006 937 2087 986 xiV,
2107 944 2157 982 11

1323 990 1374 1028 ab
1401 989 1572 1031 amicitia
1589 991 1689 1043 regis
1708 992 1875 1032 deficere
1897 992 1977 1046 (de
2003 993 2161 1047 rebelli)

1322 1043 1380 1091 ix,
1397 1048 1422 1084 2
1450 1046 1491 1084 in
1511 1044 1683 1084 amicitia
1700 1058 1902 1098 nunquam
1919 1059 2008 1086 cum
2026 1045 2160 1100 aliquo

1320 1111 1406 1138 esse
1440 1100 1616 1152 (semper
1650 1098 1852 1140 inimicum
1884 1099 1945 1154 ei)
1988 1099 2099 1149 xxiii,
2130 1106 2158 1144 2

1322 1164 1438 1191 nemo
1458 1154 1563 1193 hunc
1581 1154 1780 1193 antecedit
1806 1153 1875 1201 vii,
1892 1158 1920 1195 9
1948 1155 2036 1207 plus
2054 1155 2162 1196 valet

1320 1204 1534 1246 similitudo
1549 1221 1712 1253 morum,
1722 1221 1838 1260 quam
1851 1208 2018 1248 affinitas
2034 1215 2157 1257 xxv,5

1265 1256 1491 1300 Amiculum
1522 1275 1638 1300 suum
1659 1262 1787 1301 minus
1803 1263 1904 1302 bene
1921 1262 2070 1303 vestitis
2088 1264 2159 1304 de-

1320 1314 1380 1352 dit
1415 1315 1558 1356 Cimon
1602 1330 1645 1363 v,
1679 1321 1707 1356 4
1761 1315 1971 1356 amiculum
2006 1323 2160 1370 agreste

1319 1368 1467 1420 duplex
1495 1369 1789 1422 (indumentum
1821 1370 2050 1424 humili-um)
2075 1371 2157 1420 xiv,

1320 1424 1345 1461 3
1363 1422 1562 1476 <Virgilio
1579 1424 1677 1463 AEn.
1691 1429 1731 1464 5.
1760 1431 1771 1447 ⁴
1788 1424 1935 1476 duplex
1952 1425 2116 1465 amictus
2130 1426 2158 1476 ς’

1318 1474 1458 1515 Horat.
1487 1476 1613 1529 Epist.
1641 1477 1670 1525 i,
1691 1482 1741 1519 17
1771 1483 1783 1501 ‘
1803 1477 1950 1531 duplex
1972 1479 2160 1531 pannus!

1317 1528 1497 1570 Lambin.
1516 1531 1657 1570 Octav.
1677 1531 1822 1572 Ferrar.
1850 1533 1902 1572 de
1930 1546 1971 1573 re
2003 1534 2158 1574 vestiar.

1316 1590 1416 1635 part.
1427 1584 1472 1632 ii,
1501 1585 1569 1624 lib.
1587 1585 1616 1632 i,
1630 1589 1670 1625 9.
1689 1591 1731 1624 et
1750 1590 1816 1626 10.
1841 1592 1957 1638 putat
1982 1592 1994 1610 ⁶
2009 1587 2156 1640 duplex

1317 1638 1615 1677 vestimentum’
1651 1639 1814 1686 dictum,
1843 1641 1952 1692 quod
1990 1642 2156 1682 densum

1316 1703 1567 1745 crassumque
1583 1705 1643 1732 >ac
1674 1693 1826 1746 duplici
1841 1693 1909 1732 filo
1927 1701 2156 1736 contextum

1317 1751 1358 1785 et
1393 1744 1574 1786 villosum
1610 1754 1726 1794 esset,
1761 1747 1824 1787 vel
1861 1749 1968 1800 quod
2005 1747 2156 1802 duplici

1315 1811 1449 1852 panno
1479 1801 1708 1840 confertum.
1765 1801 1917 1847 Graecis
1932 1808 1993 1842 est
2007 1801 2159 1854 χλαίνα

1314 1852 1450 1903 amur.
1505 1854 1573 1895 De
1598 1854 1767 1896 amiculo
1784 1854 1891 1896 idem
1909 1862 2020 1910 parte
2037 1858 2066 1905 i,
2085 1858 2155 1898 lib.
2235 1900 2244 1910 ‚

1258 1961 1395 2002 Amita
1413 1908 1561 2017 (¹)1'hyi)
1589 1962 1669 2012 xiV,
1687 1967 1714 2005 2

1258 2015 1451 2059 Amittere
1464 2018 1631 2058 animam
1648 2019 1712 2071 (in
1726 2018 1834 2072 vulg.
1848 2018 1941 2059 edd.
1956 2019 2027 2060 sed
2041 2017 2156 2061 aliter

1312 2070 1414 2110 Mss.
1433 2072 1515 2112 vid.
1540 2072 1753 2127 Emittere)
1779 2086 1845 2120 ιν,
1863 2077 1890 2114 9
1927 2073 2047 2114 fidem
2078 2074 2154 2127 (de

1342 2125 1475 2180 erfid.)
1516 2125 1625 2174 xviii,
1655 2131 1707 2167 10
1753 2126 1961 2180 optimates
1997 2128 2153 2182 (eorum

1311 2138 1506 2233 i'avorem)
1532 2195 1574 2228 x,
1602 2185 1627 2222 7
1655 2180 1819 2221 amissus
1850 2179 2042 2234 (amissio,
2064 2179 2156 2234 jac-

1311 2239 1398 2272 tura
1447 2234 1518 2283 vii,
1535 2238 1563 2276 6
1599 2235 1740 2274 amissa
1767 2247 1995 2289 recuperare
2021 2235 2109 2284 xiii,
2125 2239 2152 2278 3

1337 2300 1373 2326 v.
1456 2301 1504 2327 cu
1536 2316 1547 2327 .

1257 2286 1475 2389 Ἀἑνηστία
1485 2288 1675 2396 (ΡΑέὴευίε
1686 2340 1837 2382 sancita
1848 2355 1873 2382 a
1881 2341 2163 2397 Thrasybulo)-

1312 2393 1395 2441 viii,
1414 2398 1439 2435 8

1255 2444 1429 2487 Ammon
1448 2447 1552 2501 (sive
1570 2448 1783 2498 Hammon,
1814 2463 1996 2503 cognom.
2013 2448 2150 2505 Jovis)

1312 2500 1366 2548 vi,
1387 2505 1411 2542 3
1442 2503 1515 2555 (de
1545 2515 1625 2555 quo
1653 2503 1801 2555 prolixe
1818 2504 1935 2544 Voss.
1953 2505 2004 2544 de
2021 2503 2150 2545 idolo·

1312 2554 1399 2595 latr.
1417 2555 1447 2603 i,
1458 2559 1656 2598 2⁷.et32.
1685 2556 1753 2597 lib.
1775 2561 1880 2606 2,ss
1911 2558 2152 2599 Freinshem.

1312 2609 1403 2649 Ind.
1436 2610 1548 2652 Curt.
1604 2610 1791 2651 Bochart.
1819 2611 1860 2651 in
1891 2612 2008 2653 Phal.
2047 2610 2078 2660 i,
2111 2616 2151 2654 l.

1312 2662 1492 2704 Kircher.
1519 2663 1693 2706 Obelisc.
1713 2665 1910 2718 Pamphil.
1940 2666 1968 2706 l.
1987 2669 2028 2708 4.
2055 2679 2149 2720 pag.

1310 2721 1406 2759 270.
1427 2732 1535 2772 seqq.
1562 2725 1604 2759 et
1630 2717 1673 2759 in
1703 2719 1837 2773 OEdip.
1862 2721 2035 2774 AEgypt.
2053 2726 2150 2762 tom.

1313 2775 1351 2812 1.
1370 2779 1566 2826 syntagm.
1583 2777 1626 2821 3,
1643 2773 1741 2827 διο.)

1255 2823 1475 2866 Amoenitas
1503 2829 1642 2867 domus
1668 2828 1732 2890 (id
1750 2828 1858 2881 quod
1876 2827 2011 2868 domui
2028 2841 2148 2869 ame-

1310 2880 1445 2921 nitatis
1463 2895 1581 2922 causa
1599 2889 1856 2934 conjunctum
1873 2881 1956 2935 est)
1981 2896 2073 2930 xxV.
2093 2887 2149 2925 18

1254 2931 1379 2974 Amor
1395 2934 1438 2974 in
1457 2934 1621 2989 patriam
1650 2937 1731 2983 viii,
1747 2940 1769 2976 1
1799 2935 1943 2976 civium
1957 2937 2066 2989 quod
2080 2950 2149 2976 ex-

1310 2987 1456 3050 primit,
1483 2990 1631 3030 nullam
1662 2990 1781 3030 habet
1811 2989 2000 3030 invidiam
2027 2990 2148 3053 (opp.

1308 3041 1487 3144 ἔῖιῖειῖἒῗ
1489 3047 1548 3136 '112¹
1581 3048 2146 3151 ἔίῗᾞωῃὲἲοξξεξῗὲἓῗὲ

1307 3164 1502 3254 3ἓὲῗὲ
1505 3164 1545 3191 “²
1557 3151 1634 3245 {²1¹3
1638 3152 2146 3260 “Zyssssoe‘ffegfissiffiss'

1498 3232 1510 3245 ο
1881 3236 1892 3247 o
2131 3235 2145 3254 ρ

1307 3263 1371 3299 59-
1390 3265 1402 3283 ‘
1423 3272 1512 3312 quae
1541 3260 1691 3299 dudum
1719 3260 1804 3299 aliis
1822 3274 1871 3300 ex
1887 3273 1994 3300 more
2010 3259 2145 3299 delata

1306 3320 1415 3361 sunt,
1451 3313 1565 3354 nobis
1600 3327 1729 3354 amore
1774 3313 1952 3353 servata.'
2005 3312 2145 3353 Sidon.

1305 3365 1436 3419 Epist.
1464 3367 1519 3415 ix,
1537 3371 1564 3408 4
1593 3373 1606 3391 ‘
1626 3381 1676 3407 ne
1711 3367 1810 3407 forte
1844 3366 2023 3406 videatur
2054 3365 2142 3420 ipse

1306 3421 1397 3473 plus
1423 3419 1554 3461 literas
1570 3434 1617 3460 ex
1636 3434 1740 3460 more
1768 3421 1995 3473 deposcere,
2023 3434 2141 3473 quam

1307 3486 1379 3514 nos
1403 3488 1452 3515 ex
1477 3487 1607 3515 amore
1622 3473 1818 3527 dictare').
1857 3482 1986 3515 amore
2004 3475 2144 3528 populi
