<?xml version="1.0" encoding="UTF-8"?>
<!DOCTYPE html PUBLIC "-//W3C//DTD XHTML 1.0 Transitional//EN"
    "http://www.w3.org/TR/xhtml1/DTD/xhtml1-transitional.dtd">
<html xmlns="http://www.w3.org/1999/xhtml" xml:lang="en" lang="en">
 <head>
  <title>
</title>
<meta http-equiv="Content-Type" content="text/html;charset=utf-8" />
  <meta name='ocr-system' content='tesseract 3.04.00' />
  <meta name='ocr-capabilities' content='ocr_page ocr_carea ocr_par ocr_line ocrx_word'/>
</head>
<body>
  <div class='ocr_page' id='page_1' title='image "./vitaeexcellentiu02nepouoft_0098.png"; bbox 0 0 2306 3900; ppageno 0'>
   <div class='ocr_carea' id='block_1_1' title="bbox 244 238 354 291">
    <p class='ocr_par' dir='ltr' id='par_1_1' title="bbox 244 238 354 291">
     <span class='ocr_line' id='line_1_1' title="bbox 244 238 354 291; baseline -0.009 0"><span class='ocrx_word' id='word_1_1' title='bbox 244 238 354 291; x_wconf 65' lang='lat' dir='ltr'><strong>552ss</strong></span> 
     </span>
    </p>
   </div>
   <div class='ocr_carea' id='block_1_2' title="bbox 242 369 1130 1124">
    <p class='ocr_par' dir='ltr' id='par_1_2' title="bbox 242 369 1130 864">
     <span class='ocr_line' id='line_1_2' title="bbox 244 369 1130 424; baseline 0.001 -13"><span class='ocrx_word' id='word_1_2' title='bbox 244 369 449 423; x_wconf 73' lang='lat' dir='ltr'><strong>pendam,</strong></span> <span class='ocrx_word' id='word_1_3' title='bbox 483 381 581 411; x_wconf 89' lang='lat' dir='ltr'><strong>cum</strong></span> <span class='ocrx_word' id='word_1_4' title='bbox 610 369 894 422; x_wconf 81' lang='lat' dir='ltr'><strong>popularetur</strong></span> <span class='ocrx_word' id='word_1_5' title='bbox 927 382 1054 424; x_wconf 83' lang='lat' dir='ltr'><strong>agros</strong></span> <span class='ocrx_word' id='word_1_6' title='bbox 1082 375 1130 412; x_wconf 88' lang='lat' dir='ltr'><strong>et</strong></span> 
     </span>
     <span class='ocr_line' id='line_1_3' title="bbox 243 432 1128 485; baseline 0.001 -12"><span class='ocrx_word' id='word_1_7' title='bbox 243 432 471 485; x_wconf 87' lang='lat' dir='ltr'><strong>pecuniam</strong></span> <span class='ocrx_word' id='word_1_8' title='bbox 507 437 800 484; x_wconf 84' lang='lat' dir='ltr'><strong>extorqueret,</strong></span> <span class='ocrx_word' id='word_1_9' title='bbox 822 437 953 474; x_wconf 84' lang='lat' dir='ltr'><strong>noctu</strong></span> <span class='ocrx_word' id='word_1_10' title='bbox 971 434 1017 474; x_wconf 87' lang='lat' dir='ltr'><strong>in</strong></span> <span class='ocrx_word' id='word_1_11' title='bbox 1036 445 1128 474; x_wconf 68' lang='lat' dir='ltr'><strong>oas-r</strong></span> 
     </span>
     <span class='ocr_line' id='line_1_4' title="bbox 245 494 1128 549; baseline -0.001 -12"><span class='ocrx_word' id='word_1_12' title='bbox 245 496 324 538; x_wconf 84' lang='lat' dir='ltr'><strong>tris</strong></span> <span class='ocrx_word' id='word_1_13' title='bbox 339 496 393 536; x_wconf 89' lang='lat' dir='ltr'><strong>ab</strong></span> <span class='ocrx_word' id='word_1_14' title='bbox 412 494 648 546; x_wconf 83' lang='lat' dir='ltr'><strong>Aspendiis</strong></span> <span class='ocrx_word' id='word_1_15' title='bbox 666 494 942 537; x_wconf 83' lang='lat' dir='ltr'><strong>interfectum</strong></span> <span class='ocrx_word' id='word_1_16' title='bbox 963 496 1128 549; x_wconf 81' lang='lat' dir='ltr'><strong>scribit,</strong></span> 
     </span>
     <span class='ocr_line' id='line_1_5' title="bbox 243 557 1127 612; baseline 0.002 -14"><span class='ocrx_word' id='word_1_17' title='bbox 243 558 319 598; x_wconf 92' lang='lat' dir='ltr'><strong>lib.</strong></span> <span class='ocrx_word' id='word_1_18' title='bbox 341 570 402 599; x_wconf 82' lang='grc' dir='ltr'><strong>ιν.</strong></span> <span class='ocrx_word' id='word_1_19' title='bbox 444 557 718 610; x_wconf 86' lang='lat' dir='ltr'><strong>Eurymedon</strong></span> <span class='ocrx_word' id='word_1_20' title='bbox 745 559 860 598; x_wconf 80' lang='lat' dir='ltr'><strong>enim</strong></span> <span class='ocrx_word' id='word_1_21' title='bbox 886 564 932 600; x_wconf 77' lang='lat' dir='ltr'><strong>et</strong></span> <span class='ocrx_word' id='word_1_22' title='bbox 956 558 1127 612; x_wconf 89' lang='lat' dir='ltr'><strong>Aspen-</strong></span> 
     </span>
     <span class='ocr_line' id='line_1_6' title="bbox 245 621 1126 673; baseline 0.002 -12"><span class='ocrx_word' id='word_1_23' title='bbox 245 622 345 662; x_wconf 89' lang='lat' dir='ltr'><strong>dum</strong></span> <span class='ocrx_word' id='word_1_24' title='bbox 382 622 430 661; x_wconf 88' lang='lat' dir='ltr'><strong>in</strong></span> <span class='ocrx_word' id='word_1_25' title='bbox 467 621 772 673; x_wconf 80' lang='lat' dir='ltr'><strong>Ciliciasunt,</strong></span> <span class='ocrx_word' id='word_1_26' title='bbox 817 627 892 662; x_wconf 86' lang='lat' dir='ltr'><strong>aut</strong></span> <span class='ocrx_word' id='word_1_27' title='bbox 924 626 1046 663; x_wconf 89' lang='lat' dir='ltr'><strong>certe</strong></span> <span class='ocrx_word' id='word_1_28' title='bbox 1082 622 1126 663; x_wconf 91' lang='lat' dir='ltr'><strong>in</strong></span> 
     </span>
     <span class='ocr_line' id='line_1_7' title="bbox 243 684 1128 738; baseline 0 -13"><span class='ocrx_word' id='word_1_29' title='bbox 243 684 516 738; x_wconf 72' lang='lat' dir='ltr'><strong>Pamphylia.</strong></span> <span class='ocrx_word' id='word_1_30' title='bbox 573 685 726 726; x_wconf 86' lang='lat' dir='ltr'><strong>Cilicia</strong></span> <span class='ocrx_word' id='word_1_31' title='bbox 755 690 898 726; x_wconf 87' lang='lat' dir='ltr'><strong>autem</strong></span> <span class='ocrx_word' id='word_1_32' title='bbox 928 690 976 726; x_wconf 90' lang='lat' dir='ltr'><strong>et</strong></span> <span class='ocrx_word' id='word_1_33' title='bbox 1001 685 1128 726; x_wconf 88' lang='lat' dir='ltr'><strong>Pam·</strong></span> 
     </span>
     <span class='ocr_line' id='line_1_8' title="bbox 244 748 1127 802; baseline 0.002 -13"><span class='ocrx_word' id='word_1_34' title='bbox 244 750 391 802; x_wconf 85' lang='lat' dir='ltr'><strong>phylia</strong></span> <span class='ocrx_word' id='word_1_35' title='bbox 410 755 511 790; x_wconf 88' lang='lat' dir='ltr'><strong>sunt</strong></span> <span class='ocrx_word' id='word_1_36' title='bbox 539 749 653 790; x_wconf 88' lang='lat' dir='ltr'><strong>iuter</strong></span> <span class='ocrx_word' id='word_1_37' title='bbox 683 761 729 789; x_wconf 89' lang='lat' dir='ltr'><strong>se</strong></span> <span class='ocrx_word' id='word_1_38' title='bbox 751 749 957 791; x_wconf 72' lang='lat' dir='ltr'><strong>finitimae.</strong></span> <span class='ocrx_word' id='word_1_39' title='bbox 1000 748 1127 800; x_wconf 80' lang='lat' dir='ltr'><strong>Long.</strong></span> 
     </span>
     <span class='ocr_line' id='line_1_9' title="bbox 242 813 609 864; baseline 0 -12"><span class='ocrx_word' id='word_1_40' title='bbox 242 814 363 864; x_wconf 83' lang='lat' dir='ltr'><strong>Mag.</strong></span> <span class='ocrx_word' id='word_1_41' title='bbox 377 813 609 858; x_wconf 76' lang='lat' dir='ltr'><em>Lambinus.</em></span> 
     </span>
    </p>

    <p class='ocr_par' dir='ltr' id='par_1_3' title="bbox 242 877 1129 1124">
     <span class='ocr_line' id='line_1_10' title="bbox 250 877 1129 930; baseline 0 -12"><span class='ocrx_word' id='word_1_42' title='bbox 250 912 252 914; x_wconf 97' lang='lat'><strong>.</strong></span> <span class='ocrx_word' id='word_1_43' title='bbox 297 879 436 930; x_wconf 82' lang='lat' dir='ltr'><strong>Neque</strong></span> <span class='ocrx_word' id='word_1_44' title='bbox 453 878 556 918; x_wconf 71' lang='lat' dir='ltr'><strong>satis</strong></span> <span class='ocrx_word' id='word_1_45' title='bbox 579 878 793 929; x_wconf 79' lang='lat' dir='ltr'><strong>diligenter</strong></span> <span class='ocrx_word' id='word_1_46' title='bbox 820 879 863 918; x_wconf 80' lang='lat' dir='ltr'><strong>in</strong></span> <span class='ocrx_word' id='word_1_47' title='bbox 879 878 1021 918; x_wconf 81' lang='lat' dir='ltr'><strong>castris</strong></span> <span class='ocrx_word' id='word_1_48' title='bbox 1046 877 1129 927; x_wconf 74' lang='lat' dir='ltr'><strong>ejus</strong></span> 
     </span>
     <span class='ocr_line' id='line_1_11' title="bbox 242 943 1128 995; baseline 0 -12"><span class='ocrx_word' id='word_1_49' title='bbox 242 947 455 994; x_wconf 81' lang='lat' dir='ltr'><strong>agerentur</strong></span> <span class='ocrx_word' id='word_1_50' title='bbox 471 943 640 995; x_wconf 74' lang='lat' dir='ltr'><strong>vigiliae]</strong></span> <span class='ocrx_word' id='word_1_51' title='bbox 685 943 965 995; x_wconf 87' lang='lat' dir='ltr'><strong>Negligentia</strong></span> <span class='ocrx_word' id='word_1_52' title='bbox 998 949 1043 983; x_wconf 89' lang='lat' dir='ltr'><strong>et</strong></span> <span class='ocrx_word' id='word_1_53' title='bbox 1063 954 1128 983; x_wconf 87' lang='lat' dir='ltr'><strong>re-</strong></span> 
     </span>
     <span class='ocr_line' id='line_1_12' title="bbox 243 1005 1128 1059; baseline 0 -14"><span class='ocrx_word' id='word_1_54' title='bbox 243 1006 388 1046; x_wconf 82' lang='lat' dir='ltr'><strong>missio</strong></span> <span class='ocrx_word' id='word_1_55' title='bbox 425 1005 666 1058; x_wconf 90' lang='lat' dir='ltr'><strong>vigiliarum</strong></span> <span class='ocrx_word' id='word_1_56' title='bbox 703 1018 919 1059; x_wconf 88' lang='lat' dir='ltr'><strong>nunquam</strong></span> <span class='ocrx_word' id='word_1_57' title='bbox 953 1017 1036 1046; x_wconf 92' lang='lat' dir='ltr'><strong>non</strong></span> <span class='ocrx_word' id='word_1_58' title='bbox 1066 1007 1128 1046; x_wconf 91' lang='lat' dir='ltr'><strong>lo-</strong></span> 
     </span>
     <span class='ocr_line' id='line_1_13' title="bbox 244 1069 1127 1124; baseline -0.001 -14"><span class='ocrx_word' id='word_1_59' title='bbox 244 1082 341 1110; x_wconf 90' lang='lat' dir='ltr'><strong>cum</strong></span> <span class='ocrx_word' id='word_1_60' title='bbox 378 1069 500 1111; x_wconf 90' lang='lat' dir='ltr'><strong>dedi-t</strong></span> <span class='ocrx_word' id='word_1_61' title='bbox 535 1069 648 1110; x_wconf 86' lang='lat' dir='ltr'><strong>cladi</strong></span> <span class='ocrx_word' id='word_1_62' title='bbox 694 1074 824 1123; x_wconf 88' lang='lat' dir='ltr'><strong>atque</strong></span> <span class='ocrx_word' id='word_1_63' title='bbox 856 1069 1127 1124; x_wconf 82' lang='lat' dir='ltr'><strong>irreparabili</strong></span> 
     </span>
    </p>
   </div>
   <div class='ocr_carea' id='block_1_3' title="bbox 804 1582 937 1644">
    <p class='ocr_par' dir='ltr' id='par_1_4' title="bbox 804 1582 937 1644">
     <span class='ocr_line' id='line_1_14' title="bbox 804 1582 937 1644; baseline 0.008 -1"><span class='ocrx_word' id='word_1_64' title='bbox 804 1582 937 1644; x_wconf 85' lang='lat' dir='ltr'><strong>IX.</strong></span> 
     </span>
    </p>
   </div>
   <div class='ocr_carea' id='block_1_4' title="bbox 235 1769 1129 3545">
    <p class='ocr_par' dir='ltr' id='par_1_5' title="bbox 238 1769 1129 2514">
     <span class='ocr_line' id='line_1_15' title="bbox 281 1769 1129 1822; baseline 0.002 -10"><span class='ocrx_word' id='word_1_65' title='bbox 281 1772 395 1812; x_wconf 77' lang='lat' dir='ltr'><strong>CAP.</strong></span> <span class='ocrx_word' id='word_1_66' title='bbox 408 1774 445 1812; x_wconf 89' lang='lat'><strong>1.</strong></span> <span class='ocrx_word' id='word_1_67' title='bbox 458 1769 612 1822; x_wconf 83' lang='lat' dir='ltr'><strong>Conon]</strong></span> <span class='ocrx_word' id='word_1_68' title='bbox 623 1770 835 1817; x_wconf 85' lang='lat' dir='ltr'><strong>Timothei</strong></span> <span class='ocrx_word' id='word_1_69' title='bbox 849 1770 980 1813; x_wconf 86' lang='lat' dir='ltr'><strong>filius.</strong></span> <span class='ocrx_word' id='word_1_70' title='bbox 991 1772 1129 1815; x_wconf 81' lang='lat' dir='ltr'><strong>Lamb.</strong></span> 
     </span>
     <span class='ocr_line' id='line_1_16' title="bbox 241 1834 1128 1888; baseline 0.005 -14"><span class='ocrx_word' id='word_1_71' title='bbox 241 1835 373 1875; x_wconf 88' lang='lat' dir='ltr'><strong>Hunc</strong></span> <span class='ocrx_word' id='word_1_72' title='bbox 390 1847 445 1875; x_wconf 85' lang='lat' dir='ltr'><strong>ex</strong></span> <span class='ocrx_word' id='word_1_73' title='bbox 472 1834 656 1888; x_wconf 88' lang='lat' dir='ltr'><strong>Virgilio</strong></span> <span class='ocrx_word' id='word_1_74' title='bbox 687 1835 1004 1888; x_wconf 80' lang='lat' dir='ltr'><strong>interpretatur</strong></span> <span class='ocrx_word' id='word_1_75' title='bbox 1029 1838 1128 1878; x_wconf 89' lang='lat' dir='ltr'><strong>Ser·</strong></span> 
     </span>
     <span class='ocr_line' id='line_1_17' title="bbox 239 1900 1127 1952; baseline 0.005 -13"><span class='ocrx_word' id='word_1_76' title='bbox 239 1900 350 1952; x_wconf 91' lang='lat' dir='ltr'><strong>vius,</strong></span> <span class='ocrx_word' id='word_1_77' title='bbox 370 1900 447 1941; x_wconf 92' lang='lat' dir='ltr'><strong>sed</strong></span> <span class='ocrx_word' id='word_1_78' title='bbox 466 1906 619 1942; x_wconf 88' lang='lat' dir='ltr'><strong>contra</strong></span> <span class='ocrx_word' id='word_1_79' title='bbox 637 1901 824 1942; x_wconf 90' lang='lat' dir='ltr'><strong>omnium</strong></span> <span class='ocrx_word' id='word_1_80' title='bbox 844 1901 936 1941; x_wconf 82' lang='lat' dir='ltr'><strong>fere</strong></span> <span class='ocrx_word' id='word_1_81' title='bbox 949 1907 1127 1944; x_wconf 61' lang='lat' dir='ltr'><strong>mente-«x.</strong></span> 
     </span>
     <span class='ocr_line' id='line_1_18' title="bbox 241 1963 1128 2018; baseline 0.002 -12"><span class='ocrx_word' id='word_1_82' title='bbox 241 1963 418 2016; x_wconf 82' lang='lat' dir='ltr'><strong>Quippe</strong></span> <span class='ocrx_word' id='word_1_83' title='bbox 438 1963 495 2004; x_wconf 89' lang='lat' dir='ltr'><strong>de</strong></span> <span class='ocrx_word' id='word_1_84' title='bbox 513 1964 655 2005; x_wconf 86' lang='lat' dir='ltr'><strong>Samio</strong></span> <span class='ocrx_word' id='word_1_85' title='bbox 680 1966 894 2018; x_wconf 84' lang='lat' dir='ltr'><strong>astrologo</strong></span> <span class='ocrx_word' id='word_1_86' title='bbox 914 1965 1042 2007; x_wconf 87' lang='lat' dir='ltr'><strong>Maro</strong></span> <span class='ocrx_word' id='word_1_87' title='bbox 1057 1978 1128 2008; x_wconf 86' lang='lat' dir='ltr'><strong>ca·</strong></span> 
     </span>
     <span class='ocr_line' id='line_1_19' title="bbox 240 2027 1127 2083; baseline 0.005 -16"><span class='ocrx_word' id='word_1_88' title='bbox 240 2027 443 2080; x_wconf 80' lang='lat' dir='ltr'><strong>piendus;</strong></span> <span class='ocrx_word' id='word_1_89' title='bbox 457 2040 543 2069; x_wconf 90' lang='lat' dir='ltr'><strong>non</strong></span> <span class='ocrx_word' id='word_1_90' title='bbox 563 2028 617 2068; x_wconf 87' lang='lat' dir='ltr'><strong>de</strong></span> <span class='ocrx_word' id='word_1_91' title='bbox 633 2028 845 2070; x_wconf 84' lang='lat' dir='ltr'><strong>Timothei</strong></span> <span class='ocrx_word' id='word_1_92' title='bbox 875 2028 982 2082; x_wconf 86' lang='lat' dir='ltr'><strong>filio,</strong></span> <span class='ocrx_word' id='word_1_93' title='bbox 1013 2029 1127 2083; x_wconf 84' lang='lat' dir='ltr'><strong>quod</strong></span> 
     </span>
     <span class='ocr_line' id='line_1_20' title="bbox 241 2090 1126 2134; baseline 0.003 -3"><span class='ocrx_word' id='word_1_94' title='bbox 241 2090 297 2131; x_wconf 89' lang='lat' dir='ltr'><strong>ad</strong></span> <span class='ocrx_word' id='word_1_95' title='bbox 328 2092 523 2132; x_wconf 88' lang='lat' dir='ltr'><strong>Solinum</strong></span> <span class='ocrx_word' id='word_1_96' title='bbox 562 2092 731 2133; x_wconf 90' lang='lat' dir='ltr'><strong>notavit</strong></span> <span class='ocrx_word' id='word_1_97' title='bbox 766 2093 1126 2134; x_wconf 84' lang='lat' dir='ltr'><strong>consummatissi-</strong></span> 
     </span>
     <span class='ocr_line' id='line_1_21' title="bbox 239 2155 1128 2198; baseline 0.002 -2"><span class='ocrx_word' id='word_1_98' title='bbox 239 2167 335 2196; x_wconf 87' lang='lat' dir='ltr'><strong>mus</strong></span> <span class='ocrx_word' id='word_1_99' title='bbox 366 2155 612 2197; x_wconf 81' lang='lat' dir='ltr'><strong>Salmasius.</strong></span> <span class='ocrx_word' id='word_1_100' title='bbox 668 2157 739 2197; x_wconf 90' lang='lat' dir='ltr'><strong>De</strong></span> <span class='ocrx_word' id='word_1_101' title='bbox 773 2157 950 2197; x_wconf 88' lang='lat' dir='ltr'><strong>Conone</strong></span> <span class='ocrx_word' id='word_1_102' title='bbox 980 2158 1128 2198; x_wconf 90' lang='lat' dir='ltr'><strong>Xeno-</strong></span> 
     </span>
     <span class='ocr_line' id='line_1_22' title="bbox 240 2219 1127 2271; baseline 0.005 -12"><span class='ocrx_word' id='word_1_103' title='bbox 240 2219 355 2271; x_wconf 91' lang='lat' dir='ltr'><strong>phon</strong></span> <span class='ocrx_word' id='word_1_104' title='bbox 373 2219 449 2261; x_wconf 90' lang='lat' dir='ltr'><strong>lib.</strong></span> <span class='ocrx_word' id='word_1_105' title='bbox 472 2231 524 2260; x_wconf 85' lang='lat'><strong>11.</strong></span> <span class='ocrx_word' id='word_1_106' title='bbox 546 2225 593 2261; x_wconf 90' lang='lat' dir='ltr'><strong>et</strong></span> <span class='ocrx_word' id='word_1_107' title='bbox 621 2232 682 2262; x_wconf 77' lang='grc' dir='ltr'><strong>ιν.</strong></span> <span class='ocrx_word' id='word_1_108' title='bbox 706 2221 995 2263; x_wconf 84' lang='lat' dir='ltr'><strong>Diodor.x1v.</strong></span> <span class='ocrx_word' id='word_1_109' title='bbox 1027 2223 1127 2263; x_wconf 89' lang='lat' dir='ltr'><strong>Plu-</strong></span> 
     </span>
     <span class='ocr_line' id='line_1_23' title="bbox 238 2282 1126 2336; baseline 0.005 -14"><span class='ocrx_word' id='word_1_110' title='bbox 238 2282 375 2323; x_wconf 86' lang='lat' dir='ltr'><strong>tarch.</strong></span> <span class='ocrx_word' id='word_1_111' title='bbox 393 2282 438 2322; x_wconf 87' lang='lat' dir='ltr'><strong>in</strong></span> <span class='ocrx_word' id='word_1_112' title='bbox 457 2283 697 2336; x_wconf 84' lang='lat' dir='ltr'><strong>Lysandro,</strong></span> <span class='ocrx_word' id='word_1_113' title='bbox 713 2285 873 2326; x_wconf 85' lang='lat' dir='ltr'><strong>Justin.</strong></span> <span class='ocrx_word' id='word_1_114' title='bbox 892 2285 969 2327; x_wconf 91' lang='lat' dir='ltr'><strong>lib.</strong></span> <span class='ocrx_word' id='word_1_115' title='bbox 988 2297 1053 2326; x_wconf 77' lang='lat' dir='ltr'><strong>vr.</strong></span> <span class='ocrx_word' id='word_1_116' title='bbox 1071 2299 1126 2326; x_wconf 87' lang='lat' dir='ltr'><strong>ex</strong></span> 
     </span>
     <span class='ocr_line' id='line_1_24' title="bbox 240 2345 1124 2390; baseline 0.003 -4"><span class='ocrx_word' id='word_1_117' title='bbox 240 2358 293 2386; x_wconf 91' lang='lat' dir='ltr'><strong>eo</strong></span> <span class='ocrx_word' id='word_1_118' title='bbox 325 2345 505 2387; x_wconf 88' lang='lat' dir='ltr'><strong>Orosius</strong></span> <span class='ocrx_word' id='word_1_119' title='bbox 540 2346 614 2387; x_wconf 91' lang='lat' dir='ltr'><strong>lib.</strong></span> <span class='ocrx_word' id='word_1_120' title='bbox 632 2358 684 2388; x_wconf 89' lang='lat'><strong>11.</strong></span> <span class='ocrx_word' id='word_1_121' title='bbox 718 2351 783 2387; x_wconf 88' lang='grc'><strong>16.</strong></span> <span class='ocrx_word' id='word_1_122' title='bbox 814 2352 860 2388; x_wconf 92' lang='lat' dir='ltr'><strong>et</strong></span> <span class='ocrx_word' id='word_1_123' title='bbox 886 2347 960 2388; x_wconf 92' lang='lat' dir='ltr'><strong>lib.</strong></span> <span class='ocrx_word' id='word_1_124' title='bbox 994 2360 1064 2390; x_wconf 89' lang='lat'><strong>111.</strong></span> <span class='ocrx_word' id='word_1_125' title='bbox 1085 2353 1124 2389; x_wconf 91' lang='lat'><strong>1.</strong></span> 
     </span>
     <span class='ocr_line' id='line_1_25' title="bbox 239 2408 1127 2462; baseline 0.006 -15"><span class='ocrx_word' id='word_1_126' title='bbox 239 2408 436 2450; x_wconf 85' lang='lat' dir='ltr'><strong>Frontin.</strong></span> <span class='ocrx_word' id='word_1_127' title='bbox 455 2419 516 2449; x_wconf 77' lang='lat' dir='ltr'><strong>lv.</strong></span> <span class='ocrx_word' id='word_1_128' title='bbox 537 2420 632 2462; x_wconf 89' lang='lat' dir='ltr'><strong>cap.</strong></span> <span class='ocrx_word' id='word_1_129' title='bbox 660 2409 740 2450; x_wconf 88' lang='lat' dir='ltr'><strong>ult.</strong></span> <span class='ocrx_word' id='word_1_130' title='bbox 760 2410 803 2450; x_wconf 90' lang='lat' dir='ltr'><strong>in</strong></span> <span class='ocrx_word' id='word_1_131' title='bbox 818 2409 928 2452; x_wconf 80' lang='lat' dir='ltr'><strong>fine:</strong></span> <span class='ocrx_word' id='word_1_132' title='bbox 948 2409 1063 2452; x_wconf 88' lang='lat' dir='ltr'><strong>infra</strong></span> <span class='ocrx_word' id='word_1_133' title='bbox 1082 2412 1127 2452; x_wconf 91' lang='lat' dir='ltr'><strong>in</strong></span> 
     </span>
     <span class='ocr_line' id='line_1_26' title="bbox 239 2470 628 2514; baseline 0.008 -3"><span class='ocrx_word' id='word_1_134' title='bbox 239 2470 440 2513; x_wconf 87' lang='lat' dir='ltr'><strong>Chabria.</strong></span> <span class='ocrx_word' id='word_1_135' title='bbox 467 2471 628 2514; x_wconf 75' lang='lat' dir='ltr'><strong>Sauara.</strong></span> 
     </span>
    </p>

    <p class='ocr_par' dir='ltr' id='par_1_6' title="bbox 235 2536 1128 3408">
     <span class='ocr_line' id='line_1_27' title="bbox 240 2536 1126 2591; baseline 0.003 -14"><span class='ocrx_word' id='word_1_136' title='bbox 240 2574 244 2577; x_wconf 84' lang='lat'><strong>.</strong></span> <span class='ocrx_word' id='word_1_137' title='bbox 295 2537 346 2576; x_wconf 86' lang='lat' dir='ltr'><strong>In</strong></span> <span class='ocrx_word' id='word_1_138' title='bbox 363 2548 477 2589; x_wconf 78' lang='lat' dir='ltr'><strong>eoque</strong></span> <span class='ocrx_word' id='word_1_139' title='bbox 495 2536 581 2586; x_wconf 63' lang='lat' dir='ltr'><strong>eius</strong></span> <span class='ocrx_word' id='word_1_140' title='bbox 604 2549 720 2589; x_wconf 83' lang='lat' dir='ltr'><strong>opera</strong></span> <span class='ocrx_word' id='word_1_141' title='bbox 745 2538 882 2589; x_wconf 76' lang='lat' dir='ltr'><strong>magni</strong></span> <span class='ocrx_word' id='word_1_142' title='bbox 902 2537 1012 2591; x_wconf 74' lang='lat' dir='ltr'><strong>fuit]</strong></span> <span class='ocrx_word' id='word_1_143' title='bbox 1051 2538 1126 2581; x_wconf 84' lang='lat' dir='ltr'><strong>Sic</strong></span> 
     </span>
     <span class='ocr_line' id='line_1_28' title="bbox 239 2599 1128 2655; baseline 0.004 -16"><span class='ocrx_word' id='word_1_144' title='bbox 239 2599 466 2640; x_wconf 87' lang='lat' dir='ltr'><strong>Puteanus</strong></span> <span class='ocrx_word' id='word_1_145' title='bbox 526 2601 776 2641; x_wconf 85' lang='lat' dir='ltr'><strong>emendavit</strong></span> <span class='ocrx_word' id='word_1_146' title='bbox 807 2601 874 2649; x_wconf 65' lang='lat' dir='ltr'><strong>⁴in</strong></span> <span class='ocrx_word' id='word_1_147' title='bbox 927 2603 1128 2655; x_wconf 82' lang='lat' dir='ltr'><strong>Datame,</strong></span> 
     </span>
     <span class='ocr_line' id='line_1_29' title="bbox 238 2664 1127 2717; baseline 0.004 -14"><span class='ocrx_word' id='word_1_148' title='bbox 238 2665 376 2704; x_wconf 80' lang='lat' dir='ltr'><strong>multis</strong></span> <span class='ocrx_word' id='word_1_149' title='bbox 405 2664 577 2704; x_wconf 75' lang='lat' dir='ltr'><strong>millibus</strong></span> <span class='ocrx_word' id='word_1_150' title='bbox 618 2664 841 2714; x_wconf 76' lang='lat' dir='ltr'><strong>interfectis</strong></span> <span class='ocrx_word' id='word_1_151' title='bbox 878 2666 1015 2717; x_wconf 74' lang='lat' dir='ltr'><strong>magni</strong></span> <span class='ocrx_word' id='word_1_152' title='bbox 1036 2667 1127 2716; x_wconf 77' lang='lat' dir='ltr'><strong>suit</strong></span> 
     </span>
     <span class='ocr_line' id='line_1_30' title="bbox 237 2727 1128 2784; baseline 0.006 -17"><span class='ocrx_word' id='word_1_153' title='bbox 237 2727 323 2777; x_wconf 72' lang='lat' dir='ltr'><strong>ejus</strong></span> <span class='ocrx_word' id='word_1_154' title='bbox 340 2741 469 2780; x_wconf 84' lang='lat' dir='ltr'><strong>opera.</strong></span> <span class='ocrx_word' id='word_1_155' title='bbox 501 2730 692 2770; x_wconf 86' lang='lat' dir='ltr'><strong>Catone:</strong></span> <span class='ocrx_word' id='word_1_156' title='bbox 722 2730 978 2784; x_wconf 84' lang='lat' dir='ltr'><strong>‘magnique</strong></span> <span class='ocrx_word' id='word_1_157' title='bbox 993 2743 1128 2783; x_wconf 88' lang='lat' dir='ltr'><strong>opera</strong></span> 
     </span>
     <span class='ocr_line' id='line_1_31' title="bbox 238 2792 1127 2846; baseline 0.006 -16"><span class='ocrx_word' id='word_1_158' title='bbox 238 2792 330 2843; x_wconf 72' lang='lat' dir='ltr'><strong>ejus</strong></span> <span class='ocrx_word' id='word_1_159' title='bbox 367 2792 615 2833; x_wconf 86' lang='lat' dir='ltr'><strong>existimata</strong></span> <span class='ocrx_word' id='word_1_160' title='bbox 647 2793 691 2833; x_wconf 91' lang='lat' dir='ltr'><strong>in</strong></span> <span class='ocrx_word' id='word_1_161' title='bbox 724 2793 876 2846; x_wconf 81' lang='lat' dir='ltr'><strong>praelio</strong></span> <span class='ocrx_word' id='word_1_162' title='bbox 908 2793 1023 2846; x_wconf 86' lang='lat' dir='ltr'><strong>apud</strong></span> <span class='ocrx_word' id='word_1_163' title='bbox 1052 2795 1127 2835; x_wconf 88' lang='lat' dir='ltr'><strong>Se·</strong></span> 
     </span>
     <span class='ocr_line' id='line_1_32' title="bbox 237 2855 1126 2912; baseline 0.006 -18"><span class='ocrx_word' id='word_1_164' title='bbox 237 2855 363 2895; x_wconf 86' lang='lat' dir='ltr'><strong>nam.’</strong></span> <span class='ocrx_word' id='word_1_165' title='bbox 394 2857 497 2896; x_wconf 80' lang='lat' dir='ltr'><strong>Mss.</strong></span> <span class='ocrx_word' id='word_1_166' title='bbox 518 2862 562 2897; x_wconf 88' lang='lat' dir='ltr'><strong>ct</strong></span> <span class='ocrx_word' id='word_1_167' title='bbox 581 2858 681 2898; x_wconf 90' lang='lat' dir='ltr'><strong>Vet.</strong></span> <span class='ocrx_word' id='word_1_168' title='bbox 701 2857 884 2898; x_wconf 85' lang='lat' dir='ltr'><strong>variant.</strong></span> <span class='ocrx_word' id='word_1_169' title='bbox 903 2858 987 2898; x_wconf 88' lang='lat' dir='ltr'><strong>Ms.</strong></span> <span class='ocrx_word' id='word_1_170' title='bbox 1006 2871 1126 2912; x_wconf 86' lang='lat' dir='ltr'><strong>meus</strong></span> 
     </span>
     <span class='ocr_line' id='line_1_33' title="bbox 238 2920 1122 2972; baseline 0.007 -15"><span class='ocrx_word' id='word_1_171' title='bbox 238 2924 282 2958; x_wconf 82' lang='lat' dir='ltr'><strong>ct</strong></span> <span class='ocrx_word' id='word_1_172' title='bbox 303 2920 409 2958; x_wconf 85' lang='lat' dir='ltr'><strong>Ven.</strong></span> <span class='ocrx_word' id='word_1_173' title='bbox 425 2920 467 2958; x_wconf 83' lang='lat' dir='ltr'><strong>in</strong></span> <span class='ocrx_word' id='word_1_174' title='bbox 481 2932 596 2971; x_wconf 81' lang='lat' dir='ltr'><strong>eoque</strong></span> <span class='ocrx_word' id='word_1_175' title='bbox 611 2920 696 2969; x_wconf 76' lang='lat' dir='ltr'><strong>ejus</strong></span> <span class='ocrx_word' id='word_1_176' title='bbox 710 2933 823 2972; x_wconf 86' lang='lat' dir='ltr'><strong>opere</strong></span> <span class='ocrx_word' id='word_1_177' title='bbox 839 2922 1122 2972; x_wconf 74' lang='lat' dir='ltr'><strong>magnmfuit:</strong></span> 
     </span>
     <span class='ocr_line' id='line_1_34' title="bbox 241 2982 1122 3035; baseline 0.006 -13"><span class='ocrx_word' id='word_1_178' title='bbox 241 2982 334 3023; x_wconf 89' lang='lat' dir='ltr'><strong>Col.</strong></span> <span class='ocrx_word' id='word_1_179' title='bbox 368 2982 412 3022; x_wconf 79' lang='lat' dir='ltr'><strong>in</strong></span> <span class='ocrx_word' id='word_1_180' title='bbox 444 2995 563 3035; x_wconf 82' lang='lat' dir='ltr'><strong>eoque</strong></span> <span class='ocrx_word' id='word_1_181' title='bbox 594 2996 708 3035; x_wconf 83' lang='lat' dir='ltr'><strong>opere</strong></span> <span class='ocrx_word' id='word_1_182' title='bbox 733 2984 1024 3035; x_wconf 78' lang='lat' dir='ltr'><strong>magnusfuit:</strong></span> <span class='ocrx_word' id='word_1_183' title='bbox 1051 2985 1122 3028; x_wconf 87' lang='lat' dir='ltr'><strong>Al.</strong></span> 
     </span>
     <span class='ocr_line' id='line_1_35' title="bbox 238 3046 1125 3099; baseline 0.002 -13"><span class='ocrx_word' id='word_1_184' title='bbox 238 3050 286 3087; x_wconf 83' lang='lat' dir='ltr'><strong>et</strong></span> <span class='ocrx_word' id='word_1_185' title='bbox 334 3047 432 3087; x_wconf 88' lang='lat' dir='ltr'><strong>Par.</strong></span> <span class='ocrx_word' id='word_1_186' title='bbox 469 3046 514 3086; x_wconf 83' lang='lat' dir='ltr'><strong>in</strong></span> <span class='ocrx_word' id='word_1_187' title='bbox 548 3059 665 3099; x_wconf 78' lang='lat' dir='ltr'><strong>eoque</strong></span> <span class='ocrx_word' id='word_1_188' title='bbox 696 3046 780 3096; x_wconf 60' lang='lat' dir='ltr'><strong>qius</strong></span> <span class='ocrx_word' id='word_1_189' title='bbox 815 3060 929 3099; x_wconf 85' lang='lat' dir='ltr'><strong>opere</strong></span> <span class='ocrx_word' id='word_1_190' title='bbox 958 3060 1125 3099; x_wconf 80' lang='lat' dir='ltr'><strong>magnus</strong></span> 
     </span>
     <span class='ocr_line' id='line_1_36' title="bbox 235 3109 1122 3164; baseline 0.005 -15"><span class='ocrx_word' id='word_1_191' title='bbox 235 3109 318 3156; x_wconf 80' lang='lat' dir='ltr'><strong>fuit</strong></span> <span class='ocrx_word' id='word_1_192' title='bbox 335 3122 447 3150; x_wconf 79' lang='lat' dir='ltr'><strong>usus.-</strong></span> <span class='ocrx_word' id='word_1_193' title='bbox 467 3110 520 3153; x_wconf 66' lang='lat' dir='ltr'><strong>⁴in</strong></span> <span class='ocrx_word' id='word_1_194' title='bbox 535 3110 643 3152; x_wconf 82' lang='lat' dir='ltr'><strong>Mss.</strong></span> <span class='ocrx_word' id='word_1_195' title='bbox 663 3109 755 3153; x_wconf 85' lang='lat' dir='ltr'><strong>Gif.</strong></span> <span class='ocrx_word' id='word_1_196' title='bbox 770 3115 814 3151; x_wconf 88' lang='lat' dir='ltr'><strong>et</strong></span> <span class='ocrx_word' id='word_1_197' title='bbox 829 3112 930 3152; x_wconf 93' lang='lat' dir='ltr'><strong>Put.</strong></span> <span class='ocrx_word' id='word_1_198' title='bbox 951 3113 994 3152; x_wconf 76' lang='lat' dir='ltr'><strong>in</strong></span> <span class='ocrx_word' id='word_1_199' title='bbox 1007 3124 1122 3164; x_wconf 80' lang='lat' dir='ltr'><strong>eoque</strong></span> 
     </span>
     <span class='ocr_line' id='line_1_37' title="bbox 237 3173 1122 3227; baseline 0.005 -16"><span class='ocrx_word' id='word_1_200' title='bbox 237 3173 320 3222; x_wconf 78' lang='lat' dir='ltr'><strong>ejus</strong></span> <span class='ocrx_word' id='word_1_201' title='bbox 348 3186 462 3225; x_wconf 85' lang='lat' dir='ltr'><strong>opere</strong></span> <span class='ocrx_word' id='word_1_202' title='bbox 491 3174 628 3224; x_wconf 79' lang='lat' dir='ltr'><strong>magni</strong></span> <span class='ocrx_word' id='word_1_203' title='bbox 650 3173 738 3223; x_wconf 75' lang='lat' dir='ltr'><strong>suit</strong></span> <span class='ocrx_word' id='word_1_204' title='bbox 754 3186 771 3221; x_wconf 91' lang='lat'><strong>,·</strong></span> <span class='ocrx_word' id='word_1_205' title='bbox 816 3187 902 3227; x_wconf 85' lang='lat' dir='ltr'><strong>qua</strong></span> <span class='ocrx_word' id='word_1_206' title='bbox 933 3175 1122 3216; x_wconf 87' lang='lat' dir='ltr'><strong>lectione</strong></span> 
     </span>
     <span class='ocr_line' id='line_1_38' title="bbox 239 3237 1121 3290; baseline 0 -14"><span class='ocrx_word' id='word_1_207' title='bbox 239 3249 324 3277; x_wconf 91' lang='lat' dir='ltr'><strong>non</strong></span> <span class='ocrx_word' id='word_1_208' title='bbox 346 3249 497 3288; x_wconf 86' lang='lat' dir='ltr'><strong>parum</strong></span> <span class='ocrx_word' id='word_1_209' title='bbox 520 3238 699 3289; x_wconf 87' lang='lat' dir='ltr'><strong>juvatur</strong></span> <span class='ocrx_word' id='word_1_210' title='bbox 728 3238 978 3290; x_wconf 85' lang='lat' dir='ltr'><strong>conjectura</strong></span> <span class='ocrx_word' id='word_1_211' title='bbox 997 3238 1047 3278; x_wconf 89' lang='lat' dir='ltr'><strong>C.</strong></span> <span class='ocrx_word' id='word_1_212' title='bbox 1066 3237 1121 3277; x_wconf 90' lang='lat' dir='ltr'><strong>V.</strong></span> 
     </span>
     <span class='ocr_line' id='line_1_39' title="bbox 239 3299 1122 3352; baseline 0.001 -13"><span class='ocrx_word' id='word_1_213' title='bbox 239 3299 403 3340; x_wconf 82' lang='lat' dir='ltr'><strong>Savaro.</strong></span> <span class='ocrx_word' id='word_1_214' title='bbox 457 3301 570 3340; x_wconf 85' lang='lat' dir='ltr'><strong>Vide</strong></span> <span class='ocrx_word' id='word_1_215' title='bbox 607 3301 832 3341; x_wconf 88' lang='lat' dir='ltr'><strong>Schottum</strong></span> <span class='ocrx_word' id='word_1_216' title='bbox 866 3300 910 3340; x_wconf 91' lang='lat' dir='ltr'><strong>in</strong></span> <span class='ocrx_word' id='word_1_217' title='bbox 948 3299 1122 3352; x_wconf 87' lang='lat' dir='ltr'><strong>Epami·</strong></span> 
     </span>
     <span class='ocr_line' id='line_1_40' title="bbox 237 3356 1112 3408; baseline -0.002 -4"><span class='ocrx_word' id='word_1_218' title='bbox 237 3356 437 3405; x_wconf 66' lang='lat' dir='ltr'><strong>nonda‘m.</strong></span> <span class='ocrx_word' id='word_1_219' title='bbox 1094 3400 1112 3408; x_wconf 73' lang='lat'><strong>‚.</strong></span> 
     </span>
    </p>

    <p class='ocr_par' dir='ltr' id='par_1_7' title="bbox 297 3427 1122 3481">
     <span class='ocr_line' id='line_1_41' title="bbox 297 3427 1122 3481; baseline 0.002 -15"><span class='ocrx_word' id='word_1_220' title='bbox 297 3427 486 3474; x_wconf 63' lang='lat' dir='ltr'><strong>Omnibus</strong></span> <span class='ocrx_word' id='word_1_221' title='bbox 511 3438 609 3467; x_wconf 76' lang='lat' dir='ltr'><strong>unus</strong></span> <span class='ocrx_word' id='word_1_222' title='bbox 636 3427 774 3467; x_wconf 79' lang='lat' dir='ltr'><strong>insulis</strong></span> <span class='ocrx_word' id='word_1_223' title='bbox 797 3427 990 3481; x_wconf 78' lang='lat' dir='ltr'><strong>praefuit]</strong></span> <span class='ocrx_word' id='word_1_224' title='bbox 1025 3428 1122 3468; x_wconf 88' lang='lat' dir='ltr'><strong>Hoc</strong></span> 
     </span>
    </p>

    <p class='ocr_par' dir='ltr' id='par_1_8' title="bbox 239 3490 1123 3545">
     <span class='ocr_line' id='line_1_42' title="bbox 239 3490 1123 3545; baseline 0.002 -14"><span class='ocrx_word' id='word_1_225' title='bbox 239 3504 378 3545; x_wconf 85' lang='lat' dir='ltr'><strong>neque</strong></span> <span class='ocrx_word' id='word_1_226' title='bbox 422 3490 536 3544; x_wconf 88' lang='lat' dir='ltr'><strong>apud</strong></span> <span class='ocrx_word' id='word_1_227' title='bbox 587 3491 934 3545; x_wconf 64' lang='lat' dir='ltr'><strong>Xenophontem,</strong></span> <span class='ocrx_word' id='word_1_228' title='bbox 983 3504 1123 3545; x_wconf 84' lang='lat' dir='ltr'><strong>neque</strong></span> 
     </span>
    </p>
   </div>
   <div class='ocr_carea' id='block_1_5' title="bbox 627 250 1687 293">
    <p class='ocr_par' dir='ltr' id='par_1_9' title="bbox 627 250 1687 293">
     <span class='ocr_line' id='line_1_43' title="bbox 627 250 1687 293; baseline 0.002 -2"><span class='ocrx_word' id='word_1_229' title='bbox 627 251 806 291; x_wconf 84' lang='lat' dir='ltr'><strong>NOTAE</strong></span> <span class='ocrx_word' id='word_1_230' title='bbox 851 250 1180 291; x_wconf 82' lang='lat' dir='ltr'><strong>VARIORUM</strong></span> <span class='ocrx_word' id='word_1_231' title='bbox 1221 251 1287 291; x_wconf 82' lang='lat' dir='ltr'><strong>IN</strong></span> <span class='ocrx_word' id='word_1_232' title='bbox 1329 253 1383 292; x_wconf 83' lang='lat' dir='ltr'><strong>C.</strong></span> <span class='ocrx_word' id='word_1_233' title='bbox 1420 252 1687 293; x_wconf 71' lang='lat' dir='ltr'><strong>NEPOTIS</strong></span> 
     </span>
    </p>
   </div>
   <div class='ocr_carea' id='block_1_6' title="bbox 1193 371 2079 1114">
    <p class='ocr_par' dir='ltr' id='par_1_10' title="bbox 1193 371 2077 857">
     <span class='ocr_line' id='line_1_44' title="bbox 1194 371 2076 417; baseline 0.005 -5"><span class='ocrx_word' id='word_1_234' title='bbox 1194 371 1365 415; x_wconf 82' lang='lat' dir='ltr'><strong>damno.</strong></span> <span class='ocrx_word' id='word_1_235' title='bbox 1418 372 1559 414; x_wconf 83' lang='lat' dir='ltr'><strong>Tacit.</strong></span> <span class='ocrx_word' id='word_1_236' title='bbox 1590 371 1703 414; x_wconf 87' lang='lat' dir='ltr'><strong>Anu.</strong></span> <span class='ocrx_word' id='word_1_237' title='bbox 1732 384 1764 414; x_wconf 84' lang='lat' dir='ltr'><strong>r.</strong></span> <span class='ocrx_word' id='word_1_238' title='bbox 1793 385 1833 415; x_wconf 85' lang='lat' dir='ltr'><strong>e.</strong></span> <span class='ocrx_word' id='word_1_239' title='bbox 1852 377 1921 415; x_wconf 85' lang='lat'><strong>50.</strong></span> <span class='ocrx_word' id='word_1_240' title='bbox 1948 374 1963 397; x_wconf 89' lang='lat'>‘</span> <span class='ocrx_word' id='word_1_241' title='bbox 1983 374 2076 417; x_wconf 87' lang='lat' dir='ltr'><strong>Cir·</strong></span> 
     </span>
     <span class='ocr_line' id='line_1_45' title="bbox 1194 437 2075 493; baseline 0.002 -16"><span class='ocrx_word' id='word_1_242' title='bbox 1194 437 1408 478; x_wconf 87' lang='lat' dir='ltr'><strong>cumdatae</strong></span> <span class='ocrx_word' id='word_1_243' title='bbox 1434 438 1667 488; x_wconf 82' lang='lat' dir='ltr'><strong>stationes;</strong></span> <span class='ocrx_word' id='word_1_244' title='bbox 1693 438 1839 479; x_wconf 87' lang='lat' dir='ltr'><strong>stratis</strong></span> <span class='ocrx_word' id='word_1_245' title='bbox 1857 439 1968 493; x_wconf 83' lang='lat' dir='ltr'><strong>enim</strong></span> <span class='ocrx_word' id='word_1_246' title='bbox 1985 444 2075 480; x_wconf 83' lang='lat' dir='ltr'><strong>tum</strong></span> 
     </span>
     <span class='ocr_line' id='line_1_46' title="bbox 1195 500 2076 556; baseline 0.003 -16"><span class='ocrx_word' id='word_1_247' title='bbox 1195 512 1276 553; x_wconf 87' lang='lat' dir='ltr'><strong>per</strong></span> <span class='ocrx_word' id='word_1_248' title='bbox 1293 500 1453 541; x_wconf 79' lang='lat' dir='ltr'><strong>cubilia</strong></span> <span class='ocrx_word' id='word_1_249' title='bbox 1475 507 1741 556; x_wconf 82' lang='lat' dir='ltr'><strong>propterque</strong></span> <span class='ocrx_word' id='word_1_250' title='bbox 1759 513 1941 552; x_wconf 80' lang='lat' dir='ltr'><strong>mensas,</strong></span> <span class='ocrx_word' id='word_1_251' title='bbox 1958 503 2076 544; x_wconf 87' lang='lat' dir='ltr'><strong>nullo</strong></span> 
     </span>
     <span class='ocr_line' id='line_1_47' title="bbox 1194 564 2075 619; baseline 0.005 -16"><span class='ocrx_word' id='word_1_252' title='bbox 1194 569 1331 618; x_wconf 85' lang='lat' dir='ltr'><strong>metu,</strong></span> <span class='ocrx_word' id='word_1_253' title='bbox 1345 576 1431 604; x_wconf 88' lang='lat' dir='ltr'><strong>non</strong></span> <span class='ocrx_word' id='word_1_254' title='bbox 1450 569 1551 605; x_wconf 89' lang='lat' dir='ltr'><strong>ante</strong></span> <span class='ocrx_word' id='word_1_255' title='bbox 1570 565 1720 619; x_wconf 88' lang='lat' dir='ltr'><strong>positis</strong></span> <span class='ocrx_word' id='word_1_256' title='bbox 1736 564 1923 618; x_wconf 64' lang='lat' dir='ltr'><strong>vigiliis!</strong></span> <span class='ocrx_word' id='word_1_257' title='bbox 1939 566 2075 608; x_wconf 88' lang='lat' dir='ltr'><strong>Diod.</strong></span> 
     </span>
     <span class='ocr_line' id='line_1_48' title="bbox 1193 627 2077 671; baseline 0.003 -3"><span class='ocrx_word' id='word_1_258' title='bbox 1193 628 1222 668; x_wconf 92' lang='lat' dir='ltr'><strong>l.</strong></span> <span class='ocrx_word' id='word_1_259' title='bbox 1237 638 1333 668; x_wconf 74' lang='lat' dir='ltr'><strong>xvi.</strong></span> <span class='ocrx_word' id='word_1_260' title='bbox 1358 627 1483 668; x_wconf 76' lang='lat' dir='ltr'><strong>Gebk.</strong></span> <span class='ocrx_word' id='word_1_261' title='bbox 1499 629 1726 671; x_wconf 85' lang='lat' dir='ltr'><strong>Caes.B.C.</strong></span> <span class='ocrx_word' id='word_1_262' title='bbox 1738 633 1920 670; x_wconf 59' lang='lat' dir='ltr'><strong>vn&gt;1.12.</strong></span> <span class='ocrx_word' id='word_1_263' title='bbox 1941 630 2077 671; x_wconf 85' lang='lat' dir='ltr'><strong>‘Nos-</strong></span> 
     </span>
     <span class='ocr_line' id='line_1_49' title="bbox 1195 690 2076 745; baseline 0 -13"><span class='ocrx_word' id='word_1_264' title='bbox 1195 691 1253 732; x_wconf 81' lang='lat' dir='ltr'><strong>tri</strong></span> <span class='ocrx_word' id='word_1_265' title='bbox 1285 690 1545 733; x_wconf 86' lang='lat' dir='ltr'><strong>detrimento</strong></span> <span class='ocrx_word' id='word_1_266' title='bbox 1575 693 1872 745; x_wconf 88' lang='lat' dir='ltr'><strong>admonentur,</strong></span> <span class='ocrx_word' id='word_1_267' title='bbox 1899 693 2076 745; x_wconf 87' lang='lat' dir='ltr'><strong>diligen-</strong></span> 
     </span>
     <span class='ocr_line' id='line_1_50' title="bbox 1195 754 2076 810; baseline 0.005 -17"><span class='ocrx_word' id='word_1_268' title='bbox 1195 754 1281 794; x_wconf 89' lang='lat' dir='ltr'><strong>tius</strong></span> <span class='ocrx_word' id='word_1_269' title='bbox 1300 755 1537 808; x_wconf 85' lang='lat' dir='ltr'><strong>exploratis</strong></span> <span class='ocrx_word' id='word_1_270' title='bbox 1568 756 1673 797; x_wconf 76' lang='lat' dir='ltr'><strong>locis</strong></span> <span class='ocrx_word' id='word_1_271' title='bbox 1706 757 1914 798; x_wconf 86' lang='lat' dir='ltr'><strong>stationes</strong></span> <span class='ocrx_word' id='word_1_272' title='bbox 1932 756 2076 810; x_wconf 85' lang='lat' dir='ltr'><strong>dispo·</strong></span> 
     </span>
     <span class='ocr_line' id='line_1_51' title="bbox 1195 816 1331 857; baseline 0 -1"><span class='ocrx_word' id='word_1_273' title='bbox 1195 816 1331 857; x_wconf 65' lang='lat' dir='ltr'><strong>nere!</strong></span> 
     </span>
    </p>

    <p class='ocr_par' dir='ltr' id='par_1_11' title="bbox 1194 880 2079 1114">
     <span class='ocr_line' id='line_1_52' title="bbox 1247 880 2077 936; baseline 0.006 -16"><span class='ocrx_word' id='word_1_274' title='bbox 1247 880 1286 920; x_wconf 77' lang='lat' dir='ltr'><strong><em>A</em></strong></span> <span class='ocrx_word' id='word_1_275' title='bbox 1319 880 1516 932; x_wconf 78' lang='lat' dir='ltr'><strong>barbaris]</strong></span> <span class='ocrx_word' id='word_1_276' title='bbox 1574 880 1823 934; x_wconf 83' lang='lat' dir='ltr'><strong>Aspendiis.</strong></span> <span class='ocrx_word' id='word_1_277' title='bbox 1875 883 2077 936; x_wconf 85' lang='lat' dir='ltr'><strong>Xenoph.</strong></span> 
     </span>
     <span class='ocr_line' id='line_1_53' title="bbox 1194 943 2076 997; baseline 0.003 -14"><span class='ocrx_word' id='word_1_278' title='bbox 1194 943 1325 984; x_wconf 89' lang='lat' dir='ltr'><strong>Diod.</strong></span> <span class='ocrx_word' id='word_1_279' title='bbox 1384 945 1470 987; x_wconf 80' lang='lat' dir='ltr'><strong>Qui</strong></span> <span class='ocrx_word' id='word_1_280' title='bbox 1509 945 1777 997; x_wconf 80' lang='lat' dir='ltr'><strong>Pamphyliae</strong></span> <span class='ocrx_word' id='word_1_281' title='bbox 1807 957 1994 986; x_wconf 78' lang='lat' dir='ltr'><strong>sessores</strong></span> <span class='ocrx_word' id='word_1_282' title='bbox 2020 946 2076 986; x_wconf 84' lang='lat' dir='ltr'><strong>ad</strong></span> 
     </span>
     <span class='ocr_line' id='line_1_54' title="bbox 1196 1006 2079 1051; baseline 0.005 -5"><span class='ocrx_word' id='word_1_283' title='bbox 1196 1006 1405 1050; x_wconf 80' lang='lat' dir='ltr'><strong>Ciliciam.</strong></span> <span class='ocrx_word' id='word_1_284' title='bbox 1464 1007 1577 1049; x_wconf 84' lang='lat' dir='ltr'><strong>Vide</strong></span> <span class='ocrx_word' id='word_1_285' title='bbox 1611 1007 1811 1051; x_wconf 79' lang='lat' dir='ltr'><strong>Straben.</strong></span> <span class='ocrx_word' id='word_1_286' title='bbox 1850 1013 1894 1051; x_wconf 74' lang='lat' dir='ltr'><strong>et</strong></span> <span class='ocrx_word' id='word_1_287' title='bbox 1929 1008 2079 1051; x_wconf 73' lang='lat' dir='ltr'><strong>Ptole-</strong></span> 
     </span>
     <span class='ocr_line' id='line_1_55' title="bbox 1195 1083 1365 1114; baseline 0.006 -3"><span class='ocrx_word' id='word_1_288' title='bbox 1195 1083 1365 1114; x_wconf 76' lang='lat' dir='ltr'><strong>maeuns.</strong></span> 
     </span>
    </p>
   </div>
   <div class='ocr_carea' id='block_1_7' title="bbox 1032 1583 1516 1647">
    <p class='ocr_par' dir='ltr' id='par_1_12' title="bbox 1032 1583 1516 1647">
     <span class='ocr_line' id='line_1_56' title="bbox 1032 1583 1516 1647; baseline 0 -1"><span class='ocrx_word' id='word_1_289' title='bbox 1032 1583 1516 1647; x_wconf 86' lang='lat' dir='ltr'><strong>CONON.</strong></span> 
     </span>
    </p>
   </div>
   <div class='ocr_carea' id='block_1_8' title="bbox 1194 1772 2088 2142">
    <p class='ocr_par' dir='ltr' id='par_1_13' title="bbox 1194 1772 2088 2142">
     <span class='ocr_line' id='line_1_57' title="bbox 1197 1772 2088 1828; baseline 0.001 -14"><span class='ocrx_word' id='word_1_290' title='bbox 1197 1773 1311 1826; x_wconf 89' lang='lat' dir='ltr'><strong>apud</strong></span> <span class='ocrx_word' id='word_1_291' title='bbox 1332 1772 1588 1825; x_wconf 88' lang='lat' dir='ltr'><strong>Diodorum,</strong></span> <span class='ocrx_word' id='word_1_292' title='bbox 1610 1784 1751 1827; x_wconf 90' lang='lat' dir='ltr'><strong>neque</strong></span> <span class='ocrx_word' id='word_1_293' title='bbox 1786 1772 1914 1814; x_wconf 89' lang='lat' dir='ltr'><strong>alium</strong></span> <span class='ocrx_word' id='word_1_294' title='bbox 1932 1785 2088 1828; x_wconf 20' lang='lat' dir='ltr'><strong>quem-A</strong></span> 
     </span>
     <span class='ocr_line' id='line_1_58' title="bbox 1195 1835 2078 1891; baseline 0.001 -14"><span class='ocrx_word' id='word_1_295' title='bbox 1195 1850 1320 1891; x_wconf 89' lang='lat' dir='ltr'><strong>quam</strong></span> <span class='ocrx_word' id='word_1_296' title='bbox 1342 1837 1514 1891; x_wconf 85' lang='lat' dir='ltr'><strong>reperi:</strong></span> <span class='ocrx_word' id='word_1_297' title='bbox 1561 1836 1642 1877; x_wconf 91' lang='lat' dir='ltr'><strong>nisi</strong></span> <span class='ocrx_word' id='word_1_298' title='bbox 1674 1835 1789 1878; x_wconf 86' lang='lat' dir='ltr'><strong>forte</strong></span> <span class='ocrx_word' id='word_1_299' title='bbox 1826 1836 1870 1877; x_wconf 87' lang='lat' dir='ltr'><strong>id</strong></span> <span class='ocrx_word' id='word_1_300' title='bbox 1906 1842 2078 1890; x_wconf 74' lang='lat' dir='ltr'><strong>tempus</strong></span> 
     </span>
     <span class='ocr_line' id='line_1_59' title="bbox 1194 1899 2080 1954; baseline 0 -13"><span class='ocrx_word' id='word_1_301' title='bbox 1194 1900 1501 1954; x_wconf 81' lang='lat' dir='ltr'><strong>intelligamus,</strong></span> <span class='ocrx_word' id='word_1_302' title='bbox 1526 1912 1612 1954; x_wconf 88' lang='lat' dir='ltr'><strong>quo</strong></span> <span class='ocrx_word' id='word_1_303' title='bbox 1647 1899 1773 1941; x_wconf 87' lang='lat' dir='ltr'><strong>victis</strong></span> <span class='ocrx_word' id='word_1_304' title='bbox 1806 1900 1861 1940; x_wconf 89' lang='lat' dir='ltr'><strong>ad</strong></span> <span class='ocrx_word' id='word_1_305' title='bbox 1893 1900 2080 1943; x_wconf 81' lang='lat' dir='ltr'><strong>cnidum</strong></span> 
     </span>
     <span class='ocr_line' id='line_1_60' title="bbox 1195 1963 2079 2017; baseline 0 -13"><span class='ocrx_word' id='word_1_306' title='bbox 1195 1964 1534 2006; x_wconf 86' lang='lat' dir='ltr'><strong>Lacedaemoniis</strong></span> <span class='ocrx_word' id='word_1_307' title='bbox 1565 1964 1761 2016; x_wconf 88' lang='lat' dir='ltr'><strong>adjutore</strong></span> <span class='ocrx_word' id='word_1_308' title='bbox 1779 1963 2079 2017; x_wconf 84' lang='lat' dir='ltr'><strong>Pharnabazo,</strong></span> 
     </span>
     <span class='ocr_line' id='line_1_61' title="bbox 1194 2026 2079 2082; baseline -0.001 -13"><span class='ocrx_word' id='word_1_309' title='bbox 1194 2028 1324 2069; x_wconf 87' lang='lat' dir='ltr'><strong>classi</strong></span> <span class='ocrx_word' id='word_1_310' title='bbox 1342 2029 1456 2082; x_wconf 89' lang='lat' dir='ltr'><strong>regis</strong></span> <span class='ocrx_word' id='word_1_311' title='bbox 1474 2028 1705 2069; x_wconf 89' lang='lat' dir='ltr'><strong>Persarum</strong></span> <span class='ocrx_word' id='word_1_312' title='bbox 1732 2026 1964 2080; x_wconf 87' lang='lat' dir='ltr'><strong>praefectus</strong></span> <span class='ocrx_word' id='word_1_313' title='bbox 1989 2040 2079 2070; x_wconf 90' lang='lat' dir='ltr'><strong>om·</strong></span> 
     </span>
     <span class='ocr_line' id='line_1_62' title="bbox 1194 2090 2079 2142; baseline -0.003 -9"><span class='ocrx_word' id='word_1_314' title='bbox 1194 2104 1271 2133; x_wconf 88' lang='lat' dir='ltr'><strong>nes</strong></span> <span class='ocrx_word' id='word_1_315' title='bbox 1296 2093 1456 2133; x_wconf 85' lang='lat' dir='ltr'><strong>insulas</strong></span> <span class='ocrx_word' id='word_1_316' title='bbox 1481 2104 1507 2133; x_wconf 88' lang='lat' dir='ltr'><strong>a</strong></span> <span class='ocrx_word' id='word_1_317' title='bbox 1534 2090 1869 2132; x_wconf 65' lang='lat' dir='ltr'><strong>Lacedaemoniis</strong></span> <span class='ocrx_word' id='word_1_318' title='bbox 1903 2090 2079 2142; x_wconf 70' lang='lat' dir='ltr'><strong>avertit,</strong></span> 
     </span>
    </p>
   </div>
   <div class='ocr_carea' id='block_1_9' title="bbox 1194 2151 2148 2207">
    <p class='ocr_par' dir='ltr' id='par_1_14' title="bbox 1194 2151 2148 2207">
     <span class='ocr_line' id='line_1_63' title="bbox 1194 2151 2148 2207; baseline -0.003 -10"><span class='ocrx_word' id='word_1_319' title='bbox 1194 2161 1241 2197; x_wconf 91' lang='lat' dir='ltr'><strong>et</strong></span> <span class='ocrx_word' id='word_1_320' title='bbox 1272 2156 1454 2197; x_wconf 84' lang='lat' dir='ltr'><strong>Graecos</strong></span> <span class='ocrx_word' id='word_1_321' title='bbox 1499 2154 1687 2207; x_wconf 87' lang='lat' dir='ltr'><strong>superbo</strong></span> <span class='ocrx_word' id='word_1_322' title='bbox 1731 2153 2082 2206; x_wconf 72' lang='lat' dir='ltr'><strong>Lacedaemonio·</strong></span> <span class='ocrx_word' id='word_1_323' title='bbox 2143 2151 2148 2154; x_wconf 75' lang='grc'><em>“</em></span> 
     </span>
    </p>
   </div>
   <div class='ocr_carea' id='block_1_10' title="bbox 1190 2216 2081 2959">
    <p class='ocr_par' dir='ltr' id='par_1_15' title="bbox 1194 2216 2079 2451">
     <span class='ocr_line' id='line_1_64' title="bbox 1194 2216 2078 2261; baseline -0.003 -1"><span class='ocrx_word' id='word_1_324' title='bbox 1194 2232 1288 2260; x_wconf 88' lang='lat' dir='ltr'><strong>rum</strong></span> <span class='ocrx_word' id='word_1_325' title='bbox 1303 2220 1523 2261; x_wconf 88' lang='lat' dir='ltr'><strong>dominatu</strong></span> <span class='ocrx_word' id='word_1_326' title='bbox 1534 2217 1747 2260; x_wconf 89' lang='lat' dir='ltr'><strong>liberavit.</strong></span> <span class='ocrx_word' id='word_1_327' title='bbox 1762 2217 1945 2258; x_wconf 77' lang='lat' dir='ltr'><strong>Lambin.</strong></span> <span class='ocrx_word' id='word_1_328' title='bbox 1962 2216 2078 2257; x_wconf 89' lang='lat' dir='ltr'><strong>Vide</strong></span> 
     </span>
     <span class='ocr_line' id='line_1_65' title="bbox 1194 2279 2079 2333; baseline -0.005 -8"><span class='ocrx_word' id='word_1_329' title='bbox 1194 2284 1547 2325; x_wconf 83' lang='lat' dir='ltr'><strong>Demosthenem.</strong></span> <span class='ocrx_word' id='word_1_330' title='bbox 1585 2281 1788 2322; x_wconf 85' lang='lat' dir='ltr'><strong>Meminit</strong></span> <span class='ocrx_word' id='word_1_331' title='bbox 1800 2281 1932 2322; x_wconf 88' lang='lat' dir='ltr'><strong>etiam</strong></span> <span class='ocrx_word' id='word_1_332' title='bbox 1950 2279 2079 2333; x_wconf 88' lang='lat' dir='ltr'><strong>Apsi-</strong></span> 
     </span>
     <span class='ocr_line' id='line_1_66' title="bbox 1194 2343 2077 2398; baseline -0.005 -10"><span class='ocrx_word' id='word_1_333' title='bbox 1194 2359 1286 2398; x_wconf 89' lang='lat' dir='ltr'><strong>nes,</strong></span> <span class='ocrx_word' id='word_1_334' title='bbox 1315 2347 1371 2388; x_wconf 92' lang='lat' dir='ltr'><strong>de</strong></span> <span class='ocrx_word' id='word_1_335' title='bbox 1391 2346 1502 2387; x_wconf 88' lang='lat' dir='ltr'><strong>Arte</strong></span> <span class='ocrx_word' id='word_1_336' title='bbox 1535 2346 1661 2387; x_wconf 84' lang='lat' dir='ltr'><strong>Rhet.</strong></span> <span class='ocrx_word' id='word_1_337' title='bbox 1696 2357 1792 2398; x_wconf 85' lang='lat' dir='ltr'><strong>cap.</strong></span> <span class='ocrx_word' id='word_1_338' title='bbox 1823 2344 1910 2398; x_wconf 69' lang='grc' dir='ltr'><strong>περὶ</strong></span> <span class='ocrx_word' id='word_1_339' title='bbox 1941 2343 2077 2395; x_wconf 68' lang='grc' dir='ltr'><strong><em>διηγή-</em></strong></span> 
     </span>
     <span class='ocr_line' id='line_1_67' title="bbox 1194 2423 1797 2451; baseline 0.002 -2"><span class='ocrx_word' id='word_1_340' title='bbox 1194 2423 1305 2451; x_wconf 70' lang='grc' dir='ltr'><strong><em>σεως.</em></strong></span> <span class='ocrx_word' id='word_1_341' title='bbox 1795 2435 1797 2438; x_wconf 60' lang='lat'><strong>⁴</strong></span> 
     </span>
    </p>

    <p class='ocr_par' dir='ltr' id='par_1_16' title="bbox 1190 2472 2081 2959">
     <span class='ocr_line' id='line_1_68' title="bbox 1195 2472 2079 2526; baseline -0.002 -12"><span class='ocrx_word' id='word_1_342' title='bbox 1195 2498 1201 2502; x_wconf 86' lang='lat'><em>—</em></span> <span class='ocrx_word' id='word_1_343' title='bbox 1249 2474 1408 2514; x_wconf 75' lang='lat' dir='ltr'><strong>Pharas</strong></span> <span class='ocrx_word' id='word_1_344' title='bbox 1440 2473 1562 2526; x_wconf 76' lang='lat' dir='ltr'><strong>cepit]</strong></span> <span class='ocrx_word' id='word_1_345' title='bbox 1617 2473 1870 2525; x_wconf 84' lang='lat' dir='ltr'><strong>Rutgersius</strong></span> <span class='ocrx_word' id='word_1_346' title='bbox 1911 2472 2079 2513; x_wconf 70' lang='lat' dir='ltr'><strong>Ther-am</strong></span> 
     </span>
     <span class='ocr_line' id='line_1_69' title="bbox 1195 2535 2079 2590; baseline -0.001 -14"><span class='ocrx_word' id='word_1_347' title='bbox 1195 2536 1434 2586; x_wconf 85' lang='lat' dir='ltr'><strong>substituit,</strong></span> <span class='ocrx_word' id='word_1_348' title='bbox 1466 2537 1580 2590; x_wconf 88' lang='lat' dir='ltr'><strong>quod</strong></span> <span class='ocrx_word' id='word_1_349' title='bbox 1611 2535 1788 2578; x_wconf 87' lang='lat' dir='ltr'><strong>retinuit</strong></span> <span class='ocrx_word' id='word_1_350' title='bbox 1808 2535 2079 2577; x_wconf 85' lang='lat' dir='ltr'><strong>Gebhardns.</strong></span> 
     </span>
     <span class='ocr_line' id='line_1_70' title="bbox 1194 2599 2080 2652; baseline 0.001 -13"><span class='ocrx_word' id='word_1_351' title='bbox 1194 2599 1248 2640; x_wconf 93' lang='lat' dir='ltr'><strong>In</strong></span> <span class='ocrx_word' id='word_1_352' title='bbox 1284 2600 1371 2640; x_wconf 92' lang='lat' dir='ltr'><strong>Ms.</strong></span> <span class='ocrx_word' id='word_1_353' title='bbox 1420 2603 1625 2652; x_wconf 87' lang='lat' dir='ltr'><strong>corrupte</strong></span> <span class='ocrx_word' id='word_1_354' title='bbox 1667 2610 1816 2651; x_wconf 74' lang='lat' dir='ltr'><strong>speras.</strong></span> <span class='ocrx_word' id='word_1_355' title='bbox 1883 2599 2080 2640; x_wconf 87' lang='lat' dir='ltr'><strong>Boecler.</strong></span> 
     </span>
     <span class='ocr_line' id='line_1_71' title="bbox 1195 2662 2081 2716; baseline -0.002 -12"><span class='ocrx_word' id='word_1_356' title='bbox 1195 2663 1371 2716; x_wconf 78' lang='lat' dir='ltr'><strong>Pharas]</strong></span> <span class='ocrx_word' id='word_1_357' title='bbox 1416 2663 1489 2704; x_wconf 88' lang='lat' dir='ltr'><strong>Sie</strong></span> <span class='ocrx_word' id='word_1_358' title='bbox 1523 2663 1707 2715; x_wconf 83' lang='lat' dir='ltr'><strong>restitui,</strong></span> <span class='ocrx_word' id='word_1_359' title='bbox 1737 2662 1857 2703; x_wconf 82' lang='lat' dir='ltr'><strong>libris</strong></span> <span class='ocrx_word' id='word_1_360' title='bbox 1886 2662 2081 2703; x_wconf 84' lang='lat' dir='ltr'><strong>omnibus</strong></span> 
     </span>
     <span class='ocr_line' id='line_1_72' title="bbox 1193 2727 2079 2780; baseline 0.002 -13"><span class='ocrx_word' id='word_1_361' title='bbox 1193 2728 1542 2780; x_wconf 87' lang='lat' dir='ltr'><strong>reclamantibus,</strong></span> <span class='ocrx_word' id='word_1_362' title='bbox 1579 2727 1777 2767; x_wconf 85' lang='lat' dir='ltr'><strong>veritatis</strong></span> <span class='ocrx_word' id='word_1_363' title='bbox 1828 2738 1978 2767; x_wconf 87' lang='lat' dir='ltr'><strong>vocem</strong></span> <span class='ocrx_word' id='word_1_364' title='bbox 2032 2732 2079 2769; x_wconf 87' lang='lat' dir='ltr'><strong>et</strong></span> 
     </span>
     <span class='ocr_line' id='line_1_73' title="bbox 1190 2790 2080 2842; baseline 0 -10"><span class='ocrx_word' id='word_1_365' title='bbox 1190 2791 1382 2842; x_wconf 18' lang='lat' dir='ltr'><strong>*historiae</strong></span> <span class='ocrx_word' id='word_1_366' title='bbox 1399 2791 1527 2832; x_wconf 89' lang='lat' dir='ltr'><strong>fidem</strong></span> <span class='ocrx_word' id='word_1_367' title='bbox 1546 2795 1734 2832; x_wconf 87' lang='lat' dir='ltr'><strong>secutus.</strong></span> <span class='ocrx_word' id='word_1_368' title='bbox 1788 2790 1944 2831; x_wconf 83' lang='lat' dir='ltr'><strong>Pherae</strong></span> <span class='ocrx_word' id='word_1_369' title='bbox 1964 2791 2080 2832; x_wconf 85' lang='lat' dir='ltr'><strong>enim</strong></span> 
     </span>
     <span class='ocr_line' id='line_1_74' title="bbox 1194 2853 2078 2906; baseline 0 -11"><span class='ocrx_word' id='word_1_370' title='bbox 1194 2854 1297 2895; x_wconf 87' lang='lat' dir='ltr'><strong>urbs</strong></span> <span class='ocrx_word' id='word_1_371' title='bbox 1317 2860 1383 2896; x_wconf 91' lang='lat' dir='ltr'><strong>est</strong></span> <span class='ocrx_word' id='word_1_372' title='bbox 1401 2853 1647 2904; x_wconf 76' lang='lat' dir='ltr'><strong>Thessaliae,</strong></span> <span class='ocrx_word' id='word_1_373' title='bbox 1664 2865 1806 2906; x_wconf 89' lang='lat' dir='ltr'><strong>neque</strong></span> <span class='ocrx_word' id='word_1_374' title='bbox 1825 2865 2008 2906; x_wconf 85' lang='lat' dir='ltr'><strong>unquam</strong></span> <span class='ocrx_word' id='word_1_375' title='bbox 2027 2866 2078 2895; x_wconf 87' lang='lat' dir='ltr'><strong>eo</strong></span> 
     </span>
     <span class='ocr_line' id='line_1_75' title="bbox 1192 2916 2080 2959; baseline 0.001 -2"><span class='ocrx_word' id='word_1_376' title='bbox 1192 2918 1359 2958; x_wconf 86' lang='lat' dir='ltr'><strong>colonia</strong></span> <span class='ocrx_word' id='word_1_377' title='bbox 1376 2929 1402 2957; x_wconf 86' lang='lat' dir='ltr'><strong>a</strong></span> <span class='ocrx_word' id='word_1_378' title='bbox 1420 2916 1756 2959; x_wconf 72' lang='lat' dir='ltr'><strong>Lacedaemoniis</strong></span> <span class='ocrx_word' id='word_1_379' title='bbox 1787 2916 1973 2957; x_wconf 86' lang='lat' dir='ltr'><strong>deducta</strong></span> <span class='ocrx_word' id='word_1_380' title='bbox 1998 2923 2080 2959; x_wconf 78' lang='lat' dir='ltr'><strong>est.</strong></span> 
     </span>
    </p>
   </div>
   <div class='ocr_carea' id='block_1_11' title="bbox 1184 2980 2079 3022">
    <p class='ocr_par' dir='ltr' id='par_1_17' title="bbox 1184 2980 2079 3022">
     <span class='ocr_line' id='line_1_76' title="bbox 1184 2980 2079 3022; baseline 0.001 -1"><span class='ocrx_word' id='word_1_381' title='bbox 1184 2981 1357 3022; x_wconf 83' lang='lat' dir='ltr'><strong>Pharas</strong></span> <span class='ocrx_word' id='word_1_382' title='bbox 1373 2986 1517 3020; x_wconf 88' lang='lat' dir='ltr'><strong>autem</strong></span> <span class='ocrx_word' id='word_1_383' title='bbox 1527 2985 1831 3020; x_wconf 87' lang='lat' dir='ltr'><strong>commemorat</strong></span> <span class='ocrx_word' id='word_1_384' title='bbox 1843 2980 2079 3022; x_wconf 83' lang='lat' dir='ltr'><strong>Pausanias</strong></span> 
     </span>
    </p>
   </div>
   <div class='ocr_carea' id='block_1_12' title="bbox 1187 3039 2082 3541">
    <p class='ocr_par' dir='ltr' id='par_1_18' title="bbox 1187 3039 2082 3541">
     <span class='ocr_line' id='line_1_77' title="bbox 1188 3039 2082 3094; baseline 0.001 -10"><span class='ocrx_word' id='word_1_385' title='bbox 1188 3044 1231 3084; x_wconf 90' lang='lat' dir='ltr'><strong>in</strong></span> <span class='ocrx_word' id='word_1_386' title='bbox 1276 3043 1476 3085; x_wconf 84' lang='lat' dir='ltr'><strong>Achaicis</strong></span> <span class='ocrx_word' id='word_1_387' title='bbox 1499 3056 1511 3083; x_wconf 87' lang='lat'>:</span> <span class='ocrx_word' id='word_1_388' title='bbox 1551 3040 1665 3091; x_wconf 82' lang='grc' dir='ltr'>Δύμη</span> <span class='ocrx_word' id='word_1_389' title='bbox 1689 3039 1762 3091; x_wconf 80' lang='grc' dir='ltr'><strong>μὲν</strong></span> <span class='ocrx_word' id='word_1_390' title='bbox 1788 3040 1883 3094; x_wconf 72' lang='grc' dir='ltr'><strong>πρὸς</strong></span> <span class='ocrx_word' id='word_1_391' title='bbox 1918 3042 2082 3088; x_wconf 76' lang='grc' dir='ltr'><strong>Ἤλιδος</strong></span> 
     </span>
     <span class='ocr_line' id='line_1_78' title="bbox 1187 3103 2080 3160; baseline 0.001 -14"><span class='ocrx_word' id='word_1_392' title='bbox 1187 3105 1335 3157; x_wconf 73' lang='grc' dir='ltr'>πρώτη·</span> <span class='ocrx_word' id='word_1_393' title='bbox 1347 3105 1449 3157; x_wconf 75' lang='grc' dir='ltr'>μετὰ</span> <span class='ocrx_word' id='word_1_394' title='bbox 1464 3103 1506 3145; x_wconf 81' lang='grc' dir='ltr'><strong>δὲ</strong></span> <span class='ocrx_word' id='word_1_395' title='bbox 1521 3104 1643 3153; x_wconf 74' lang='grc' dir='ltr'>αὐτὴν</span> <span class='ocrx_word' id='word_1_396' title='bbox 1668 3104 1848 3157; x_wconf 80' lang='grc' dir='ltr'><strong><em>Ὤλενος,</em></strong></span> <span class='ocrx_word' id='word_1_397' title='bbox 1866 3105 1931 3146; x_wconf 79' lang='grc' dir='ltr'><strong>καὶ</strong></span> <span class='ocrx_word' id='word_1_398' title='bbox 1945 3107 2080 3160; x_wconf 69' lang='grc' dir='ltr'><strong>Φαραί.</strong></span> 
     </span>
     <span class='ocr_line' id='line_1_79' title="bbox 1192 3159 2082 3222; baseline 0 -12"><span class='ocrx_word' id='word_1_399' title='bbox 1192 3169 1450 3221; x_wconf 86' lang='lat' dir='ltr'><strong>Stephanus.</strong></span> <span class='ocrx_word' id='word_1_400' title='bbox 1469 3166 1604 3220; x_wconf 72' lang='grc' dir='ltr'>Φαραὶ,</span> <span class='ocrx_word' id='word_1_401' title='bbox 1620 3165 1735 3207; x_wconf 82' lang='grc' dir='ltr'>πόλις</span> <span class='ocrx_word' id='word_1_402' title='bbox 1750 3167 1975 3222; x_wconf 77' lang='grc' dir='ltr'><strong><em>Μεσσήνης,</em></strong></span> <span class='ocrx_word' id='word_1_403' title='bbox 1994 3159 2082 3212; x_wconf 70' lang='grc' dir='ltr'><strong>ὅθὲν</strong></span> 
     </span>
     <span class='ocr_line' id='line_1_80' title="bbox 1192 3229 2078 3285; baseline 0.006 -13"><span class='ocrx_word' id='word_1_404' title='bbox 1192 3230 1294 3281; x_wconf 78' lang='grc' dir='ltr'><strong><em>ἦσαν</em></strong></span> <span class='ocrx_word' id='word_1_405' title='bbox 1308 3231 1345 3272; x_wconf 77' lang='grc' dir='ltr'><strong>οἷ</strong></span> <span class='ocrx_word' id='word_1_406' title='bbox 1360 3229 1639 3284; x_wconf 79' lang='grc' dir='ltr'>Ἀφαριτιάδαι.</span> <span class='ocrx_word' id='word_1_407' title='bbox 1655 3230 1742 3272; x_wconf 70' lang='grc' dir='ltr'><strong>ἔστι</strong></span> <span class='ocrx_word' id='word_1_408' title='bbox 1760 3231 1802 3272; x_wconf 81' lang='grc' dir='ltr'><strong>δὲ</strong></span> <span class='ocrx_word' id='word_1_409' title='bbox 1819 3231 1884 3272; x_wconf 78' lang='grc' dir='ltr'><strong>καὶ</strong></span> <span class='ocrx_word' id='word_1_410' title='bbox 1902 3234 2078 3285; x_wconf 77' lang='grc' dir='ltr'><strong><em>Ἀχαίας.</em></strong></span> 
     </span>
     <span class='ocr_line' id='line_1_81' title="bbox 1192 3293 2079 3350; baseline 0.001 -13"><span class='ocrx_word' id='word_1_411' title='bbox 1192 3294 1347 3349; x_wconf 86' lang='lat' dir='ltr'><strong>Itaque</strong></span> <span class='ocrx_word' id='word_1_412' title='bbox 1367 3294 1482 3347; x_wconf 89' lang='lat' dir='ltr'><strong>apud</strong></span> <span class='ocrx_word' id='word_1_413' title='bbox 1507 3295 1621 3336; x_wconf 87' lang='lat' dir='ltr'><strong>Plin.</strong></span> <span class='ocrx_word' id='word_1_414' title='bbox 1638 3293 1714 3336; x_wconf 90' lang='lat' dir='ltr'><strong>lib.</strong></span> <span class='ocrx_word' id='word_1_415' title='bbox 1733 3306 1795 3336; x_wconf 81' lang='lat' dir='ltr'><strong>lv.</strong></span> <span class='ocrx_word' id='word_1_416' title='bbox 1814 3307 1852 3336; x_wconf 93' lang='lat' dir='ltr'><strong>c.</strong></span> <span class='ocrx_word' id='word_1_417' title='bbox 1872 3301 1914 3336; x_wconf 84' lang='grc'><strong>5.</strong></span> <span class='ocrx_word' id='word_1_418' title='bbox 1932 3297 2079 3350; x_wconf 84' lang='lat' dir='ltr'><strong>legen-</strong></span> 
     </span>
     <span class='ocr_line' id='line_1_82' title="bbox 1192 3358 2078 3413; baseline 0 -12"><span class='ocrx_word' id='word_1_419' title='bbox 1192 3361 1294 3401; x_wconf 91' lang='lat' dir='ltr'><strong>dum</strong></span> <span class='ocrx_word' id='word_1_420' title='bbox 1309 3364 1414 3412; x_wconf 85' lang='lat' dir='ltr'><strong>puto</strong></span> <span class='ocrx_word' id='word_1_421' title='bbox 1429 3358 1593 3409; x_wconf 64' lang='lat' dir='ltr'><strong>Phara»,</strong></span> <span class='ocrx_word' id='word_1_422' title='bbox 1607 3370 1690 3399; x_wconf 85' lang='lat' dir='ltr'><strong>non</strong></span> <span class='ocrx_word' id='word_1_423' title='bbox 1708 3358 1877 3399; x_wconf 78' lang='lat' dir='ltr'><strong>Pheroe:</strong></span> <span class='ocrx_word' id='word_1_424' title='bbox 1905 3368 1948 3400; x_wconf 87' lang='lat' dir='ltr'><strong>ct</strong></span> <span class='ocrx_word' id='word_1_425' title='bbox 1963 3362 2078 3413; x_wconf 84' lang='lat' dir='ltr'><strong>apud</strong></span> 
     </span>
     <span class='ocr_line' id='line_1_83' title="bbox 1189 3423 2077 3477; baseline 0 -10"><span class='ocrx_word' id='word_1_426' title='bbox 1189 3426 1388 3477; x_wconf 89' lang='lat' dir='ltr'><strong>Xenoph.</strong></span> <span class='ocrx_word' id='word_1_427' title='bbox 1404 3425 1478 3465; x_wconf 87' lang='lat' dir='ltr'><strong>lib.</strong></span> <span class='ocrx_word' id='word_1_428' title='bbox 1499 3436 1562 3466; x_wconf 77' lang='lat' dir='ltr'><strong>iv.</strong></span> <span class='ocrx_word' id='word_1_429' title='bbox 1575 3424 1630 3464; x_wconf 90' lang='lat' dir='ltr'><strong>de</strong></span> <span class='ocrx_word' id='word_1_430' title='bbox 1649 3423 1739 3464; x_wconf 91' lang='lat' dir='ltr'><strong>reb.</strong></span> <span class='ocrx_word' id='word_1_431' title='bbox 1759 3424 1838 3464; x_wconf 86' lang='lat' dir='ltr'><strong>Gr.</strong></span> <span class='ocrx_word' id='word_1_432' title='bbox 1857 3426 2077 3467; x_wconf 76' lang='grc' dir='ltr'>καταπλεύ-</span> 
     </span>
     <span class='ocr_line' id='line_1_84' title="bbox 1190 3485 2076 3541; baseline -0.002 -11"><span class='ocrx_word' id='word_1_433' title='bbox 1190 3503 1261 3530; x_wconf 77' lang='grc' dir='ltr'><strong>σας</strong></span> <span class='ocrx_word' id='word_1_434' title='bbox 1276 3487 1317 3530; x_wconf 79' lang='grc' dir='ltr'><strong>δὲ</strong></span> <span class='ocrx_word' id='word_1_435' title='bbox 1344 3489 1495 3541; x_wconf 79' lang='grc' dir='ltr'>πρῶτον</span> <span class='ocrx_word' id='word_1_436' title='bbox 1519 3485 1571 3527; x_wconf 79' lang='grc' dir='ltr'><strong>εἰς</strong></span> <span class='ocrx_word' id='word_1_437' title='bbox 1594 3486 1734 3540; x_wconf 74' lang='grc' dir='ltr'><strong><em>Φαρὰς,</em></strong></span> <span class='ocrx_word' id='word_1_438' title='bbox 1757 3485 1901 3536; x_wconf 73' lang='grc' dir='ltr'><strong><em>ἐδῄωσε</em></strong></span> <span class='ocrx_word' id='word_1_439' title='bbox 1927 3488 2076 3540; x_wconf 74' lang='grc' dir='ltr'><strong><em>ταύτην</em></strong></span> 
     </span>
    </p>
   </div>
  </div>
 </body>
</html>
