2306 3900
283 249 374 305 cvi

280 388 411 428 Ordiri
447 390 496 427 ab
533 388 644 427 initio
685 387 729 435 ii,
768 391 789 429 l
840 387 956 426 ordiri
992 388 1162 440 reliquos

333 443 476 495 (vitam
494 442 729 494 reliquorum
748 441 964 494 exponere)
991 441 1062 489 vii,
1082 445 1131 482 11

277 497 387 537 Ordo
423 496 609 547 equestris
643 495 836 548 (dignitas
869 495 1015 534 ordinis
1046 494 1160 548 equ.)

330 562 419 595 xxv,
437 553 489 589 19
517 549 691 588 ordinem
706 562 818 588 suum
838 555 1001 601 uterque
1018 550 1160 589 retine-

330 604 399 642 bat
431 601 503 655 (de
534 603 723 642 ambobus
757 603 911 655 regibus
944 603 1161 655 Spartanis,

330 667 495 708 quorum
521 655 588 695 ille
612 669 660 695 ex
687 656 833 703 Procli,
863 657 926 696 hic
956 669 1005 695 ex
1030 655 1159 710 Eury-

332 709 479 748 sthenis
511 709 660 749 familia
687 723 841 762 semper
867 711 1159 763 surrogabatur)

327 763 420 810 xvii,
441 767 463 803 1
493 764 590 803 ordo
617 763 750 818 (locus
767 764 808 802 in
828 764 1006 817 agmine)
1035 764 1111 810 xiv,
1132 769 1160 805 9

331 817 467 856 ordine
497 830 722 858 enumerare
762 831 853 864 ην,
888 822 940 858 18
985 817 1158 857 omnium

330 871 508 909 ordinum
526 872 703 910 homines
731 885 823 918 ην,
845 875 896 912 13

276 923 437 964 Orestes
455 924 657 964 matricida
683 938 748 972 xv,
767 929 795 965 6

276 977 398 1030 Origo
435 977 572 1016 ultima
607 978 737 1029 stirpis
773 977 966 1018 Romanae
1008 991 1098 1026 xxv,
1134 983 1155 1020 1

328 1031 688 1084 origofamiliarum
716 1046 810 1078 xxv,
831 1036 884 1072 18

275 1085 456 1137 Origines
488 1086 652 1126 Catonis
679 1086 782 1133 xxiv,
801 1090 826 1127 Β
869 1086 1060 1138 (laudatae
1091 1086 1159 1127 Ci-

328 1152 470 1179 cerone
487 1139 527 1178 in
547 1140 671 1179 Bruto
692 1139 766 1192 17)

275 1192 409 1232 Oritur
443 1198 653 1245 tempestas
695 1193 777 1240 xiii,
811 1196 835 1233 3
883 1193 1023 1232 seditio
1050 1194 1159 1242 xviii,

329 1251 382 1287 12
409 1254 515 1286 ortus
533 1249 583 1286 ab
600 1249 676 1287 hoc
703 1247 777 1300 (de
804 1247 966 1300 genere)
996 1261 1085 1295 xm,
1108 1253 1159 1289 18

327 1306 434 1340 ortus
469 1302 640 1354 equestri
675 1301 811 1341 ordine
837 1315 928 1348 xxv,
958 1305 1010 1342 19
1053 1308 1158 1341 crtus

330 1355 546 1407 municipio
576 1355 679 1401 xxiv,
702 1359 725 1395 1

274 1408 422 1448 Ornare
440 1422 567 1448 arcem
596 1408 806 1462 (extruere,
834 1407 1157 1461 κατασκευάζειν,

331 1468 376 1500 ut
395 1462 632 1502 Plutarchus
665 1461 858 1515 loquitur)
887 1476 926 1509 v,
946 1466 972 1502 2
1002 1463 1158 1515 amplis-

329 1516 467 1555 simam
495 1515 872 1568 pulcherrimamque
890 1517 1062 1567 corporis
1081 1516 1159 1555 for-

328 1582 430 1608 mam
464 1569 682 1609 incredibili
714 1570 857 1609 virtute
887 1569 980 1608 belli
1022 1569 1100 1616 xxi,
1133 1574 1156 1610 1

327 1636 467 1662 navem
484 1625 639 1663 armatis
665 1627 747 1670 x,9
783 1623 882 1676 (nisi
910 1624 987 1662 sors
1017 1624 1159 1662 rectius

329 1682 340 1699 ⁶
362 1677 510 1715 onerat'
529 1677 616 1716 heic
636 1677 792 1729 legend.
810 1675 970 1728 Boecl.)
989 1676 1159 1728 aliquem

326 1735 464 1782 torque
500 1736 542 1769 et
577 1730 734 1770 armillis
770 1731 908 1777 aureis,
950 1736 1158 1782 ceteroque

327 1785 434 1836 regio
469 1785 580 1823 cultu
619 1785 698 1832 xiv,
731 1788 755 1825 3
804 1785 974 1836 aliquem
1011 1784 1158 1823 divitiis

328 1838 606 1891 (locupletare,
626 1847 669 1877 ut
687 1837 803 1891 alibi)
831 1837 873 1885 ii,
893 1842 919 1878 2
959 1838 1158 1890 magistra-

327 1897 389 1930 tus
410 1891 648 1944 (volumine
666 1893 774 1932 edito
801 1905 855 1931 sc.
887 1893 938 1931 de.
955 1892 1157 1941 magistra-

327 1944 454 1997 tibus)
482 1959 570 1993 xxv,
585 1950 636 1986 18
666 1946 762 2001 (nisi
779 1946 890 1984 malis
906 1959 996 1986 cum
1014 1946 1156 1986 Vossio

329 2000 407 2051 leg.
426 2000 678 2054 ‘ordinare’).
706 1998 830 2039 ornari
845 2000 1034 2052 insignius
1062 1999 1157 2047 xvii,

329 2056 354 2093 3
396 2053 576 2106 (disting.
595 2054 644 2093 ab
673 2059 685 2078 ‘
700 2053 863 2093 armari?
901 2067 936 2092 v.
955 2067 1059 2107 supr.
1077 2054 1155 2093 Ex·

331 2107 496 2160 ercitus)

274 2161 445 2201 Ornatus
474 2162 705 2213 elephantus
734 2159 840 2207 xxiii,
860 2164 884 2200 3
924 2160 1154 2214 (instructus

327 2217 376 2254 ad
398 2228 583 2267 pugnam.
613 2215 706 2255 alii:
741 2220 752 2238 ‘
775 2215 1006 2267 oneratus’).
1042 2229 1155 2254 orna-

327 2275 389 2307 tus
425 2270 567 2308 vestitu
603 2269 759 2310 militari
787 2269 913 2316 xiv,9
955 2268 1082 2322 (Gell.
1115 2283 1154 2316 v,

325 2325 352 2362 2
393 2328 404 2345 ‘
425 2329 582 2360 ornatus
617 2329 862 2373 armatusque
896 2323 945 2359 ad
978 2323 1154 2373 praelium

325 2375 475 2427 equus.’
494 2376 570 2414 sic:
601 2381 612 2398 ⁸
633 2376 822 2414 exercitus
840 2375 890 2413 ad
910 2375 1083 2426 praelium
1095 2376 1154 2413 in-

325 2434 456 2467 tentus
475 2429 723 2481 ornatusque’
741 2442 807 2480 ap.
824 2427 918 2466 Tac.
933 2427 987 2466 11.
1015 2428 1072 2475 iii,
1086 2432 1154 2475 63,

322 2486 362 2522 2.
391 2482 625 2522 Gebhardus
639 2484 716 2522 huc
730 2482 849 2523 etiarn
864 2481 980 2520 refert
999 2487 1011 2504 ‘
1025 2481 1154 2521 asinos

327 2536 496 2576 ornatos’
527 2548 593 2588 ap.
630 2537 773 2576 Caton.
807 2536 859 2574 de
891 2547 932 2573 re
963 2541 1058 2574 rust.
1087 2536 1154 2575 lib.

326 2594 391 2630 10.
409 2590 542 2630 nescio
560 2602 678 2642 quam
703 2591 817 2630 bene.
845 2601 935 2627 nam
966 2589 1066 2629 Cato
1097 2590 1153 2628 lo-

325 2643 457 2696 quitur
486 2645 537 2683 de
563 2644 682 2683 asinis
715 2643 940 2688 clitellariis,
973 2643 1042 2696 qui
1060 2649 1154 2683 ster-

325 2711 395 2738 cus
414 2703 595 2747 vectant3
625 2699 761 2750 quales
789 2699 831 2737 in
861 2695 945 2735 acie
963 2710 1079 2736 nemo
1097 2698 1152 2736 vi·

322 2750 458 2804 derit).
505 2758 665 2791 ornatus
699 2754 791 2806 (pro
826 2751 934 2791 cultu
962 2750 1153 2802 quolibet,

325 2805 445 2845 etiarn
459 2805 546 2858 vili)
566 2805 695 2852 xvii,8
725 2812 884 2845 ornatus
902 2804 1030 2856 regius
1047 2805 1153 2852 xviii,

324 2862 374 2899 13
403 2872 483 2898 non
514 2860 640 2899 minus
673 2859 888 2900 concinnus
906 2858 946 2896 in
966 2859 1154 2898 brevitate

322 2913 599 2965 respondendi,
627 2926 744 2966 quam
774 2914 816 2953 in
844 2919 1032 2966 perpetua
1069 2926 1153 2952 ora-

322 2966 430 3006 tione
449 2973 607 3006 ornatus
636 2980 700 3014 xv,
719 2972 744 3007 5

273 3019 556 3060 Ornamentum
582 3021 724 3060 habere
753 3022 803 3061 ab
833 3020 926 3074 aliq.
974 3022 1151 3066 honores,

322 3074 548 3126 dignitates,
579 3087 674 3127 opes
694 3075 964 3128 intelliguntur
1017 3087 1106 3119 xxv,
1126 3078 1151 3114 7

322 3128 412 3180 (alii
432 3133 445 3151 ‘
459 3129 807 3168 auctoramentum'
821 3127 1018 3180 mallent).
1038 3140 1151 3166 orna-

323 3187 455 3220 mento
475 3195 560 3222 esse
578 3182 761 3235 principi,
777 3188 944 3237 tyranno
963 3182 1038 3222 &c.
1070 3195 1110 3228 x,
1125 3184 1151 3222 2

323 3233 396 3286 (de
410 3236 489 3274 viro
506 3242 656 3288 promto
672 3236 870 3289 claroque,
889 3236 1003 3289 cujus
1017 3235 1152 3275 indus-

324 3289 394 3326 tria
414 3289 598 3342 pleraque
618 3290 861 3343 negotiorum
881 3290 1062 3344 praeclare
1081 3289 1152 3328 ad-

325 3340 607 3382 ministrantur.
638 3344 798 3397 Boecl.)
1140 3385 1141 3388 ,

273 3394 359 3434 Os:
390 3394 465 3433 oris
500 3399 787 3436 commendatio
816 3398 881 3444 vii,
910 3403 927 3440 l
982 3395 1150 3438 suavitas

324 3461 414 3495 xxv,
435 3451 456 3488 1
487 3448 639 3500 (vultus
660 3451 917 3503 significatur)

1105 262 1309 303 INDEX

1224 386 1327 426 Ossa
1345 387 1486 427 mortui
1502 389 1613 427 uxori
1642 386 1800 428 remissa
1826 386 1933 434 xviii,
1951 392 1978 428 4
2006 402 2107 430 mor·

1278 446 1432 481 tuorum
1449 441 1561 481 uxori
1579 443 1786 495 liberisque
1813 442 1969 481 remissa
1995 443 2107 492 xviii,

1278 498 1329 535 13
1359 508 1447 535 ossa
1465 496 1619 549 sepulta
1646 495 1689 543 ii,
1711 500 1764 536 10
1877 537 1882 541 ⁴

1223 548 1443 589 Ostendere
1478 563 1521 590 se
1557 550 1756 590 inimicum
1782 548 1852 595 vii,
1877 551 1905 589 6
1949 555 2106 589 causam

1276 603 1470 644 adventus
1498 603 1664 656 alicujus
1691 617 1756 651 xv,
1774 606 1801 643 4
1830 615 1964 641 omnes
1981 603 2108 642 exitus

1276 663 1492 710 occupatos
1518 657 1629 704 xxiii,
1659 661 1712 698 12
1762 654 1951 703 ostendit,
1986 668 2029 696 se
2065 657 2107 695 id

1276 710 1480 764 utriusque
1505 711 1634 751 facere
1666 724 1786 751 causa
1813 724 1853 757 x,
1871 713 1898 750 4
1934 709 2108 749 ostendit

1276 777 1317 804 se
1337 764 1437 804 velle
1455 765 1627 817 colloqui
1645 778 1735 804 cum
1759 777 1849 816 rege
1877 764 1931 810 ix,
1948 767 1974 804 3
2004 763 2107 803 sicut

1275 817 1517 857 ostendimus
1531 817 1811 870 (narravimus)
1838 817 1955 864 xvi‚5
1987 817 2105 856 alibi:

1277 877 1322 909 ut
1340 870 1580 910 ostendimus
1598 884 1715 923 supra
1740 871 1832 918 xvii,
1861 874 1885 910 1
1926 869 2108 924 (Scilicet

1276 925 1420 964 utimur
1447 925 1524 964 hoc
1556 924 1704 971 Verbo,
1732 925 1893 977 quando
1922 936 2004 963 rem
2034 924 2106 963 ali-

1277 991 1395 1029 quam
1421 979 1666 1031 exponimus,
1695 978 1951 1025 declaramus,
1977 989 2106 1017 narra·

1275 1045 1377 1078 inus,
1397 1033 1606 1086 testamur)
2029 1051 2036 1055 ⁴

1222 1086 1482 1126 Ostracismus
1523 1100 1562 1134 ν,
1595 1090 1620 1127 3
1683 1084 1925 1139 (Dicebatur
1973 1089 2106 1124 autem

1275 1140 1549 1188 Ostracismus,
1578 1141 1655 1187 vel,
1684 1138 2006 1186 Exostracismus,
2025 1139 2107 1177 exi-

1275 1193 1368 1233 lium
1389 1195 1604 1234 decennale
1621 1194 1862 1240 testularum,
1888 1203 1977 1244 quae
1995 1191 2107 1232 Grae-

1275 1247 1332 1287 cis
1358 1247 1546 1301 ὄστρακα,
1575 1248 1767 1300 suffragiis
1794 1246 1844 1300 (i.
1862 1259 1898 1285 e.
1917 1244 2106 1298 inscripto

1275 1302 1385 1341 testis
1414 1303 1608 1341 multandi
1639 1301 1820 1353 nomine)
1850 1299 1928 1339 illis
1962 1299 2106 1352 irroga-

1275 1362 1372 1402 tum,
1405 1369 1569 1409 quorum
1596 1354 1764 1396 Athenis
1790 1352 1970 1407 potentia
1986 1353 2107 1397 nimia

1274 1409 1495 1457 videbatur,
1521 1417 1562 1450 et
1579 1411 1654 1450 hoc
1672 1415 1790 1462 pacto
1806 1408 1857 1447 ad
1875 1407 2107 1446 democrati-

1274 1475 1333 1502 cae
1361 1463 1595 1516 aequalitatis
1613 1469 1755 1503 statum
1773 1461 2106 1512 contemperanda

1272 1515 1349 1556 &c.
1380 1518 1461 1556 vid.
1484 1518 1684 1558 Plutarch.
1714 1517 1755 1555 in
1786 1513 1974 1561 Aristide,
2000 1513 2106 1554 The-

1274 1570 1377 1609 mist.
1411 1577 1453 1610 et
1484 1577 1615 1610 cetera
1642 1570 1779 1610 Lamb.
1805 1573 1940 1607 notata
1967 1567 2010 1605 in
2035 1568 2106 1607 vit.

1271 1623 1459 1662 Themist.
1510 1624 1650 1664 Telum
1668 1623 1726 1670 id,
1745 1629 1791 1662 ut
1808 1621 1904 1668 dixi,
1922 1622 2106 1661 adversus

1276 1677 1517 1715 dominatum
1535 1692 1543 1715 :
1575 1678 1658 1724 sed,
1682 1683 1727 1715 ut
1744 1681 1803 1716 est
1821 1675 1960 1729 genius
1976 1687 2103 1727 popu-

1271 1730 1363 1769 laris
1394 1731 1597 1777 libertatis,
1632 1731 1936 1782 intemperanter
1970 1729 2104 1768 haberi

1275 1791 1461 1839 coeptum,
1490 1791 1609 1837 atque
1638 1786 1681 1833 in
1708 1784 1859 1822 virtutis
1883 1782 2103 1822 clarissimae

1274 1837 1434 1890 injurias
1459 1851 1702 1885 conversum,
1731 1838 1841 1891 quod
1872 1836 2105 1884 Aristoteles

1274 1893 1431 1931 innuit:
1461 1895 1749 1939 στασιαστικῶς
1764 1891 1842 1944 ’γὰρ
1859 1890 2032 1943 ἐχρῶντο
2063 1891 2103 1931 αἱ

1272 1945 1421 1987 πόλεις.
1442 1946 1520 1985 vid.
1538 1947 1672 1999 Sigon.
1690 1948 1741 1986 de
1757 1945 1864 1998 Rep.
1882 1943 2029 1985 Athen.
2061 1944 2105 1992 ii,

1274 2004 1314 2041 4.
1343 2001 1524 2040 Diximus
1552 2001 1701 2054 aliquid
1720 2001 1793 2040 hac
1812 1999 1863 2038 de
1881 2011 1922 2038 re
1939 1998 1982 2036 in
1999 2011 2103 2038 com-

1274 2061 1435 2094 mentar.
1455 2067 1545 2107 pag.
1563 2059 1630 2097 63.
1648 2061 1690 2094 et
1706 2067 1816 2107 seqq.
1835 2051 1995 2106 Boecl.)

1219 2108 1424 2155 Otacilius,
1444 2108 1491 2148 L.
1510 2108 1664 2156 Pilitus,
1681 2109 1715 2148 F
1716 2122 1745 2148 r.
1765 2112 1792 2148 6

1219 2163 1356 2202 Otium
1387 2169 1538 2202 tanturn
1570 2169 1654 2202 tota
1684 2162 1820 2202 Africa
1852 2159 2038 2207 reddidit,
2058 2166 2103 2198 nt

1273 2216 1424 2257 nullum
1442 2216 1518 2255 &c.
1550 2217 1624 2270 (de
1653 2222 1757 2256 statu
1785 2223 1827 2256 et
1854 2214 1954 2254 facie
1973 2213 2102 2266 pacis)

1240 2319 1242 2321 ‚
1273 2271 1366 2316 xxii,
1386 2274 1411 2311 2
1453 2271 1517 2310 Sic
1535 2285 1544 2308 ε
1575 2284 1623 2310 ex
1643 2271 1809 2310 maximo
1827 2268 1932 2308 bello
1949 2273 2102 2306 tanturn

1273 2324 1395 2361 otium
1416 2324 1488 2362 toti
1506 2324 1643 2363 insulae
1662 2322 1899 2368 conciliavit,
1917 2328 1963 2360 ut
1988 2333 2053 2367 xx,
2074 2324 2100 2361 3

1272 2375 1342 2415 otii
1357 2377 1514 2416 nomine
1526 2377 1750 2416 servitutem
1762 2375 1970 2416 conciliare
1997 2387 2060 2421 xv,
2075 2379 2099 2414 5

1563 2537 1683 2575 .P.

1218 2642 1356 2683 Pactio
1384 2644 1477 2692 xvii,
1496 2647 1522 2685 2
1562 2643 1791 2698 (Existimat
1812 2643 1853 2681 h.
1872 2641 1898 2681 l.
1916 2642 1988 2682 Vir
2005 2642 2100 2682 doc-

1272 2698 1439 2737 tissimus
1458 2698 1691 2750 praecipuam
1709 2697 1879 2748 aliquam
1898 2696 2100 2748 paciscen-

1270 2753 1332 2790 dae
1351 2752 1531 2792 amicitiae
1549 2753 1736 2791 rationem
1755 2757 1799 2789 ut
1817 2749 1993 2789 inducias
2021 2750 2098 2802 sig-

1272 2806 1432 2845 nificari.
1488 2805 1613 2852 Quasi
1662 2817 1763 2844 verae
1810 2803 1982 2843 induciae
2017 2816 2099 2843 non

1269 2860 1427 2907 fuerint,
1446 2872 1545 2912 quas
1567 2873 1655 2899 cum
1672 2858 1930 2911 Tissapherne
1949 2856 2100 2910 pepigit

1269 2911 1489 2964 Agesilaus.
1519 2913 1671 2953 Referri
1703 2917 1833 2952 autem
1861 2916 1874 2934 ‘
1894 2910 2100 2964 pactionis'

1271 2980 1346 3005 vox
1365 2968 1414 3006 ad
1430 2967 1706 3020 jusjurandum
1724 2967 1856 3012 debet,
1873 2965 1980 3017 quod
1994 2970 2099 3004 nter-

1238 3058 1243 3062 .
1269 3033 1348 3072 que
1383 3022 1560 3068 dederat,
1596 3034 1638 3061 se
1673 3020 1757 3060 sine
1791 3020 1885 3058 dolo
1921 3018 2097 3058 inducias

1268 3080 1598 3122 conservaturum,
1626 3075 1660 3114 si
1695 3075 1745 3113 ad
1782 3072 1887 3125 ipsas
1917 3071 2097 3112 inducias

1269 3141 1348 3166 non
1367 3128 1532 3182 potest).
1565 3128 1811 3181 pactionibus
1831 3125 1940 3165 talib.
1959 3137 2098 3180 pacem

1268 3181 1396 3222 facere
1414 3182 1531 3230 velle,
1566 3189 1609 3221 ut
1639 3180 1966 3236 (conditionibus,
1999 3179 2095 3232 legi-

1268 3236 1341 3274 bus
1392 3250 1430 3282 x,
1450 3240 1475 3276 6

1214 3303 1262 3329 ex
1282 3235 1406 3328 Pagto
1421 3289 1490 3343 (ex
1509 3289 1784 3336 conventione,
1799 3301 1847 3327 ex
1865 3292 1982 3340 pacto
2000 3294 2095 3331 οφ·

1266 3349 1399 3390 vento,
1419 3343 1523 3383 κατὰ
1539 3341 1751 3396 συνθήκην)
1778 3341 1808 3389 i,
1827 3345 1854 3382 2

1213 3396 1366 3450 Pactye
1386 3398 1498 3450 (urbs
1513 3395 1713 3450 Thraciae)
1742 3394 1808 3444 vii,
1828 3398 1855 3436 7

1215 3451 1346 3490 Padus
1365 3450 1404 3489 fl.
1434 3449 1541 3498 xxiii,
1559 3454 1600 3491 4.
1618 3454 1644 3490 6
