2306 3900
658 279 847 320 xvnr.
912 279 1249 332 numanum,
1291 283 1425 323 οΑΡ.
1462 268 1516 322 2.

161 398 409 452 Mecum,
429 410 526 442 cum
543 410 628 452 quo
647 397 746 439 Rex
766 397 908 438 omnia
924 397 1055 438 etiam

165 464 414 516 gravissima
429 463 602 516 negotia
613 461 973 512 communicabat,
990 461 1056 501 fu·

164 529 248 568 isse
274 526 447 581 proditt
477 527 588 567 tales
615 525 743 566 hodie
761 525 1054 566 cancellarios

165 596 340 632 vocant.
354 590 525 641 Longae.
556 587 767 630 Arrianus
781 588 856 629 lib.
871 600 917 628 v.
935 602 1056 641 γραμ-

163 651 293 702 ματέα
317 653 512 706 appellat
537 652 818 704 simpliciter:
847 649 984 703 Θάψας
1000 650 1058 700 δὲ,

164 717 216 758 ὡς
232 716 348 768 νόμος
364 716 486 768 αὐτῷ,
514 714 608 756 τοὺς
623 714 958 766 τελευτήσαντας,
984 715 1056 755 Εὐ-

163 779 261 830 μένη
285 780 359 820 τὸν
375 778 607 833 γραμματέα
626 777 812 830 ἐκπέμπει
840 779 880 821 ἐς
899 778 971 820 τὰς
989 777 1057 819 δύο

164 842 313 895 πόλεις,
321 842 391 884 τὰς
399 842 707 896 συναφεστῶσας
716 845 798 884 τοῖς
813 842 1058 894 Σαγγάλοις,

164 909 248 948 &c.
270 906 458 948 Lambin.
507 906 660 949 Qualis
675 906 915 947 Amenides
931 907 1058 948 Darii

165 969 281 1022 apud
313 970 511 1011 Curtium
543 969 620 1010 lib.
646 982 730 1011 vu.
750 974 791 1012 3.
849 970 1058 1012 Mullinus

165 1032 406 1075 Alexandri
438 1046 510 1086 ap.
531 1033 660 1074 eund.
683 1045 784 1075 vm.
803 1037 845 1074 2.
902 1035 1057 1075 Erant-

166 1109 251 1150 que
270 1109 325 1138 ex
344 1095 492 1138 amicis
512 1097 660 1148 Regis,
690 1102 740 1136 ut
759 1095 891 1136 tradit
913 1095 1056 1137 Arria-

164 1171 258 1202 nus.
312 1159 565 1212 nequibas
594 1159 789 1200 disertim
807 1159 1056 1200 Brissonius

164 1223 240 1265 lib.
257 1235 291 1264 1.
321 1228 368 1263 et
396 1224 526 1275 Casp.
556 1222 762 1263 Barthius
794 1223 838 1262 in
870 1221 1054 1264 Advers.

163 1284 239 1328 lib.
259 1297 292 1327 ι.
313 1289 351 1327 1.
403 1286 461 1327 Τὰ
478 1286 619 1327 scriboe
640 1287 720 1328 loco
739 1285 795 1327 ab
814 1285 1054 1340 interprete

164 1348 324 1402 potius,
365 1361 494 1402 quam
543 1349 598 1390 ab
644 1354 822 1391 auctore
860 1349 1057 1402 profecta

163 1423 355 1455 censeo.
393 1411 510 1456 Quid
529 1412 643 1452 enim
664 1412 780 1452 aliud
801 1418 870 1453 est
894 1415 947 1453 ad
974 1426 1054 1454 ma-

164 1487 258 1516 num
274 1474 431 1528 habere,
455 1475 540 1516 nisi
556 1474 694 1516 scribae
713 1474 828 1517 loco?
858 1477 930 1517 Sic
956 1489 1055 1517 mox

162 1550 314 1591 renea,
345 1543 392 1581 et
418 1543 589 1590 utsunt,
616 1538 812 1591 ejusdem
842 1538 1055 1591 significa·

165 1601 296 1643 tionis
323 1607 439 1654 sunt,
467 1608 599 1657 atque
627 1604 884 1645 alterutrum
920 1603 1056 1644 abun-

166 1666 269 1710 dare
290 1667 476 1710 videtur.

185 1760 189 1763 -
221 1730 332 1773 Nam
358 1733 464 1784 apud
492 1732 581 1785 uos]
610 1733 664 1774 Id
690 1745 742 1773 ex
763 1731 961 1773 Verriuis
983 1731 1056 1772 Ci-

166 1794 335 1834 ceronis
354 1799 400 1836 et
419 1794 594 1836 Horatii
611 1795 876 1835 sermonibus
897 1794 1056 1836 nemini

167 1869 253 1899 non
272 1863 340 1899 est
358 1863 523 1900 uotum.
551 1858 721 1909 Lougoi.

220 1922 466 1963 Mer-cenarit·
487 1922 628 1963 scribe
645 1921 946 1975 existimantur]
974 1921 1056 1963 Lo-

166 1986 314 2039 quitur
332 1986 482 2039 Nepos
501 1987 556 2027 de
571 1986 783 2039 ejusmodi
802 1986 969 2038 scribis,
983 1986 1057 2040 qui

166 2050 295 2092 hodie
315 2051 554 2102 secretarii,
579 2051 621 2091 in
641 2063 892 2103 magnarum
914 2056 1056 2103 potes-

167 2121 307 2159 tatum
333 2115 523 2156 consiliis
550 2114 767 2155 habentur
794 2113 914 2168 (nam
942 2113 1056 2166 quod

166 2178 440 2230 secretarius,
453 2178 590 2231 quivis
605 2175 1059 2228 mercenariuspcriba

168 2246 215 2282 et
244 2241 413 2282 servilis
439 2252 586 2294 operae
617 2240 815 2281 minister
845 2239 1059 2292 appellari

166 2306 304 2359 cupit,
333 2304 484 2346 abusui
518 2304 636 2346 vocis
673 2302 879 2355 dandum,
910 2314 1058 2343 omnes

167 2367 345 2422 scimus)
360 2368 459 2409 ideo
475 2368 662 2421 requirit
680 2367 734 2408 ad
753 2367 834 2408 boc
855 2364 1058 2422 officium,

169 2435 208 2474 1.
226 2430 405 2473 familiae
424 2432 722 2474 honestatem:
752 2435 794 2472 2.
814 2434 1058 2484 spectatam

171 2495 444 2550 industriam,
462 2496 506 2537 id
521 2502 603 2549 est,
623 2494 890 2547 ἐπιδεξιότητα
909 2495 952 2535 ἑν
969 2495 1059 2536 ταῖς

167 2561 246 2600 τῶν
262 2558 432 2612 πράξεων
450 2558 733 2613 ἐπιχειρήσεσι,
753 2558 1058 2612 promptitudi-

167 2636 267 2665 nem
302 2625 600 2675 exercitatam,
642 2623 779 2676 qualis
823 2621 868 2661 in
913 2634 1058 2663 rerum

168 2692 270 2730 actu
307 2687 462 2728 dextre
497 2686 724 2728 tractando
761 2685 984 2726 laudatur:
1018 2688 1059 2727 3.

168 2748 316 2791 fidem.
372 2749 645 2803 Dignitatem
677 2747 808 2789 officii
839 2747 1055 2789 ostendit:

170 2816 209 2853 l.
256 2811 596 2853 honorificentiae
635 2811 789 2852 titulo:
837 2813 878 2851 2.
920 2810 1058 2863 gradu

170 2875 372 2916 amicitiae
393 2875 541 2927 regiae,
571 2887 668 2928 quae
689 2874 894 2926 majorum
914 2885 1057 2915 rerum

169 2939 377 2980 ministris
413 2939 506 2979 scil.
545 2938 778 2980 tribuitur:
818 2940 858 2978 3.
893 2938 1056 2978 intimae

169 3002 471 3043 familiaritatis
497 3014 592 3043 cum
615 3014 718 3054 rege
737 3001 1058 3043 consuetudine.

170 3067 329 3108 Munus
358 3066 497 3119 ipsum
529 3066 837 3119 complectitur
865 3065 1058 3119 generali

171 3130 462 3182 expressione.
530 3130 684 3172 Scriba
734 3130 833 3172 talis
869 3131 1058 3172 omnium

172 3191 445 3234 consiliorum
474 3199 542 3233 est
570 3193 807 3245 particeps.
841 3194 1058 3236 Boeclerus.

172 3255 302 3308 Apud
333 3255 552 3295 Romanos
584 3255 725 3296 liberti
761 3255 855 3296 fere
890 3256 1059 3307 scribae,

171 3320 272 3373 quia
298 3319 562 3360 dominorum
597 3318 768 3359 nomina
799 3318 1055 3360 induerant:

174 3383 236 3423 sic
268 3382 331 3423 Μ.
350 3382 518 3423 Tullius
538 3383 704 3422 Laurea
731 3380 916 3422 fortasse
936 3382 1059 3423 Cice·

176 3445 288 3485 ronis
306 3445 504 3496 libertus,
523 3445 578 3485 de
598 3456 681 3498 quo
702 3445 840 3497 Epist.
863 3443 918 3484 ad
940 3445 1058 3486 Fam.

175 3508 248 3550 lib.
269 3519 311 3549 v.
331 3511 399 3550 2⁰.
448 3509 585 3552 Plura
601 3509 654 3550 de
674 3508 827 3550 scribis
846 3509 890 3551 in
911 3508 1058 3550 Verri-

247 3630 252 3635 ·
283 3575 426 3629 Delph.
441 3580 478 3617 et
501 3576 596 3618 Var.
613 3577 720 3619 Clas.

1048 3575 1152 3628 Nep.

1896 268 2004 322 609

1116 399 1180 440 nis
1202 398 1459 440 actionibus.
1517 399 1588 439 De
1614 395 1810 439 Notariis
1837 407 1940 437 vero
1960 402 2006 437 et

1118 462 1421 504 tabellionibus
1443 461 1656 503 Ausonius
1672 466 1719 502 et
1738 460 2006 501 Wouwerius

1117 524 1161 564 in
1192 524 1466 577 Polymathia
1502 530 1549 565 et
1580 524 1765 566 Johann.
1794 523 2005 564 Brodaeus

1119 588 1306 628 Miscell.
1326 599 1390 629 xv.
1409 591 1451 629 9.
1465 587 1679 642 actionus.

1173 651 1251 692 Ino
1279 649 1507 701 interfecto]
1534 649 1576 692 A
1606 651 1837 692 Pausania.
1893 649 2007 690 Vide

1118 713 1233 755 infra
1269 715 1342 755 De
1380 714 1601 766 Regibus..
1666 714 1862 766 Contigit
1899 714 2007 754 illud

1120 778 1370 831 Olympiad.
1389 789 1483 820 cxi.
1505 790 1606 818 ann.
1625 782 1664 818 1.
1697 779 1911 818 Eumenes
1932 790 2006 818 au-

1122 847 1208 882 tem
1230 841 1386 894 regulis
1413 846 1532 882 tutor
1557 840 1687 881 datur
1708 840 1884 892 Olymp.
1902 852 2006 881 cxv.

1114 916 1214 945 ann.
1235 908 1274 946 1.
1305 904 1546 955 chronolog.

1172 965 1350 1016 Praesuit
1386 969 1507 1008 etiam
1543 966 1664 1007 alteri
1699 965 1875 1018 equitum
1911 967 2005 1018 alae]

1118 1031 1270 1072 Alteroe
1289 1036 1383 1072 erat
1408 1031 1452 1071 in
1471 1031 1574 1072 Vet.
1593 1029 1754 1071 Codice
1776 1029 1945 1070 Gifanii
1961 1038 2008 1071 et

1118 1101 1264 1136 nostro
1289 1096 1498 1148 ἀρχαϊκῶς,
1527 1101 1576 1136 ut
1604 1107 1693 1135 unae
1719 1106 1796 1146 pro
1823 1094 1894 1135 uni
1923 1094 2007 1134 Lu-

1118 1159 1280 1199 cretius
1298 1159 1425 1201 dandi
1446 1171 1564 1211 casu,
1593 1163 1642 1200 ut
1670 1157 1832 1199 ibidem
1858 1158 2007 1199 docuit

1119 1222 1336 1266 Gifanius.
1362 1223 1517 1265 Senon.

1176 1287 1276 1333 Quae
1291 1287 1476 1328 hetoerice
1489 1285 1778 1339 appellabatur]
1795 1285 1932 1328 Quasi
1949 1298 2020 1327 so·-

1117 1350 1258 1400 cialis‚·
1298 1350 1342 1390 id
1379 1350 1492 1392 enim
1539 1362 1622 1391 vox
1660 1349 1831 1402 ἑταιρικὴ
1867 1355 2006 1390 sonat.

1118 1414 1369 1467 Longolius,
1391 1413 1572 1454 Eretriae
1589 1413 1726 1464 legit:
1756 1413 1819 1453 sic
1845 1413 2008 1454 dictam

1118 1476 1302 1518 fortasse
1321 1477 1586 1526 existimans,
1618 1476 1672 1518 ab
1704 1476 1893 1529 Eretria,
1923 1477 2009 1517 Eu-

1119 1541 1227 1582 boeae
1267 1541 1419 1582 insulae
1447 1541 1624 1595 oppido.
1677 1541 1765 1582 Sed
1801 1552 1882 1593 ego
1917 1540 2009 1592 ejus

1118 1605 1365 1658 lectionem,
1404 1606 1520 1659 quod
1555 1604 1739 1647 vetustis
1784 1604 2009 1646 codicibus

1119 1682 1204 1710 non
1224 1674 1456 1716 asseratur,
1484 1668 1815 1722 haudquaquam
1850 1678 2009 1720 appro-

1117 1732 1320 1774 baverim.
1348 1734 1527 1784 Magius.
1582 1731 1881 1772 Meminerant
1914 1732 2008 1784 qius

1117 1795 1292 1847 plurimi
1345 1795 1619 1844 Graecorum,
1672 1793 1892 1834 Diodorus
1933 1793 2008 1836 lib.

1118 1869 1256 1900 xvur.
1283 1858 1493 1900 Arrianus
1511 1858 1584 1900 lib.
1602 1870 1666 1900 vt.
1693 1858 1748 1899 de
1769 1858 1898 1899 rebus
1917 1871 2011 1911 ges·

1119 1923 1175 1964 tis
1191 1922 1449 1974 Alexandri,
1468 1928 1514 1964 et
1530 1923 1822 1975 Harpocratio
1842 1922 1886 1963 in
1903 1935 2007 1964 voce

1116 1985 1360 2040 πεζαίτερος.
1415 1985 1562 2039 Atque
1581 1986 1643 2026 ita
1662 1986 1903 2027 vocabatur
1931 1987 2006 2028 ho-

1118 2049 1235 2090 noris
1255 2061 1408 2090 caussa
1426 2050 1496 2090 ala
1515 2049 1709 2102 equitum
1729 2050 1842 2102 apud
1863 2051 2010 2093 Mace·

1119 2113 1268 2166 dones,
1284 2114 1339 2155 ab
1355 2113 1549 2155 amicitia
1567 2118 1614 2153 et
1627 2114 1760 2154 veluti
1775 2113 2007 2155 sodalitate

1119 2191 1250 2231 regia.

1172 2243 1284 2284 CAP.
1303 2246 1345 2284 2.
1372 2242 1603 2283 Alexandro
1619 2240 1822 2295 Babylone
1836 2241 2007 2294 mortuo]

1121 2305 1372 2359 Olympiad.
1400 2316 1526 2346 cmv.
1546 2316 1640 2345 ann.
1665 2308 1704 2346 1.
1759 2304 1874 2344 Vide
1892 2303 2008 2345 infra

1119 2371 1190 2414 De
1212 2369 1420 2423 Regibus.

1177 2434 1278 2474 Cum
1306 2446 1428 2485 regna
1449 2434 1618 2485 singulis
1635 2432 1912 2482 familiaribus
1929 2435 2010 2474 dis-

1115 2497 1380 2549 pertirentur]
1401 2498 1516 2549 Lege
1534 2497 1562 2539 J
1567 2497 1771 2549 osephum
1789 2496 2006 2550 Antiquit.

1119 2560 1194 2600 lib.
1214 2571 1301 2601 xu.
1334 2563 1371 2601 l.
1425 2559 1661 2600 Auctorem
1694 2560 1883 2600 historiae
1909 2561 2006 2600 Ma-

1119 2623 1393 2664 cliabaeorum
1412 2622 1487 2664 lib.
1507 2635 1539 2664 1.
1560 2626 1599 2663 1.
1635 2622 1873 2672 sumnum,
1895 2622 2010 2662 Oro·

1120 2686 1227 2727 sium
1244 2697 1317 2727 111.
1351 2684 1598 2737 Attianum,
1611 2686 1861 2737 Dexippum
1875 2684 2008 2725 Athe-

1120 2750 1312 2790 niensem
1337 2749 1399 2790 ·de
1428 2748 1556 2789 rebus
1584 2753 1684 2800 post
1708 2747 2005 2789 Alexandrum

1119 2812 1164 2853 iu
1203 2812 1351 2854 Photii
1387 2812 1649 2853 bibliotheca
1685 2825 1783 2865 pag.
1824 2816 1916 2853 115.
1959 2818 2007 2853 et

1120 2875 1350 2917 Arrianum
1378 2875 1483 2917 ibid.
1515 2888 1616 2929 pag.
1651 2879 1743 2917 123.
1772 2882 1816 2916 et
1851 2876 2014 2928 passim

1119 2941 1235 2981 alios.

1177 3003 1255 3044 Cui
1266 3003 1494 3044 Alexander
1507 3004 1675 3044 moriens
1688 3003 1873 3043 annulum
1891 3015 2006 3043 suum

1118 3066 1300 3119 dederat]
1328 3067 1525 3109 Justinus
1544 3066 1618 3107 lib.
1635 3077 1719 3106 xu.
1741 3070 1806 3107 15.
1834 3070 1846 3088 ⁶
1869 3066 2005 3105 Sexto

1120 3130 1192 3172 die
1213 3131 1424 3183 praeclusa
1444 3142 1568 3180 voce,
1600 3134 1848 3179 exemptum
1868 3128 2006 3179 digito

1120 3195 1292 3234 anulum
1314 3193 1542 3234 Perdiccae
1573 3191 1780 3232 tradidit:
1811 3202 1908 3243 quae
1935 3203 2005 3231 res

1120 3258 1374 3310 gliscentem
1422 3256 1654 3296 amicorum
1697 3252 2006 3295 dissensionem

1120 3320 1316 3362 sedavit)
1373 3319 1601 3360 Consentit
1619 3316 1835 3357 Lucianus
1856 3317 1899 3358 in
1914 3317 2005 3358 dia-

1119 3385 1215 3436 logo
1238 3382 1448 3435 Diogenis
1482 3387 1528 3422 et
1552 3379 1813 3431 Alexandr13
1840 3380 2005 3433 Dexip-

1120 3458 1201 3498 pus
1222 3445 1338 3498 apud
1359 3444 1607 3496 Eusebium,
1625 3443 1815 3496 Curtius,
1843 3450 1889 3486 et
1910 3445 2006 3485 reli·

1121 3508 1208 3563 qui.
1266 3509 1333 3549 Ex
1361 3508 1443 3551 hoc
1469 3513 1572 3550 actu
1598 3514 1644 3550 et
1677 3508 1771 3549 aliis
1797 3510 2003 3561 exemplis

1800 3577 1894 3617 20
