2306 3900
314 214 533 267 cxxxvi

375 351 538 390 studiosi
569 349 730 391 Catonis
759 349 849 402 (qui
879 355 1056 390 tenentur
1086 351 1197 404 cupi·

374 405 497 444 ditate
515 405 664 443 notitiae
683 403 848 455 Coton.)
876 405 982 451 xxiV,
1000 408 1025 444 8

321 457 566 497 studiosius:
607 470 687 511 quo
723 456 931 497 studiosius
964 463 1198 497 armarentur

374 512 468 558 xvii,
487 515 512 551 8

321 565 498 604 Suavitas
533 562 609 603 oris
639 576 687 604 ac
716 563 823 605 vocis
850 578 940 612 xxv,
959 568 983 606 l
1012 564 1198 603 sermonis

375 617 504 657 Latini
531 631 620 664 xxv,
636 620 664 658 4

320 670 402 710 Sub
433 678 539 711 tuam
569 677 803 724 potestatem
830 684 872 712 se
901 669 1112 723 adjuvante
1137 684 1197 710 re-

374 725 578 764 dacturum
597 726 804 777 pollicetur
821 731 987 765 ceteram
1006 723 1196 764 Graeciam

374 777 430 825 iv,
447 782 474 818 2
515 779 588 817 sub
606 779 698 818 divo
724 779 778 826 iv,
797 783 822 818 5
853 779 956 831 (vid.
983 791 1098 830 supra
1122 778 1197 816 Di-

375 830 502 883 vum).
527 832 598 870 sub
616 831 778 884 imperio
796 831 960 884 alicujus
979 845 1063 871 esse
1090 831 1197 878 xviii,

375 888 400 924 7
430 886 501 923 sub
520 885 712 924 radicibus
731 885 871 925 montis
890 884 954 938 (in
972 885 1048 923 ima
1065 884 1196 937 parte)

376 937 405 984 i,
424 943 447 977 5
478 939 551 976 sub
570 938 657 990 ipsa
673 938 954 990 proscriptione
973 939 1080 990 (ipso
1100 945 1197 976 tem-

375 1004 471 1042 pore
490 992 713 1044 proscript.)
743 1005 830 1038 xxm,
852 996 903 1032 12
932 992 1016 1044 (Sic
1039 1004 1198 1043 quoque

376 1044 585 1083 Suetonius
605 1046 746 1085 Claud.
764 1049 817 1085 48
847 1051 858 1068 ‘
874 1046 945 1084 sub
959 1044 1196 1084 exitu'vitaess

375 1098 510 1136 Florus
538 1098 579 1144 ii,
615 1102 664 1139 11
708 1105 719 1121 ‘
744 1100 818 1138 sub
844 1100 1015 1137 adventu
1048 1098 1197 1137 hostis!

374 1151 532 1203 aliique.
550 1151 644 1191 Vid.
662 1152 817 1192 Buchn.
834 1152 950 1192 Thes.
970 1165 1007 1191 v.
1026 1152 1128 1203 Sub)

322 1202 507 1244 Snbalare
537 1206 657 1244 telum
680 1206 809 1259 (quod
826 1206 898 1245 sub
917 1205 988 1245 alis
1005 1204 1198 1258 gestatur)

375 1258 442 1306 vii,
464 1262 514 1298 10

321 1310 544 1351 Subducere
562 1325 604 1351 se
622 1311 721 1352 clam
740 1313 790 1351 ab
808 1312 940 1364 aliquo
967 1312 1034 1358 vii,
1052 1315 1079 1352 4

321 1365 511 1405 Subesse:
540 1378 621 1404 non
653 1368 785 1405 subest
814 1379 944 1411 causa,
975 1379 1094 1417 quare
1121 1363 1197 1404 &c.

377 1419 443 1466 vii,
465 1423 487 1458 1
517 1420 590 1459 hac
604 1433 644 1458 re
662 1421 809 1465 audita,
827 1420 923 1458 nihil
943 1418 1025 1457 doli
1044 1420 1198 1457 subesse

374 1473 550 1519 credenS,
580 1473 756 1512 conflixit
781 1473 825 1520 ii,
842 1477 868 1513 4
897 1473 1052 1512 subesse
1078 1471 1199 1524 (infra

378 1525 483 1577 esse)
511 1525 578 1572 xii,
595 1529 621 1566 4

322 1578 509 1630 Subigere
546 1585 682 1630 gentes
724 1579 817 1626 xxii,
849 1582 876 1619 4
922 1584 1058 1630 gentes
1094 1577 1198 1617 bello

376 1633 484 1678 xxiii,
504 1636 543 1672 3.
571 1631 655 1678 xiii,
674 1636 697 1672 l

319 1685 520 1737 subjicere
549 1685 697 1736 aliquid
714 1685 786 1723 sub
805 1684 1007 1737 pulvinum
1033 1683 1199 1736 (suppo-

377 1751 468 1778 nere
494 1738 678 1791 Pulvino)
704 1738 780 1785 xvi,
799 1743 824 1779 3
855 1738 1044 1790 subjicere
1062 1738 1202 1777 librum

376 1792 487 1844 (loco
516 1792 672 1831 alterius
699 1805 858 1844 ponere,
878 1791 1120 1846 supponere)
1150 1792 1202 1839 vi,

321 1898 510 1946 Subinde,
530 1899 592 1938 Fr.
613 1903 638 1940 3
671 1917 682 1934 ¹-

321 1951 458 1991 Subire
477 1965 630 2005 poenam
657 1966 720 2000 xv,
740 1957 766 1993 8

321 2005 532 2046 Sublevare
549 2006 718 2058 aliquem
743 2007 798 2054 iv,
815 2009 842 2047 4
870 2005 966 2045 alios
982 2004 1105 2059 (tueri
1123 2006 1201 2045 suis

376 2059 648 2112 facultatibus)
692 2074 756 2108 xv,
792 2063 817 2100 3
871 2060 1004 2112 fugam
1036 2059 1203 2112 alicujus

377 2113 549 2164 pecunia
574 2127 662 2161 xxv,
681 2118 708 2154 2
736 2114 902 2167 patriam
919 2114 995 2167 (sc.
1014 2114 1202 2167 pecunia)

377 2167 471 2214 xvii,
490 2171 516 2207 7

323 2220 541 2260 Subornare
552 2221 722 2274 aliquem
736 2221 918 2260 adversus
927 2219 1097 2272 aliquem
1125 2220 1202 2267 xix,

378 2278 404 2314 2
434 2274 610 2326 (occulte
640 2287 788 2321 ornare,
816 2275 879 2314 vel
895 2274 936 2313 in
962 2273 1118 2313 alterius
1146 2274 1205 2312 lo·

379 2340 469 2366 cum
499 2341 647 2374 ornare,
675 2327 875 2367 instruere.
905 2327 1041 2366 Lamb.
1094 2327 1205 2365 Alias

381 2385 394 2402 ‘
414 2380 637 2418 subornare'
665 2386 724 2418 est
751 2385 763 2402 ‘
783 2380 1023 2431 aliquantum
1041 2379 1204 2426 ornare,’

379 2438 425 2471 ut
454 2433 494 2471 in
526 2433 596 2471 illo
627 2433 787 2471 Senecae
818 2432 945 2484 Epist.
972 2436 1026 2473 24
1055 2438 1067 2457 ⁴
1088 2434 1204 2472 homo

379 2499 462 2524 non
479 2485 668 2532 eruditus,
687 2499 762 2525 nec
779 2485 869 2525 ullis
886 2486 1092 2538 praeceptis
1110 2499 1206 2526 con-

381 2546 440 2578 tra
457 2546 618 2579 mortem
638 2545 707 2578 aut
724 2539 898 2579 dolorem
917 2538 1183 2593 subomatus’)

325 2590 573 2632 Subscribere
600 2596 732 2639 xxv,6
772 2593 844 2632 Est
872 2592 1011 2645 juvare
1047 2606 1207 2633 accusa·

381 2647 541 2685 tionem.
611 2646 801 2686 Primario
843 2647 1060 2686 accusatori
1105 2652 1118 2670 ‘
1146 2647 1208 2686 in·

381 2699 569 2751 scriptio,’
583 2700 812 2740 secundario
838 2701 885 2753 (i.
899 2701 1013 2752 e.qui
1041 2706 1053 2724 ‘
1066 2713 1206 2740 secun-

381 2754 464 2792 das'
477 2760 518 2792 et
544 2759 556 2776 ‘
570 2754 715 2793 tertias'
728 2753 970 2807 susceperat)
987 2759 998 2777 ‘
1011 2755 1206 2806 subscrip-

381 2807 450 2846 tio'
481 2809 743 2859 competebat.
774 2822 812 2846 V.
840 2807 973 2859 Sigon.
1001 2809 1053 2847 de
1077 2807 1206 2860 judic.

381 2860 424 2907 ii,
452 2864 492 2900 9.
533 2861 671 2900 Boecl.
707 2861 816 2900 Add.
845 2861 950 2914 Scip.
982 2860 1132 2901 Gentil.
1163 2861 1206 2900 in

381 2913 505 2966 Apul.
541 2915 699 2967 apolog.
735 2927 826 2967 pag.
861 2919 927 2956 17.
965 2921 1006 2954 et
1041 2928 1123 2968 seq.
1159 2927 1207 2954 ac

378 2967 535 3006 Buchn.
551 2967 667 3007 Thes.

325 3017 508 3059 Subsidio
535 3022 730 3061 adducere
756 3021 945 3061 exercitus
973 3020 1080 3069 xviii,
1099 3026 1126 3062 6
1153 3021 1207 3061 ire

382 3074 499 3113 alicui
528 3074 619 3121 xvii,
638 3079 664 3115 8
692 3074 794 3114 mitti
811 3074 928 3114 alicui
957 3074 1047 3121 vi,3
1077 3076 1208 3115 venire

382 3128 410 3174 i,
431 3134 471 3168 5.
498 3128 566 3174 xii,
584 3133 603 3170 1
634 3128 827 3179 proficisci
846 3128 964 3167 alicui
991 3127 1044 3175 xi,
1064 3132 1089 3168 2
1117 3130 1205 3167 sub·

383 3180 483 3219 sidia
494 3182 636 3221 habere
650 3194 729 3219 non
745 3188 895 3233 poterat
909 3189 1076 3221 castrum
1102 3181 1208 3229 xviii,

384 3238 408 3272 5
439 3235 529 3286 (ubi
548 3241 678 3274 tamen
698 3235 796 3274 Mss.
816 3234 986 3286 variant)

330 3284 572 3327 Substituere
603 3287 773 3341 aliquem
806 3288 850 3327 in
882 3289 1012 3328 locum
1044 3287 1210 3342 alicujus

386 3339 452 3385 vii,
472 3344 496 3379 7

330 3389 596 3443 Substringere
615 3400 735 3445 caput
754 3394 834 3432 loro
860 3393 968 3441 xviii,
983 3399 1007 3435 5

332 3443 542 3486 Subtexere
558 3445 743 3499 originem
759 3446 915 3488 familiae
929 3447 1094 3499 alicujus
1122 3462 1210 3495 xxv,

1129 226 1328 266 INDEX

1314 352 1366 389 18
1411 346 1546 402 (moxi
1592 361 1816 388 enumerare
1846 348 2031 388 familiam
2063 350 2134 389 ali·

1312 415 1428 454 quam
1447 415 1472 441 a
1489 402 1606 454 stirpe
1625 403 1675 441 ad
1693 403 1795 442 hanc
1812 407 1982 450 aetaoem,
2000 403 2120 454 ibid.)

1258 455 1523 496 Suburbanam
1547 455 1679 495 villam
1703 455 1850 495 nullam
1879 456 2017 495 habuit
2043 470 2134 504 xxv,

1257 562 1475 603 succedere
1505 562 1624 602 alicui
1651 562 1728 616 (sc.
1745 561 1787 602 in
1807 560 2003 615 provinc.)
2030 563 2134 611 xxiv,

1311 620 1338 657 2
1366 616 1551 656 inlocum
1569 615 1736 668 alicujus
1764 630 1828 663 xv,
1847 620 1872 658 7
1901 615 1995 656 odio
2021 616 2135 657 mise-

1315 670 1481 710 ricordia
1499 670 1677 709 succedit
1703 684 1743 716 x,
1766 673 1817 710 10

1257 723 1501 764 Succendere
1519 736 1647 763 casam
1673 723 1742 770 vii,
1762 727 1814 764 10

1257 777 1518 817 Succumbere
1550 775 1668 815 alicui
1697 776 1823 828 (vinci
1841 777 1891 815 ab
1909 775 2065 829 aliquo)
2092 776 2136 823 ii,

1313 835 1338 870 5
1369 829 1648 868 succumbente
1667 829 1792 880 patria
1818 829 1910 876 xxii,
1931 833 1953 869 1

1258 883 1485 922 Succurrere
1505 882 1656 922 afflictis
1673 883 1898 936 (suppetias
1925 882 2037 928 ferre,
2069 897 2138 923 eos

1306 935 1470 988 juvare)
1499 950 1586 983 xxv,
1609 939 1656 976 ll
1701 936 1787 990 (Sic
1813 935 1924 987 Virg.
1951 941 1962 959 ⁸
1984 936 2136 985 afflictis

1311 1002 1530 1029 succurrere
1564 989 1704 1029 rebus.'
1758 990 1908 1029 Schott.
1943 995 1985 1028 et
2018 989 2138 1030 ovid.

1309 1042 1425 1082 Trist.
1451 1043 1480 1090 i,
1502 1046 1536 1093 4
1582 1048 1595 1066 ‘
1616 1044 1728 1082 rebus
1764 1042 1974 1083 succurrite
2009 1043 2137 1083 laesis.'

1311 1097 1414 1137 Caes.
1445 1097 1546 1136 Bell.
1566 1097 1653 1137 Civ.
1670 1100 1696 1137 2
1724 1102 1735 1120 ‘
1757 1096 2020 1136 laborantibus
2049 1109 2136 1136 suc-

1313 1149 1501 1203 currere')

1258 1203 1471 1243 Suevorum
1502 1216 1583 1250 rex,
1611 1202 1673 1242 Fr.
1692 1206 1717 1243 7
1747 1202 1832 1256 (Ita
1857 1203 2038 1242 Plinius:
2068 1204 2138 1243 sed

1313 1257 1468 1309 legend.
1488 1256 1709 1309 Baetorum)

1259 1310 1456 1350 Sufficitur
1484 1310 1694 1361 imperator
1725 1309 1978 1364 (surrogatur,
2004 1323 2139 1350 succe-

1313 1363 1374 1403 dit
1425 1365 1530 1410 xxiii,
1547 1368 1572 1404 3

1259 1364 1467 1470 Suffrggari
1496 1418 1561 1464 vii,
1580 1422 1619 1458 5.
1659 1417 1751 1464 xvii,
1770 1420 1792 1457 1
1833 1416 1907 1471 (de
1942 1430 2139 1457 commen-

1312 1472 1488 1518 datione,
1520 1484 1599 1523 qua
1629 1471 1810 1522 primates
1828 1477 1870 1510 et
1886 1469 2046 1522 gratiosi
2068 1470 2139 1510 viri

1314 1523 1479 1576 alicujus
1504 1524 1764 1576 patrocinium
1790 1523 2021 1575 suscipiunt,
2051 1537 2140 1575 par-

1314 1583 1373 1616 tes
1387 1583 1560 1624 tuentur,
1575 1585 1644 1615 aut
1660 1577 1890 1629 dignitatem
1909 1577 2027 1617 alicui
2044 1590 2142 1616 con-

1315 1631 1463 1670 ciliant.
1518 1630 1637 1693 Unde
1665 1636 1677 1654 ‘
1699 1630 1998 1682 suffragatores,’
2018 1643 2141 1684 προσ-

1314 1682 1631 1790 ffifffggassgffssss
1649 1682 1898 1789 {ssffissff
1901 1685 2141 1778 ‘1233ss

1316 1792 1580 1831 commodant.
1596 1791 1758 1831 Sueton.
1774 1791 1944 1843 Vespan.
1960 1751 2142 1833 mhgeid.

1318 1844 1479 1884 Henric.
1506 1845 1637 1885 Vales.
1656 1847 1707 1885 ad
1725 1844 1948 1885 Marcellini
1965 1849 2034 1886 29.
2050 1858 2140 1898 pag.

1320 1902 1414 1939 391.
1442 1898 1605 1951 Boecl.)

1266 1951 1501 2004 Suffragium
1534 1952 1632 1992 ferre
1667 1952 1740 2006 (de
1772 1951 1996 2006 judicibus)
2022 1964 2088 1999 xv.
2113 1956 2142 1993 8

1318 2006 1545 2059 (Calculum
1559 2013 1683 2053 norat,
1698 2006 1811 2059 cujus
1825 2020 1916 2046 usus
1929 2007 1971 2046 in
1982 2006 2145 2046 ferenda

1319 2059 1549 2114 sententia).
1567 2061 1737 2100 exercitu
1756 2059 1982 2113 suffragium
1994 2061 2143 2100 ferente

1318 2113 1425 2159 xviii,
1445 2118 1467 2153 5
1497 2114 1680 2165 suffragia
1705 2120 1890 2154 testarum
1919 2114 2051 2168 (testis
2081 2113 2142 2153 in-

1319 2167 1484 2221 scripta)
1511 2168 1554 2214 ii,
1573 2171 1612 2208 8.
1642 2182 1680 2215 v,
1698 2172 1723 2209 3

1264 2221 1475 2273 Sulpicius,
1513 2222 1562 2262 P.
1598 2221 1689 2261 Cos.
1728 2220 1836 2268 xxiii,
1867 2225 1894 2262 7
1947 2220 2145 2274 Sulpicius

1319 2275 1478 2314 Tribun.
1505 2275 1610 2327 pleb.
1633 2275 1860 2314 interfectus
1886 2288 1976 2321 ην,
1995 2279 2022 2316 2
2055 2275 2145 2314 Sul·

1320 2328 1445 2378 picius
1481 2327 1662 2380 (histor.)
1707 2327 1814 2374 xxiii,
1854 2333 1903 2369 13
1949 2328 2145 2380 Sulpicius

1319 2380 1426 2419 Serv.
1454 2381 1571 2419 frater
1598 2382 1647 2420 P.
1665 2380 1828 2432 Sulpicii
1844 2381 1908 2420 Tr.
1927 2382 1982 2433 pl.
2010 2394 2098 2429 xxV,
2116 2386 2143 2422 2

1321 2433 1394 2486 (In
1425 2434 1609 2485 quibusd.
1640 2434 1743 2472 Mss.
1771 2434 1918 2486 duplex
1934 2435 1973 2473 ei
1991 2448 2144 2487 praeno-

1321 2499 1411 2525 men
1430 2486 1611 2525 tribuitur
1627 2487 1693 2525 M.
1709 2486 1817 2526 Serv.
1833 2500 1845 2535 3
1862 2487 1997 2540 idque,
2016 2489 2049 2527 si
2061 2501 2144 2528 cre-

1322 2540 1450 2579 dimus
1465 2539 1608 2579 Ursino
1624 2540 1668 2579 in
1685 2540 1806 2580 famil.
1819 2540 1937 2580 Rom.
1950 2546 1992 2581 et
2005 2541 2144 2582 Schot-

1324 2599 1365 2632 to
1402 2595 1443 2633 in
1476 2593 1604 2634 Elect.
1642 2592 1766 2646 antiq.
1802 2594 1922 2634 Rom.

1322 2648 1493 2700 quodam
1523 2647 1650 2700 gentis
1675 2647 1892 2701 privilegio.

2009 2594 2145 2635 culisti

2004 2649 2145 2701 quibus

1323 2707 1453 2740 tamen
1482 2701 1665 2742 dissentit
1695 2701 1868 2741 Gronov.
1900 2703 1950 2740 ad
1977 2702 2062 2741 Liv.
2089 2702 2145 2750 ix,

1323 2758 1390 2795 56.
1418 2755 1459 2793 in
1477 2754 1684 2795 Addendis
1702 2770 1710 2793 ι
1741 2755 1810 2807 qui
1829 2756 1948 2795 videri
1967 2756 2120 2808 potest)

1268 2807 1426 2848 Sumere
1443 2821 1548 2847 arma
1563 2809 1767 2862 (expedire
1781 2810 1829 2848 ad
1849 2810 2040 2862 pugnam)
2068 2810 2146 2856 xiv,

1322 2865 1350 2902 4
1395 2862 1524 2908 cibum
1551 2875 1640 2909 xxv,
1670 2866 1722 2902 21
1770 2863 1843 2902 sibi
1878 2862 2146 2914 imperatorem

1324 2914 1486 2967 (anteat
1515 2921 1527 2939 ‘
1549 2915 1606 2955 uti
1635 2915 1773 2967 duce’)
1800 2916 1828 2963 i,
1849 2919 1870 2955 1
1907 2916 2054 2968 regium
2085 2930 2147 2955 or-

1323 2975 1622 3016 natum,nomen
1642 2969 1809 3015 xviii‚13
1838 2969 2014 3021 hyberna
2040 2970 2148 3016 xviii,

1324 3026 1350 3062 8
1390 3028 1542 3074 tempus
1577 3021 1829 3074 colloquendi
1864 3022 2148 3076 (praestituere)

1324 3076 1401 3121 xiv,
1430 3079 1478 3116 11
1522 3075 1757 3128 supplicium
1792 3077 1842 3115 de
1878 3075 2011 3128 aliquo
2039 3077 2147 3124 xviii,

1327 3132 1378 3168 12
1407 3142 1599 3167 venenum
1618 3129 1740 3176 ii‚10.
1768 3129 1942 3173 xxiii,12
1971 3142 2146 3182 soporem

1325 3182 1672 3287 (medicamentum
1718 3183 1993 3236 soporiferum)
2046 3196 2087 3231 x,
2118 3187 2144 3223 2

1271 3235 1834 3342 Sussssssssszsssssgffgzdtffi

1272 3343 1452 3383 Summus
1487 3343 1703 3395 Imperator
1742 3343 1810 3389 vii,
1845 3347 1865 3383 1
1913 3343 1992 3381 dux
2017 3340 2087 3387 xii,
2120 3346 2142 3383 1

1327 3396 1466 3434 summi
1483 3398 1617 3443 duces,
1633 3397 1729 3435 ibid.
1759 3398 1859 3448 (non
1878 3402 1955 3434 tam
1975 3395 2050 3434 loci
2068 3395 2146 3435 fas-

1327 3448 1438 3501 tigio,
1466 3463 1583 3502 quarn
1611 3449 1947 3499 commendatione
1982 3449 2147 3502 impera·
