2306 3900
712 283 875 323 xvu.

237 405 442 452 Victoria,-
468 403 656 457 propitia
676 401 888 453 Victoria,
902 413 999 441 cum
1012 401 1106 453 jam

230 482 277 511 se
306 470 553 511 inclinasset
583 467 637 508 ad
664 468 889 507 Thessalos
915 467 1108 507 victoria.

229 533 485 575 Rombertus
498 532 635 572 Titius
645 531 846 572 Controv.
860 532 942 572 loc.
956 531 1030 572 lib.
1043 544 1107 573 lv.

230 600 271 637 8.
317 595 561 649 conjecerat
596 595 739 635 Secuta
771 595 960 637 Victoria.
1001 597 1108 637 Cur-

231 659 315 700 tius
333 659 406 700 lib.
431 670 494 699 1v.
543 657 801 698 Aristander
827 658 840 681 ‘
860 659 903 698 in
923 658 1109 699 candida

229 727 351 763 veste
390 721 575 774 proeibat
613 733 763 773 preces
808 722 903 773 regi
937 721 1109 771 Jovem,

227 786 467 827 Minervam
487 784 808 837 Victoriamque
827 783 1111 837 propitianti.’

226 847 424 890 Justinus
453 847 528 889 lib.
553 859 597 888 V.
625 850 668 889 4.
712 848 724 869 ‘
743 848 873 887 Hunc
905 847 1026 900 quasi
1054 847 1108 887 de

228 913 336 953 coelo
354 912 544 962 missum,
573 915 620 950 et
646 915 695 950 ut
714 910 850 961 ipsam
867 910 1109 951 Victoriam

228 974 513 1017 contuentur!
557 974 684 1014 Gebh.
705 973 839 1014 Senot.

283 1039 428 1079 Omnes
449 1038 657 1078 Thes-salice
684 1037 885 1089 civitates]
944 1037 1109 1080 Quibus

227 1102 457 1144 honoribus
493 1106 539 1142 et
576 1100 729 1141 studiis
769 1101 988 1153 prosecuti
1024 1101 1110 1140 sint

228 1164 452 1217 Pelopidae
484 1163 610 1205 funus
656 1169 702 1204 et
746 1168 946 1214 mortem,
980 1164 1111 1204 docet

230 1228 487 1270 Plutarchus
522 1228 566 1268 in
602 1227 709 1280 vita,
743 1238 830 1268 non
860 1227 997 1268 minus
1023 1227 1110 1268 ele-

940 283 1327 336 ΑαΕειιΑυΜ,
1368 286 1501 325 οΑΡ.
1540 273 1590 326 1.

1947 272 2054 326 597

1177 408 1331 454 gauter
1349 415 1475 456 quam
1494 403 1682 455 copiose.
1717 403 1883 455 Longoz.

1234 468 1398 508 Coronis
1416 467 1562 518 aureis]
1580 468 1688 509 Quae
1703 467 1880 507 mortuis
1895 467 2057 520 imponi

1178 531 1333 580 solitae,
1363 535 1412 571 ut
1439 543 1463 570 e
1482 531 1690 571 Cicerone
1719 543 1797 583 pro
1827 532 1875 571 L.
1897 531 2056 573 Flacco

1176 598 1223 634 et
1258 594 1547 645 Aristophane
1581 594 1755 633 Comico
1792 594 1922 634 docet
1955 595 2057 635 Pet.

1174 657 1391 698 Victorius
1410 658 1511 696 Var.
1534 657 1653 696 Lect.
1669 657 1743 695 lib.
1762 669 1812 697 11.
1829 661 1868 697 7.
1901 658 2057 699 Schott.

1175 718 1394 772 Στεφάνους
1412 718 1610 759 ἐπινικίους
1627 720 1830 771 intelligit
1850 721 2057 762 Passcha-

1175 786 1257 826 lius
1274 786 1327 825 de
1343 784 1520 826 Coronis
1538 785 1610 824 lib.
1624 795 1706 824 vn.
1721 789 1759 824 5.
1789 784 1910 825 Alias
1925 787 2056 826 etiam

1174 849 1219 889 in
1246 849 1413 889 coronis
1440 852 1702 888 mortuorum
1730 859 1869 887 aureae
1898 861 2057 889 memo-

1174 917 1340 953 rantur.
1407 911 1479 951 Sic
1521 910 1692 950 honoris
1731 922 1851 962 ergo,
1881 922 2056 952 auream

1175 987 1374 1016 coronam
1403 973 1615 1014 Castricio
1641 978 1809 1014 mortuo
1835 974 2058 1026 imponen-

1176 1038 1275 1078 dam
1305 1038 1595 1089 Pergamenos
1623 1036 1880 1088 decrevisse,
1907 1045 2060 1079 auctor

1176 1106 1243 1141 est
1261 1100 1414 1141 Cicero
1441 1100 1485 1139 in
1519 1099 1643 1140 Orat.
1661 1112 1741 1152 pro
1770 1101 1942 1152 Flacco,
1961 1113 2059 1153 cap.

1175 1167 1242 1204 31.
1286 1162 1400 1203 Vide
1436 1163 1775 1204 Kirchmannum
1811 1163 1866 1204 de
1901 1164 2060 1205 Funer.

1174 1227 1299 1269 liber.
1339 1226 1476 1269 Boecl.
1759 1224 1761 1226 ’

643 1724 868 1786 XVII.
958 1722 1656 1786 AGESILAUS.

279 1897 390 1938 Cu.
421 1900 459 1937 1.
512 1895 742 1949 Agesilaus]
796 1898 850 1938 In
884 1898 1106 1940 veteribus

224 1960 431 2012 scriptum
460 1965 554 2000 erat
585 1961 824 2012 Hagesilaus
849 1973 927 2014 per
945 1962 1108 2014 aspira-

225 2021 402 2062 tionem.
430 2022 484 2063 P.
503 2022 664 2064 Daniel.
718 2023 772 2063 In
785 2024 878 2064 aliis
896 2024 1079 2075 Agesilae
1090 2038 1107 2073 ‚·

223 2085 338 2138 qnod
373 2085 486 2126 idem
520 2098 570 2126 ac
599 2086 820 2137 Agesilaus.
880 2088 1108 2128 Keuchen.

222 2146 295 2188 Sic
311 2147 475 2198 Iolaus,
493 2148 633 2198 Iolas;
651 2148 913 2200 Arcesilaus,
935 2149 1110 2190 Arcesi-

224 2209 315 2260 las3
342 2211 582 2262 Menelaus,
616 2211 835 2262 Menelas;
870 2211 1110 2264 Agesilaus,

222 2269 438 2324 Agesilas.
495 2273 566 2312 Ita
597 2286 767 2326 quoque
793 2274 1110 2326 Graeci’Ayect-

223 2342 300 2376 λας
325 2341 371 2376 et
400 2335 543 2377 Ἰόλας.
571 2335 736 2378 Salmas.
790 2338 863 2378 De
879 2349 962 2390 quo
977 2349 1111 2391 nuga·

223 2398 414 2442 cissimas
432 2400 617 2452 ineptias
636 2399 889 2441 effutierunt
904 2400 958 2441 ad
975 2400 1110 2441 Athe-

223 2475 365 2504 naeum
385 2462 660 2514 interpretes.
694 2463 806 2504 Vide
828 2463 1013 2506 Casaub.
1033 2464 1109 2505 lib.

224 2536 300 2568 xv.
319 2529 361 2566 9.
390 2526 458 2566 De
479 2526 562 2566 hoc
594 2525 814 2578 Agesilao,
847 2526 1107 2579 Xenophon.

225 2590 475 2631 Herodotus
492 2590 566 2632 lib.
581 2602 664 2631 vu.
684 2589 920 2632 Athenaeus
933 2605 947 2642 ;
961 2592 1110 2634 Valet.
1142 2612 1144 2614 ·

223 2651 383 2694 Justin.
406 2653 629 2694 Plutarch.
650 2653 894 2706 Polyaenus.
942 2654 1110 2694 Fronti-

225 2726 304 2755 nus
323 2727 455 2767 supra
472 2715 517 2755 in
537 2716 736 2758 Chabria.
764 2716 931 2757 Savaro.
985 2716 1111 2756 Adde

226 2779 494 2830 Ciceronem,
529 2779 804 2830 Pausaniam,
851 2779 1111 2831 Diodorum,

226 2842 474 2894 Polybium,
511 2842 721 2882 AElianum
754 2842 858 2882 Var.
890 2841 1006 2882 Hist.
1026 2853 1109 2883 vu.

228 2907 294 2946 13.
314 2915 394 2945 xx.
416 2907 482 2944 14.
510 2904 647 2943 Boecl.

278 2968 316 3008 A
334 2961 592 3018 Xenophonte
604 2965 823 3018 Socratico]
851 2967 1006 3007 Exstat
1021 2966 1111 3007 lau-

227 3028 344 3069 datio
364 3029 458 3069 haec
485 3028 830 3081 praestantissimi
862 3028 1112 3082 Philosophi

229 3103 280 3132 ac
298 3091 453 3142 Ducis,
485 3091 678 3132 Socratis
709 3104 805 3132 cum
837 3092 1020 3134 Platone
1040 3105 1112 3133 au·

226 3154 391 3194 ditoris.
447 3154 648 3195 Meminit
685 3156 838 3196 Cicero
862 3157 1008 3209 Epist.
1036 3156 1113 3200 lib.

228 3229 273 3258 v.
295 3221 359 3258 12.
390 3216 445 3257 ad
473 3216 690 3258 Luceium.
745 3218 928 3270 Scripsit
950 3224 996 3259 et
1010 3219 1113 3260 Plu-

228 3280 403 3322 tarchus
442 3281 497 3320 de
541 3280 633 3320 vita
676 3279 885 3333 Agesilai,
922 3282 1114 3336 itemque

229 3345 594 3398 apophthegmata
608 3349 770 3396 praeter
789 3345 1018 3398 Laconica.
1048 3346 1114 3387 Si-

230 3410 455 3449 multatem
491 3413 637 3448 autem
666 3420 763 3449 cum
788 3408 974 3449 Platone
994 3420 1118 3451 exer-

232 3470 548 3525 cuisse,multis
578 3471 744 3525 colligit
776 3472 1039 3525 argumentis
1058 3472 1118 3515 Α-

1173 1899 1364 1941 thenaeus
1381 1898 1460 1939 libt
1475 1909 1541 1939 xr.
1571 1901 1618 1937 et
1637 1895 1834 1948 Agellius
1859 1892 1933 1934 lib.
1963 1904 2061 1934 xiv.

1173 1967 1213 2004 3.
1258 1963 1345 2003 Hic
1374 1967 1519 2002 tamen
1547 1959 1654 2000 falso
1682 1957 1852 1999 efficere
1869 1962 2065 2007 conatur,

1173 2031 1374 2066 neutrum
1405 2024 1583 2064 alterius
1620 2022 1710 2063 odii
1742 2032 1892 2060 caussa
1921 2018 2066 2059 memi-

1174 2089 1305 2140 nisse,
1337 2101 1432 2128 cum
1453 2086 1695 2138 Xenophon
1712 2084 1754 2123 in
1774 2083 2063 2132 ἀπομνημονευ-

1175 2149 1308 2202 μάτων
1326 2151 1400 2191 lib.
1421 2160 1494 2190 111.
1514 2149 1608 2200 ejus
1625 2146 1883 2196 meminerit,
1897 2151 1946 2186 ut
1961 2150 2066 2185 ante

1176 2215 1397 2255 Muretum
1417 2212 1522 2252 Var.
1541 2212 1666 2251 Lect.
1685 2208 1761 2249 lib.
1789 2220 1833 2250 v.
1861 2212 1925 2248 14.
1944 2213 2065 2249 nota-

1178 2276 1243 2317 vit
1261 2275 1460 2317 Lae'rtius
1481 2274 1522 2314 in
1538 2272 1734 2314 Platonis
1748 2272 1852 2312 vita.
1883 2271 2038 2311 Sclaott.

1230 2341 1294 2380 Eo
1311 2339 1414 2379 enim
1432 2349 1524 2379 usus
1541 2339 1599 2377 est
1606 2333 1946 2386 familiarissime]
1975 2333 2066 2372 Du·

1175 2403 1294 2444 bium
1331 2407 1414 2454 est,
1442 2408 1583 2442 utrum
1618 2400 1736 2440 dicat
1763 2399 1948 2446 Probus,
1976 2398 2066 2438 Xe-

1176 2467 1437 2520 nophontem
1458 2477 1579 2505 usum
1599 2475 1695 2504 esse
1715 2462 1919 2515 Agesilao
1945 2461 2067 2502 fami-

1176 2530 1419 2579 liarissime,
1434 2541 1486 2568 an
1502 2526 1749 2579 Agesilaum
1763 2525 2066 2577 Xenophonte.

1176 2594 1288 2634 Mihi
1335 2591 1508 2644 quidem
1554 2590 1725 2630 videtur
1761 2588 1867 2628 illud
1905 2587 2064 2639 potius.

1177 2654 1315 2695 Lamb.
1345 2653 1456 2693 Vide
1469 2653 1590 2693 Plut.
1605 2652 1649 2691 in
1662 2650 1883 2703 Apophth.
1903 2651 2065 2691 Lacon.

1177 2718 1319 2759 Aliam
1333 2717 1478 2758 reddit
1489 2727 1657 2757 causam
1669 2715 1926 2755 Themistius
1940 2715 2066 2757 Orat.

1178 2782 1234 2822 ad
1263 2782 1496 2830 Caesarem,
1523 2779 1687 2819 idcirco
1717 2777 1911 2829 Agesilai
1933 2777 2065 2818 vitam

1177 2844 1316 2884 literis
1350 2841 1590 2891 mandasse,
1629 2840 1743 2893 quod
1770 2839 1863 2891 ejus
1887 2851 2020 2891 opera
2039 2853 2066 2880 a

1179 2906 1407 2960 Spartanis
1425 2917 1531 2957 agro
1547 2904 1729 2944 donatus
1749 2908 1878 2943 esset.
1909 2903 2067 2944 Schott.

1236 2971 1336 3010 Cum
1371 2968 1611 3022 Leotychide
1649 2966 1801 3016 fratris
1834 2966 1945 3019 filio]
1993 2966 2067 3007 Sic

1178 3032 1418 3085 Xenophon
1439 3033 1482 3072 in
1498 3028 1727 3084 Agesilao‘:
1754 3028 1987 3083 Ἐρισάντων
1998 3045 2067 3069 πε-

1180 3095 1217 3148 ρὶ
1245 3098 1318 3144 τῆς
1349 3095 1489 3148 ἀρχῆς,
1520 3091 1746 3144 Λεωτυχίδα
1775 3091 1861 3142 μὲν,
1889 3091 1940 3133 ὣς
1953 3091 2068 3143 Ἀγι-

1182 3162 1247 3200 δος
1265 3159 1373 3201 ὄντος
1386 3158 1480 3210 υἱοῦ,
1492 3154 1734 3208 Ἀγησιλάου
1747 3154 1788 3195 δὲ
1795 3185 1809 3208 ,
1822 3154 1873 3195 ὣς
1889 3154 2067 3208 Ἀρχιδά-

1181 3237 1269 3274 μου.
1298 3221 1481 3262 Lambin.

1240 3286 1294 3326 Ut
1313 3287 1407 3324 duos
1425 3283 1611 3324 haberent
1627 3293 1777 3333 semper
1796 3280 1944 3334 Reges]
1996 3280 2068 3322 In.

1182 3347 1251 3388 fra
1271 3347 1326 3387 de
1349 3346 1544 3398 Regibus
1566 3358 1576 3385 :
1596 3349 1608 3368 ‘
1622 3342 1974 3385 Lacedaemonius
1994 3355 2067 3384 au-

1183 3417 1272 3451 tem
1293 3409 1518 3463 Agesilaus
1537 3407 1724 3459 nomine,
1744 3419 1829 3448 non
1850 3412 2068 3459 potestate

1183 3474 1268 3517 fuit
1288 3474 1402 3530 Rex,
1422 3474 1537 3516 sicut
1548 3472 1696 3516 caeteri
1707 3472 1939 3527 Spartani!
1994 3471 2065 3514 Ad
