2306 3900
923 227 1326 267 FRAGMENTA.

221 347 295 389 Sic
321 347 438 388 mille
471 360 520 388 ac
552 348 703 388 decem
733 351 893 398 praeter
921 351 1104 399 propter

221 410 322 451 anni
342 411 398 451 ab
428 411 619 451 Homero
650 409 706 450 ad
727 410 1001 461 Juvenalem,
1020 422 1104 462 quo

221 478 419 525 tempore
437 474 610 526 scripsit
627 474 744 514 illam
760 473 976 525 Satyram.
1005 474 1106 514 Vel-

220 537 329 579 leius
348 537 608 579 Paterculus
638 537 683 578 in
702 536 855 578 eadem
875 536 1106 589 sententia,

222 601 297 654 qui
318 614 451 642 annos
486 600 622 642 ferme
647 605 888 653 nongentos
906 605 964 654 ‚et
982 601 1105 654 quiu-

221 665 427 718 quaginta
458 665 698 706 Homerum
730 669 831 705 ante
848 664 981 716 ipsius
1000 669 1106 704 aeta·

222 734 311 769 tem
342 727 539 769 floruisse
568 729 719 770 tradit.
772 728 908 770 Annis
928 729 1107 771 circiter

221 792 508 846 qnadraginta
538 798 639 834 ante
665 793 856 834 Plinium
887 794 1108 836 scribebat

223 855 429 896 Velleius.
487 857 635 909 Longe
650 857 785 909 major
798 856 914 898 inter
925 857 1106 899 Graecos

220 917 468 971 Scriptores
497 918 731 960 discordia.
787 919 974 961 Quidam
1007 931 1107 962 eum

223 987 418 1034 tempore
452 982 555 1022 belli
583 982 767 1035 Trojani
799 983 1016 1024 exstitisse
1034 995 1106 1024 vo·

221 1044 331 1085 lunt.
385 1044 436 1085 In
454 1045 520 1086 his
540 1045 796 1098 Dionysium
825 1045 953 1099 Epici
983 1046 1108 1099 Cycli

219 1107 485 1161 Scriptorem
503 1114 703 1149 numerat
720 1109 902 1150 Tzetzes
931 1115 978 1150 et
1005 1109 1108 1150 Dio-

220 1171 400 1212 dorum:
447 1171 496 1211 ‘0
535 1171 639 1212 κατὰ
664 1170 869 1213 Διονύσιον
893 1171 1012 1225 ἄνδρα
1034 1171 1108 1214 τὸν

223 1230 510 1285 Κυκλογράφον
524 1232 613 1274 Ἐπὶ
623 1236 703 1274 τῶν
720 1232 788 1274 δύο
809 1236 1024 1287 στρατειῶν
1040 1241 1107 1275 λε·

218 1296 386 1347 εγόμενος
401 1295 604 1350 ὑπάρχειν,
624 1300 825 1347 Θηβαΐκῆς
839 1299 1038 1348 Ἑλλήνων
1060 1314 1107 1340 τε

219 1361 294 1408 τῆς
307 1359 649 1410 διὰτὴνἛλέν-ην.
706 1363 861 1402 Crates
887 1363 1107 1403 Gramma·

219 1423 335 1464 ticus
354 1424 468 1476 apud
504 1425 774 1465 Clementem
799 1430 849 1465 et
873 1424 1108 1466 Eusebium

220 1487 339 1528 circa
382 1488 710 1530 Heraclidarum
758 1487 1011 1529 descensum
1050 1488 1109 1529 vi-

219 1548 365 1602 guisse
412 1551 522 1601 vult,
572 1550 799 1603 octoginta
844 1551 966 1591 annis
1010 1556 1110 1604 post

219 1613 404 1663 Troica3
449 1626 576 1667 quam
603 1614 848 1667 opinionem
878 1627 1109 1668 perperam

221 1674 488 1728 Apollodoro
500 1677 659 1719 tribuit
675 1678 860 1719 Tzetzes
879 1679 925 1719 in
951 1679 1109 1720 chilia-

222 1739 363 1781 dibus.
432 1740 742 1782 Eratosthenes
777 1747 953 1783 centum
989 1742 1109 1783 anuis

221 1814 320 1842 enm
348 1802 538 1844 abfuisse
569 1803 746 1856 scripsit
771 1816 797 1845 a
814 1804 984 1846 Troicis
1001 1810 1108 1846 tem-

223 1865 413 1918 poribus.
486 1864 764 1907 Aristarchus
795 1873 970 1909 centum
1004 1881 1108 1922 qua-

223 1927 436 1980 draginta.
493 1927 744 1970 Herodotus
777 1936 951 1971 centum
986 1943 1108 1973 sexa-

219 1989 345 2041 ginta
364 1997 482 2043 octo,
512 1991 627 2045 quod
655 1992 832 2034 Cassius
857 1993 900 2033 in
932 1994 1108 2035 Annali-

224 2051 302 2093 bus
318 2059 491 2095 secutus
509 2060 593 2106 est,
620 2055 694 2109 qui
724 2056 822 2108 plus
853 2063 1028 2098 centum
1047 2064 1110 2100 at-

223 2126 308 2168 que
327 2118 550 2169 sexaginta
587 2118 710 2159 annis
738 2118 976 2160 Homerum
1009 2126 1111 2172 post

221 2176 385 2219 bellum
416 2179 648 2232 Trojanum
680 2180 840 2222 vixisse
865 2186 1109 2224 notaverat.

225 2240 324 2283 Nec
341 2242 456 2283 enim
474 2243 543 2284 hic
559 2255 760 2285 numerus
792 2245 1035 2298 mutandus,
1058 2252 1111 2287 ut

225 2304 400 2356 putavit
417 2317 598 2358 magnus
627 2307 831 2349 Criticus.
885 2308 1111 2350 Philocho-

220 2378 297 2407 tus
316 2379 414 2408 eum
447 2380 474 2408 a
507 2369 636 2422 TroJa
669 2370 954 2412 submovebat
987 2372 1109 2413 annis

221 2435 398 2471 centum
434 2433 670 2484 octoginta.
743 2433 1038 2485 Enthymenes
1064 2435 1109 2476 in

222 2492 448 2535 chronicis
475 2494 688 2548 ducentis,
701 2501 748 2536 et
766 2508 1003 2549 aequaevum
1018 2496 1109 2538 He·

224 2554 345 2597 siodo
376 2554 584 2598 faciebat.
636 2556 932 2609 Apollodorus
975 2558 1109 2600 Athe-

219 2618 389 2658 niensis
424 2619 662 2661 centesimo
693 2631 805 2660 anno
840 2621 1109 2672 migrationis

222 2681 389 2723 {Ionica
419 2681 615 2724 floruisse
648 2684 845 2735 tradidit,
864 2684 952 2726 *hoc
984 2691 1066 2736 est,
1084 2698 1110 2726 a

224 2745 363 2797 'rrojae
394 2746 582 2798 excidio,
609 2747 901 2789 ducentesimo
933 2748 1112 2802 quadra-

223 2809 404 2859 gesimo.
459 2807 589 2861 Apud
620 2808 935 2862 Hieronymum
953 2811 1111 2863 legitur

225 2882 357 2913 ceux.
414 2872 531 2913 Huic
551 2873 720 2914 calculo
737 2872 910 2926 quidam
931 2884 1016 2916 xu.
1036 2886 1110 2915 an-

221 2945 303 2974 uos
329 2933 555 2986 adjiciunt,
589 2941 638 2975 ut
670 2935 811 2976 Latini
839 2934 931 2976 fere
948 2948 1110 2989 omnes,

227 2996 300 3049 qui
317 3003 491 3037 centum
518 3003 567 3038 et
581 2998 809 3050 sexaginta
835 2998 1013 3040 circiter
1041 3012 1111 3041 au-

226 3058 292 3098 nis
307 3063 408 3099 ante
423 3059 586 3101 Urbem
601 3061 816 3103 conditam
835 3062 993 3103 vixisse
1012 3074 1110 3104 eum

229 3119 423 3162 tradunt.
484 3122 629 3163 Latini
663 3124 807 3177 itaque
852 3123 1110 3178 Apollodori

221 3184 485 3224 sententiam
506 3185 645 3226 secuti
663 3191 776 3227 sunt.
831 3186 919 3228 Alii
940 3188 1108 3241 longius

221 3247 362 3288 multo
381 3258 406 3287 a
415 3247 579 3288 Troicis
593 3255 815 3290 removent
826 3251 1109 3302 temporibus,

222 3315 276 3352 ,ιη
298 3309 559 3362 Euphorion,
587 3310 659 3364 qui
689 3311 827 3364 Gygis
854 3314 978 3354 aetati
996 3326 1108 3355 com·

227 3385 374 3424 parem
398 3376 633 3418 statuebat.
688 3376 835 3428 Gyges
853 3382 998 3418 autem
1013 3389 1107 3429 reg·

227 3448 328 3488 nare
348 3441 534 3493 occoepit
563 3441 618 3482 ab
653 3440 912 3494 Olympiade
940 3441 1107 3483 decima

1936 215 2044 268 701

1164 351 1333 387 octava.
1388 343 1691 397 Archilochus,
1716 343 1901 386 Eusebio
1919 349 2051 398 teste,

1165 409 1210 450 in
1229 409 1536 463 Olympiadem
1573 419 1717 450 xxtu.
1761 408 1946 449 Homeri
1972 407 2049 449 flo-

1167 485 1257 512 rem
1293 473 1437 513 aetatis
1470 485 1522 513 ac
1554 471 1683 513 famae
1711 473 1915 525 conjecit,
1934 473 2050 513 idem

1166 546 1263 575 cum
1281 534 1559 586 Euphorione
1581 535 1785 576 sentiens.
1841 535 2052 576 Nonnulli

1165 596 1400 649 nonaginta
1417 601 1584 639 tantum
1603 597 1725 638 annis
1744 603 1845 639 ante
1870 599 2051 651 primam

1167 661 1474 714 Olympiadem
1509 662 1632 703 aiunt
1663 661 1812 715 fuisse,
1847 664 1930 705 hoc
1964 669 2051 715 est,

1168 728 1344 764 centum
1377 724 1666 778 quadraginta
1691 736 1769 765 sex
1794 737 1930 766 annos
1948 731 2052 767 ante

1164 787 1333 828 Urbem
1363 787 1594 828 conditam.
1665 787 1804 840 Hujus
1839 788 2053 840 opinionis

1168 856 1392 891 auctorem
1424 850 1571 904 prodit
1606 849 1807 891 Clemens
1840 850 2052 892 Sosibium

1166 913 1399 965 Laconem,
1416 925 1512 967 quae
1542 925 1569 953 a
1602 912 1908 966 supputatione
1936 914 2055 955 Lati-

1167 990 1334 1030 norum,
1371 977 1697 1031 quatuordecim
1733 982 1902 1019 tantum
1934 978 2054 1018 aunis

1167 1041 1314 1083 distat.
1370 1041 1498 1082 Hanc
1524 1040 1729 1081 dividiam
1746 1045 1968 1081 auctorum
1988 1053 2056 1081 su·

1163 1118 1250 1159 per
1269 1110 1402 1148 aetate
1421 1105 1602 1147 Homeri
1630 1104 1726 1146 heic
1755 1104 1884 1146 libuit
1912 1104 2055 1146 brevi-

1168 1169 1248 1211 bus
1267 1170 1364 1211 aeris
1381 1169 1637 1211 subducere.
1666 1168 1897 1208 &haesito-s.

1223 1235 1354 1275 Roma
1384 1233 1543 1275 condita
1589 1231 1836 1285 olympiadis
1875 1230 2054 1283 septim

1167 1309 1268 1337 anno
1284 1296 1468 1348 secundo]
1498 1295 1745 1348 onuphrius
1769 1294 1813 1334 in
1828 1293 1950 1334 Urbe
1968 1294 2053 1334 Ro-

1167 1371 1254 1411 ma,
1283 1359 1476 1400 Solinum
1507 1358 1625 1399 inter
1654 1369 1728 1398 eos
1761 1360 1960 1397 auctores
1987 1368 2055 1396 re·
2120 1409 2124 1412 γ

1169 1426 1333 1473 censet,
1366 1421 1440 1474 qui
1474 1419 1744 1473 Olympiadis
1776 1425 1914 1460 sextae
1941 1429 2055 1459 anno

1170 1489 1325 1537 quarto
1358 1485 1538 1526 Romam
1573 1483 1795 1525 conditam
1827 1483 2055 1535 scripsere,

1169 1558 1267 1587 cum
1284 1552 1438 1599 aperte
1466 1545 1722 1599 profiteatur
1743 1545 1932 1596 Solinus,
1959 1556 2056 1585 sese

1168 1609 1432 1662 existimare,
1444 1609 1614 1650 collatis
1644 1607 1848 1650 Romanis
1868 1612 1914 1648 et
1930 1607 2056 1649 Grae-

1168 1685 1317 1714 corum
1350 1673 1631 1726 temporibus,
1658 1683 1755 1713 eam
1783 1682 1896 1711 anno
1914 1671 2056 1723 primo

1167 1738 1441 1791 Olympiadis
1464 1737 1662 1790 septimae
1678 1735 1895 1776 conditam
1907 1733 2057 1776 fuisse.

1168 1801 1230 1842 Et
1265 1811 1497 1853 perperam
1534 1799 1666 1841 etiam
1709 1798 1869 1839 ibidem
1913 1802 2056 1849 notat,

1171 1866 1347 1908 Lutatio
1362 1871 1409 1908 et
1424 1865 1700 1907 Eratostheni
1714 1865 1890 1917 placere
1905 1863 2056 1914 Olym-

1168 1928 1309 1980 piadis
1327 1929 1524 1982 septimoe
1542 1940 1653 1969 anno
1670 1928 1805 1981 primo
1821 1925 2055 1977 conditam,

1168 2003 1270 2031 cum
1289 2003 1400 2032 anno
1419 1997 1587 2032 tantum
1620 1990 1810 2032 secumdo
1831 1990 1896 2030 illi
1915 1990 2058 2030 volue-

1171 2055 1275 2096 rint.
1304 2056 1532 2098 Salmasius.
1587 2057 1725 2097 Roma
1760 2055 1938 2096 condita
1970 2059 2055 2106 est,

1170 2130 1258 2170 quo
1275 2123 1473 2171 tempore
1483 2120 1635 2172 πρῶτος
1649 2119 1683 2159 δ’
1699 2110 1950 2170 ἐστεφανώθη
1963 2121 2059 2159 Δαΐ-

1172 2182 1273 2230 scafis·
1296 2166 1319 2222 3
1349 2180 1585 2233 Μεσσήνιος,
1602 2181 1647 2224 bs
1669 2183 1723 2236 τῇ
1748 2181 1894 2235 ἑβδόμῃ
1910 2180 2057 2231 Ὀλυμ-

1171 2243 1280 2285 πιάδι
1316 2243 1476 2286 στάδιον
1521 2245 1639 2287 ἐνίκα.
1694 2246 1776 2286 ΙΙΙο
1811 2246 1907 2297 ipso
1944 2254 2056 2285 anno

1170 2308 1272 2348 urbs
1287 2308 1750 2350 conditamemoratur.
1806 2307 2058 2359 Anonymus

1172 2370 1216 2410 in
1252 2371 1327 2411 illo
1361 2377 1586 2425 tempore:
1631 2371 1758 2422 Ῥώμη
1795 2370 1954 2419 ἐκτίσθη
1982 2370 2058 2410 ὑπὸ

1170 2433 1311 2485 Ῥήμου
1342 2434 1407 2476 καὶ
1443 2434 1654 2486 Ῥωμύλου.
1707 2435 1930 2476 videndus
1958 2434 2060 2475 Dio·

1171 2498 1317 2550 nysius
1345 2500 1422 2540 lib.
1452 2511 1486 2541 1.
1539 2500 1628 2541 Alii
1656 2499 1701 2540 in
1729 2498 1963 2540 seeundum
1983 2509 2057 2538 au·

1171 2573 1272 2600 num
1292 2561 1555 2614 referebant,
1573 2562 1689 2603 inter
1708 2574 1813 2614 quos
1836 2559 2059 2612 Polybius.

1168 2623 1409 2676 Dionysius
1431 2625 1799 2666 Halicarnassaeus
1812 2623 1925 2663 libro
1936 2634 1968 2662 1.
1997 2622 2058 2661 Οὐ

1170 2686 1248 2739 ’γὰρ
1270 2686 1413 2738 ἠξίουν,
1441 2688 1493 2728 ὣς
1529 2685 1726 2734 Πολύβιος
1757 2688 1782 2726 ὅ
1821 2691 2058 2736 Μεγαλοπο-

1170 2748 1301 2803 λίτης,
1334 2751 1525 2791 τοσοῦτον
1554 2750 1673 2801 μόνον
1698 2749 1832 2799 εἰπεῖν,
1861 2748 1922 2789 ὅτι
1954 2748 2057 2789 κατὰ

1170 2813 1220 2854 τὸ
1237 2813 1417 2867 δεύτερον
1441 2814 1531 2857 ἔτος
1547 2817 1625 2863 τῆς
1650 2813 1819 2864 ἑβδόμης
1838 2811 2055 2863 Ὀλυμπιά-

1173 2879 1238 2919 δος
1253 2878 1328 2927 τὴν
1343 2879 1496 2929 Ῥώμην
1518 2878 1692 2919 ἐκτίσθαι
1707 2877 1898 2927 πείθομαι.
1939 2877 2055 2918 Anc-

1172 2946 1240 2981 tor
1256 2942 1455 2983 Chronici
1467 2940 1747 2982 Alexandrini
1759 2952 1917 2980 annum
1930 2950 2060 2992 quar-

1174 3009 1263 3044 tum
1301 3004 1483 3045 statuit:
1542 3003 1619 3044 Kal
1654 3002 1831 3055 τετάρτῳ
1867 3001 1948 3042 ἔτει
1982 3003 2056 3049 τῆς

1172 3065 1340 3115 ὃβδόμης
1374 3064 1650 3117 Ὀλυμπιάδος,
1673 3064 1851 3105 εἰκοστὸν
1865 3062 2056 3115 τέταρτον

1169 3129 1244 3176 τῆς
1285 3127 1427 3169 οἰκεῖος
1465 3127 1620 3176 ἡλικίας
1666 3127 1829 3178 ἄγοντες
1867 3124 2055 3176 ἐνιαυτὸν,

1170 3190 1313 3240 Ῥῶμος
1341 3190 1407 3231 καὶ
1431 3191 1570 3242 Ῥῆμος
1595 3189 1775 3241 κτίζουσι
1798 3189 1873 3238 τὴν
1890 3187 2053 3238 ‘Phasm-

1172 3253 1318 3307 Atque
1360 3254 1442 3295 huc
1474 3253 1695 3305 pertinent
1730 3253 1817 3293 ista
1862 3251 2056 3303 Eusebii,

1172 3316 1325 3356 Chron.
1345 3327 1377 3356 ι.
1429 3314 1627 3366 Ῥωμύλον
1637 3314 1737 3367 φασὶ
1754 3313 1917 3356 κατὰτὸ
1933 3312 2055 3356 τέλος

1168 3379 1240 3425 τῆς
1258 3377 1425 3428 ἑβδόμης
1451 3376 1712 3427 Ὀλυμπιάδος
1723 3378 1959 3424 &laevem
1974 3379 2053 3418 τᾶν

1168 3439 1340 3482 Λατίνων
1370 3441 1448 3481 ἀπὸ
1479 3440 1644 3493 Αἰνείου»
1669 3440 1818 3491 ‘mnu
1843 3457 1891 3482 τε
1910 3441 2054 3493 κτίσαι,
