2306 3900
255 257 363 312 572

311 391 492 442 Namque
528 389 642 439 hujus
675 393 829 441 partem
863 403 940 431 non
974 389 1138 432 habebat

255 453 484 504 vigesimam
509 452 700 503 militum]
756 453 915 494 Locum
945 454 1139 506 explicat

255 517 311 557 ad
347 516 577 568 vegetium
621 515 904 573 stewechius,
949 516 1024 559 lib.
1063 529 1137 558 111.

256 592 357 632 cap.
377 583 419 620 9.

311 643 462 689 Quibus
482 642 615 693 fretus
631 642 832 696 conflixit]
888 643 986 684 Duo
1005 643 1137 696 ipsius

257 711 567 758 strategemata
583 712 887 748 commemorat
906 705 1136 760 Polyaenus'

253 769 328 811 lib.
350 781 432 811 vn.

308 834 439 878 Quam
457 833 504 874 ob
521 846 677 875 causam
692 837 845 886 postero
862 835 927 876 die
946 839 1136 887 tropaeum

249 897 399 950 posuit,
417 910 490 950 quo
523 899 608 938 ioco
633 899 764 950 pridie
791 899 1024 951 pugnatum]
1063 900 1135 940 De

255 962 509 1013 Graecorum
527 962 704 1014 tropaeis
731 974 797 1002 res
818 968 885 1002 est
900 962 1134 1003 notissima.

253 1026 459 1065 Testatur
477 1034 620 1066 antem
638 1025 768 1066 Diod.
793 1026 870 1066 lib.
891 1038 994 1068 1111.
1048 1028 1135 1067 Ve'-

251 1092 366 1128 teres
377 1088 414 1128 G
423 1100 556 1129 raecos
574 1101 660 1129 non
672 1089 756 1130 nisi
770 1089 831 1130 διὰ
847 1092 925 1131 τῶν
936 1088 1137 1142 τυχόντων

252 1151 378 1202 ξύλων
395 1153 574 1193 voluisse
590 1152 698 1205 erigi
716 1158 896 1206 tropaea,
918 1166 973 1194 ne
989 1161 1136 1196 essent

253 1216 352 1256 odia
370 1216 642 1258 immortalia.
688 1217 949 1258 Plutarchus
967 1219 1136 1271 quoque

252 1280 329 1330 ait,
360 1291 511 1332 parum
542 1279 656 1332 apud
690 1279 869 1320 Graecos
904 1281 1135 1333 probatum

250 1340 384 1384 fuisse
401 1356 550 1389 eorum
568 1343 749 1394 factum,
765 1343 838 1397 qui
868 1343 995 1396 primi
1023 1356 1047 1384 e
1074 1345 1134 1385 la-

251 1407 353 1459 pide
390 1413 466 1448 aut
509 1419 594 1448 aere
638 1411 847 1458 tropaeum
885 1413 1133 1448 erexerunt.

246 1469 364 1510 Vide
384 1469 514 1510 etiam
544 1482 639 1523 quae
657 1468 809 1510 scribit
827 1468 983 1510 Cicero
1003 1481 1053 1510 11.
1078 1470 1135 1510 de

250 1533 424 1574 Invent.
455 1533 509 1573 de
532 1538 697 1585 tropaeo
717 1544 855 1581 aeneo,
875 1533 991 1586 quod
1021 1533 1134 1573 The·

251 1596 351 1637 bani
382 1596 508 1637 victis
536 1596 876 1637 Lacedaemoniis
906 1597 948 1636 iu
975 1596 1134 1638 finibus

248 1659 335 1700 suis
355 1664 613 1701 statuerunt.
649 1660 814 1700 Casaub.
869 1659 983 1701 Vide
1002 1659 1134 1701 Alex-

252 1723 351 1765 and.
372 1724 426 1765 ab
441 1722 652 1766 Alexand.
671 1723 746 1764 lib.
765 1735 797 1764 1.
816 1726 885 1765 22.

306 1788 419 1829 CAP.
455 1793 496 1830 9.
553 1788 611 1828 At
646 1800 732 1838 rex,
765 1789 866 1839 quod
890 1788 1137 1840 implacabile

250 1851 398 1903 odium]
442 1852 541 1892 Hoc
563 1850 781 1891 Diodorus
801 1850 925 1892 valde
947 1851 1137 1893 breviter

249 1914 416 1965 retulit,
452 1913 564 1968 quod
606 1914 776 1954 Probus
811 1915 957 1955 multis
993 1915 1135 1956 verbis

251 1981 505 2029 persecutus
523 1982 605 2017 est.
662 1969 881 2018 Diodorus
898 1992 908 2018 ς
937 1978 985 2020 ‘0
1004 1977 1046 2019 δὲ
1064 1983 1136 2025 βα-

248 2039 379 2098 σιλεὺς
397 2040 645 2094 Ἀρταξέρξης
662 2041 869 2093 πυθόμενος
884 2041 958 2091 τὴν
975 2057 1139 2096 στρατη-

249 2105 341 2155 ·γίαν
366 2105 436 2145 τοῦ
457 2096 647 2156 Adi-dimi}
677 2104 741 2145 καὶ
771 2105 945 2150 σπεύδων
975 2105 1138 2159 ἅρασθαι

249 2160 464 2220 vestrone?
485 2169 690 2217 ἐπιβουλῆς
708 2168 824 2210 αὐτὸν
843 2166 1135 2221 ἐδολοφόνὴσεν.

249 2234 320 2273 Sic
342 2238 486 2273 autem
501 2234 655 2275 Cicero
671 2233 796 2285 dixit,
815 2235 1135 2287 ‘implacabiles

249 2296 524 2347 iracundias:
545 2297 685 2348 Epist.
705 2297 760 2337 ad
781 2298 931 2340 Quint.
952 2299 1072 2339 Frat.
1094 2302 1132 2338 1.

249 2365 296 2400 et
315 2360 483 2401 Probus
511 2361 814 2412 ‘implacabile
844 2361 1019 2402 odium!
1075 2363 1135 2403 Et

250 2423 363 2464 idem
383 2423 568 2474 Probus,
596 2425 610 2446 ‘
630 2423 849 2476 suscipere
868 2424 1012 2465 odium
1027 2425 1055 2475 ;’
1085 2431 1134 2466 ut

251 2486 423 2538 Cicero,
439 2486 453 2509 ‘
476 2486 698 2538 suscipere
715 2486 987 2527 inimicitias.'
1014 2488 1133 2529 Lam-

248 2549 332 2590 bin.
598 2555 600 2558 ’

305 2612 470 2653 Insidiis
486 2612 726 2667 interficere]
751 2613 1000 2666 Δολοφονεῒν.
1029 2614 1150 2655 Dio-'

249 2676 344 2716 dor.
389 2676 569 2717 Lambin.
625 2677 812 2717 Solenne
843 2679 923 2718 hoc
959 2678 1133 2730 regibus

251 2739 424 2780 sceleris
458 2734 688 2780 artificium
722 2746 803 2793 est,
833 2754 920 2793 eos,
953 2754 1133 2795 quorum

248 2803 414 2855 copiam
433 2808 582 2855 aperta
599 2803 643 2843 vi
662 2803 909 2856 desperant,
938 2805 1136 2845 immissis

250 2866 574 2918 percussoribus
621 2866 878 2907 trucidandi.
949 2867 1132 2910 Diodor.

247 2929 326 2971 lib.
346 2941 422 2970 xv.
443 2929 547 2971 Γαὼς
573 2930 594 2969 ὁ
610 2928 858 2982 ναυαρχήσας
885 2933 962 2970 τῶν
978 2934 1134 2983 Περσῶν

251 2992 295 3032 ἐν
319 2993 377 3042 τῷ
407 2994 610 3044 Κυπριακῷ
638 2990 808 3045 πολέμῳ,
828 2992 1050 3042 ἀποστάτης
1067 2994 1135 3035 ’ὢν

249 3056 321 3096 τοῦ
335 3054 542 3103 βασιλέως,
559 3055 623 3095 καὶ
646 3055 739 3096 τούς·
763 3071 807 3096 τε
821 3056 1133 3106 Λακεδαιμονίους

249 3118 314 3158 καὶ
331 3118 401 3159 τὸν
417 3117 633 3170 Αἰγυπτίων
648 3117 816 3168 βασιλέα
833 3120 1132 3175 παρακεκληκὼς

248 3181 303 3222 εἰς
319 3180 389 3222 τὸν
417 3181 512 3235 πρὸς,
545 3181 696 3235 Πέρσας
721 3181 904 3235 πόλεμον,
921 3185 1132 3234 δολοφονη-

250 3243 326 3284 θεὶς
346 3244 419 3284 ὑπό
435 3260 548 3289 τινων
574 3246 619 3286 οὗ
646 3244 874 3288 συνετέλεσε
903 3245 978 3295 τὴν
998 3246 1131 3299 προαί-

249 3318 366 3358 ρεσιν.
398 3307 598 3355 Gebhard.

307 3370 372 3410 De
394 3370 530 3421 quibus
547 3373 644 3422 quod
663 3372 812 3413 inimici
830 3373 1052 3414 detulerant
1068 3385 1131 3414 ne-

252 3445 323 3489 que
344 3434 575 3475 credendum
607 3447 726 3486 neque
758 3436 1030 3487 negligendum
1061 3450 1133 3491 pu-

641 262 818 310 NOTAE
860 270 1194 312 VARIORUM
1237 272 1301 312 ΙΝ
1346 274 1400 313 G.
1442 272 1706 312 NEPOTIS

1198 392 1322 444 tavit]
1351 392 1521 445 Nempe
1540 391 1772 433 amicorum
1788 391 1985 434 Datamis
2002 392 2081 434 ini-

1200 454 1309 496 mici.
1335 463 1337 466 ’
1357 455 1542 496 Poterat
1557 456 1669 497 enim
1690 456 1882 509 cogitare
1901 467 1972 496 eos
1986 462 2080 502 tan-e

1202 522 1292 558 tum
1321 518 1365 559 id
1395 530 1541 572 agere,
1572 524 1622 560 ut
1650 518 1694 559 in
1727 519 2010 572 suspicionem
2029 531 2083 567 ac

1202 581 1436 633 periculum
1468 582 1523 623 ab
1556 582 1920 626 obtrectatoribus
1949 581 2083 629 addu-

1200 651 1419 696 cerentur,
1453 647 1599 699 sicque
1628 659 1675 688 se
1708 647 1901 688 vindicta
1932 647 2083 700 exple·

1200 712 1312 749 rent.
1365 709 1463 748 Val.
1483 709 1666 750 Maxim.
1686 709 1846 751 liban.
1866 714 1907 751 8.
1925 710 2027 751 Ext.
2042 713 2082 750 1.

1198 770 1211 792 ‘
1231 771 1358 828 Enim
1386 783 1490 812 vero
1523 778 1626 812 tuuc
1658 773 1732 813 ille
1762 774 2018 826 proclamat,
2035 785 2081 813 se

1199 833 1243 873 in
1262 839 1501 885 conspectu
1519 835 1658 875 Ducis
1678 836 1882 885 adversus
1898 849 1996 878 eum
2015 849 2083 877 so-

1199 894 1384 936 licitari:
1430 895 1547 948 quod
1564 896 1666 949 quia
1683 903 1730 938 et
1749 898 2001 949 incredibile
2023 898 2083 939 vi-

1199 957 1400 1010 debatur,
1431 963 1476 998 et
1505 959 1561 998 ad
1594 959 1716 1000 unius
1752 951 1936 1001 tantum·
1955 973 2082 1002 aures

1199 1026 1521 1075 penetraverat,
1538 1028 1584 1062 et
1602 1022 1848 1064 dictabatur
1866 1023 1920 1064 ab
1947 1023 2083 1064 iuimi-

1200 1096 1268 1136 co,
1287 1084 1448 1125 veritas
1465 1083 1553 1125 fide
1572 1085 1739 1126 caruit.'
1793 1083 2083 1138 Hieronymus

1199 1147 1403 1189 adversus
1436 1147 1677 1191 Ruffinum:
1720 1150 1732 1172 ‘
1753 1149 1973 1191 Professae
2004 1150 2084 1191 iui-

1195 1212 1374 1255 micitiae
1402 1212 1688 1265 suspicionem
1718 1213 1879 1254 habent
1909 1213 2081 1254 menda-

1198 1276 1283 1326 cii.’¹
1350 1276 1609 1317 insidiarum
1643 1282 1788 1317 antem
1818 1277 2021 1330 indicium
2055 1290 2083 1318 a

1197 1338 1572 1392 qualibuscunque
1627 1339 1833 1391 delatum,
1880 1352 2084 1393 spernen-

1197 1403 1296 1443 dum
1317 1415 1403 1444 uon
1422 1414 1517 1443 esse
1532 1408 1706 1444 monent
1718 1403 1971 1445 Prudentiae
1985 1415 2083 1445 con-

1197 1467 1314 1507 sulti.
1371 1467 1496 1507 Curt.
1515 1465 1545 1507 l.
1567 1477 1630 1506 vr.
1647 1469 1716 1506 49.
1742 1466 1754 1488 ‘
1773 1465 1825 1505 In
1845 1478 1920 1506 suo
1939 1478 2082 1520 quem-

1198 1541 1282 1583 que
1319 1529 1514 1582 periculo
1550 1541 1749 1581 magnum
1783 1529 1969 1570 animum
2009 1530 2082 1570 ha·

1197 1593 1318 1645 bere,
1337 1607 1434 1635 cum
1466 1594 1522 1635 de
1553 1595 1689 1634 salute
1709 1594 1823 1646 regis
1843 1594 2085 1647 timeretur,

1198 1657 1396 1697 credulos
1415 1668 1512 1697 esse
1540 1656 1728 1707 debere;
1769 1669 1879 1698 vana
1909 1670 2082 1711 quoque

1198 1719 1449 1761 deferentes
1480 1720 1739 1761 admittere.’
1804 1721 1948 1763 Tacit.
1966 1723 2081 1780 ᾼιιη.

1198 1785 1224 1825 l.
1247 1796 1298 1825 11.
1317 1788 1386 1825 40.
1405 1784 1418 1807 ‘
1435 1784 1544 1825 Cum
1558 1784 1783 1825 Tiberium
1801 1797 1959 1838 anceps
1977 1797 2082 1827 cura

1199 1849 1453 1901 distrahere,
1472 1849 1569 1889 vine
1588 1849 1768 1890 militum
1781 1861 1950 1889 servum
1961 1861 2082 1902 suum

1199 1914 1442 1967 coerceret,
1477 1926 1531 1954 an
1569 1914 1740 1955 inanem
1777 1914 2081 1963 eredulitatem

1199 1983 1396 2030 tempore
1415 1979 1510 2030 ipso
1529 1990 1760 2028 vanescere
1774 1978 1949 2020 sineret.
1985 1978 2082 2020 Mo·

1199 2041 1256 2082 do
1274 2042 1380 2082 nihil
1398 2042 1702 2094 spernendum,
1730 2042 1856 2083 modo
1874 2045 1974 2093 {non
1993 2054 2083 2084 om·

1199 2107 1271 2146 nia
1299 2107 1548 2158 metuenda,
1563 2106 1787 2159 ambiguus
1821 2106 1999 2158 pudoris
2028 2119 2080 2163 ac

1197 2175 1355 2222 metus,
1370 2170 1632 2222 reputabat!
1689 2170 1799 2212 Ann.
1833 2171 1892 2212 lib
1913 2182 1992 2212 xv.
2009 2175 2083 2230 519

1196 2235 1208 2256 ‘
1231 2235 1316 2275 Sed
1347 2235 1568 2286 Epicharis
1601 2235 1644 2275 in
1677 2234 1874 2276 custodia
1907 2241 2082 2277 retenta

1197 2302 1278 2349 est,
1307 2303 1589 2350 suspectante
1617 2299 1808 2349 Nerone,
1827 2299 1940 2339 haud
1972 2298 2082 2339 falsa

1196 2373 1306 2412 esse,
1325 2361 1453 2401 etiam
1475 2374 1570 2413 quae
1604 2373 1707 2402 vera
1739 2374 1821 2402 non
1843 2361 2082 2413 probaban-

1196 2424 1297 2464 tur!
1353 2424 1460 2465 Ideo
1478 2425 1551 2477 qui
1569 2430 1912 2476 comparaturum
1936 2423 1980 2464 in
2010 2436 2080 2465 ca-

1195 2492 1275 2539 put
1295 2487 1498 2539 principis
1516 2485 1764 2526 insidiarum
1790 2486 1949 2526 indicia
1978 2497 2077 2538 sup·

1195 2550 1456 2602 primebant,
1476 2549 1536 2590 rei
1553 2549 1706 2601 capitis
1725 2554 1864 2600 erant,
1878 2554 2078 2603 tanquam

1196 2613 1365 2652 silentio
1399 2612 1526 2653 saluti
1562 2612 1778 2664 Principis
1811 2612 2076 2653 nocuissent.

1197 2677 1320 2716 Curt.
1341 2676 1410 2717 lib.
1426 2687 1491 2717 vr.
1505 2679 1571 2716 47.
1590 2677 1603 2698 ‘
1623 2675 1868 2715 Caballinus
1885 2674 2077 2719 ultimum

1196 2739 1458 2792 supplicium
1477 2739 1670 2789 meritus,
1684 2739 1718 2779 si
1735 2739 1777 2778 in
1793 2746 1923 2790 caput
1936 2750 2077 2779 meum

1196 2807 1464 2854 praeparatas
1483 2801 1658 2842 insidias
1677 2802 1805 2842 biduo
1822 2800 1960 2843 texit.⁸
1996 2802 2079 2843 Po-

1196 2865 1322 2917 lyaen.
1351 2865 1396 2905 in
1424 2864 1634 2916 Dionysio
1665 2865 1827 2905 Comm.
1861 2863 1935 2904 lib.
1961 2873 2000 2903 v.
2033 2867 2078 2906 4.

1194 2927 1391 2968 Διονύσιος
1419 2926 1490 2967 τὸν
1523 2925 1596 2976 μὲν
1625 2928 1812 2978 Ἀνδρῶνα
1843 2923 2075 2978 προσέταξεν

1194 2992 1447 3043 ἆναιρηθῆνᾳι,
1466 2989 1523 3030 ὅτι
1541 2988 1647 3030 εὐθὺς
1666 2989 1769 3039 αὐτῷ
1785 2988 2076 3030 καταπλεύσειν·

1193 3070 1230 3095 τι
1247 3054 1302 3104 μὴ
1319 3055 1432 3094 τοῦτο
1452 3051 1627 3103 ἐμήνυσε.
1659 3053 1784 3093 Idem.

1249 3118 1425 3158 Futuras
1464 3116 1631 3156 insidias
1667 3116 1729 3156 illi
1761 3117 1966 3174 dixerant]
2018 3117 2077 3161 P.

1193 3181 1352 3221 Daniel
1379 3184 1566 3221 testatur
1596 3178 1718 3219 libris
1749 3179 1971 3220 veteribus
2000 3179 2076 3220 ab·

1193 3254 1289 3284 esse
1309 3241 1486 3283 verbum
1503 3242 1656 3283 evenire
1674 3247 1770 3293 post
1788 3241 1966 3282 insidias.
2013 3240 2077 3284 At

1193 3307 1398 3348 Schottus
1416 3305 1676 3347 membranis
1694 3306 1779 3345 suis
1795 3304 1966 3357 agnosci
1982 3316 2078 3358 pro·

1193 3369 1356 3411 fitetur.
1412 3371 1655 3421 Utrumque
1685 3373 1730 3408 et
1749 3368 1911 3418 futuras
1929 3372 1975 3408 et
1989 3380 2074 3412 eoe-

1193 3433 1279 3475 nire
1297 3431 1612 3489 supposititium
1631 3442 1800 3473 censeo.
1844 3429 1957 3473 Nam
1977 3442 2074 3475 eum
