2306 3900
0 452 18 591 '··*=·'·”*‹.-⁶r-
0 411 11 417 ἶ
0 375 6 390 ,
0 334 5 350 ,χ
0 309 3 314 ⁷

702 280 823 322 xn.
864 281 1215 331 οΗΑΒΒιΑΜ,
1256 281 1391 319 ο-ΑΡ.
1430 267 1481 319 4.

179 401 333 444 ostium
354 399 582 454 penetrat.’
610 400 704 441 Lib.
723 412 768 440 V.
787 403 826 439 1.
882 399 894 421 ‘
916 398 969 438 In
990 410 1058 438 ru-

179 466 296 519 pium
325 465 610 507 cacuminibus
640 468 763 503 extra
797 461 873 502 teli
890 461 1058 514 jactum

179 531 364 571 Barbari
396 530 570 571 stabant
597 529 650 568 de
682 526 894 568 industria
912 525 1061 579 quieti,

179 599 225 635 et
245 593 501 645 paventibus
533 591 706 642 similes,
737 582 874 630 donec
904 590 946 628 in
967 601 1061 629 arc-

179 657 364 698 tissimas
401 655 544 696 fauces
587 650 839 707 penetraret
876 651 1060 704 agmen.'

179 720 278 762 Lib.
296 732 359 761 v1.
375 716 442 761 22.
468 720 480 742 ‘
498 719 820 770 Torrentesque
839 722 885 756 et
904 715 1064 756 eluvies

180 784 266 824 iter
293 783 584 833 morabantur,
612 782 731 822 nullo
763 786 908 821 tamen
938 780 1064 821 hoste

181 846 307 889 obvio
340 845 616 901 penetravit!
673 846 829 887 Cicero
866 857 944 897 pro
982 843 1065 884 Ar-

182 909 280 950 chia
299 923 312 950 :
359 911 372 932 ‘
389 910 561 962 Cupere
581 909 801 959 debemus,
819 920 903 963 quo
928 907 1066 948 minus

183 979 383 1013 manuum
403 978 643 1013 nostrarum
672 972 762 1012 tela
780 971 1069 1023 pervenerint,

185 1035 339 1076 eodem
356 1036 533 1087 gloriam
551 1035 792 1089 famamque
806 1033 1067 1088 penetrare.'

192 1098 392 1138 Gebhard.

242 1159 372 1200 Navis
397 1164 525 1200 rostro
553 1171 750 1213 permissu,
780 1160 897 1213 coepit
924 1159 1070 1212 sidere]

186 1224 276 1265 Pro
313 1225 553 1276 subsidere,
589 1238 639 1266 ac
693 1225 900 1277 demergi.
955 1225 1072 1265 Non

187 1287 462 1328 dissimulabo
481 1300 576 1328 meo
608 1288 653 1328 in
681 1287 842 1329 Codice
862 1287 1071 1340 scriptum

188 1350 323 1392 fuisse
346 1351 493 1406 fidere,
527 1357 577 1392 ut
594 1351 754 1405 findere
783 1350 997 1405 reperisse
1022 1350 1072 1390 li-

189 1415 354 1456 brarius
365 1415 573 1456 videatur.
584 1415 768 1456 Retineo
780 1419 923 1455 tamen
931 1414 1072 1454 sidere.

188 1478 312 1520 Pedo
330 1477 621 1519 Albinovanus
638 1477 754 1531 apud
772 1477 927 1518 Senec.
943 1476 1072 1517 Rhet.

187 1541 359 1583 suasor.
377 1553 409 1583 1.
462 1542 476 1564 ⁴
494 1542 523 1584 J
527 1554 592 1582 am
609 1541 750 1583 sidere
767 1542 868 1582 limo
889 1540 1077 1592 Navigia

189 1609 235 1644 et
254 1602 406 1655 rapido
434 1604 649 1644 desertam
677 1603 852 1645 flumine
870 1602 1077 1644 classem!

189 1665 387 1708 Schottus.
457 1667 594 1709 Sidere
628 1670 826 1709 anchorae
862 1667 1078 1719 dicuntur,

191 1743 287 1784 quae
307 1730 349 1770 in
375 1730 512 1771 fundo
539 1730 639 1772 fixae
662 1731 838 1772 liaerent.
877 1729 965 1770 Ἐπὶ
983 1732 1077 1782 βρα-

193 1793 296 1845 χέων
313 1794 549 1846 καθέζεσθαι.
583 1794 748 1836 Poeta:
777 1795 790 1817 ‘
809 1793 935 1835 Sidat
950 1806 1076 1835 onus-

196 1863 244 1898 ta
257 1858 408 1898 navis.’
435 1858 606 1898 Salmas.

250 1920 361 1960 Hinc
375 1933 493 1972 quum
518 1921 699 1971 refitgere
716 1933 792 1961 mm
816 1919 967 1972 posset]
1006 1920 1079 1962 Ita

195 1983 281 2024 Ms.
310 1989 518 2025 nostrum.
573 1982 663 2024 Alii
694 1983 969 2036 negationem
1001 1994 1080 2024 ex·

195 2045 406 2101 pungunt.
448 2049 626 2088 Boecler.
694 2047 846 2087 Potius
871 2032 1080 2099 rep‘onen-

196 2110 297 2151 dum
336 2116 419 2161 est,
453 2111 565 2150 Hinc
607 2122 695 2150 cum
727 2109 910 2161 refugere
941 2113 1084 2162 posset,

196 2173 233 2214 si
245 2185 288 2214 se
303 2173 348 2214 in
361 2185 469 2214 mare
481 2173 700 2224 dejecisset.
733 2165 957 2214 Gebhard.

253 2237 474 2290 Exciperet
503 2235 723 2288 natantem]
763 2237 984 2288 Excerpta
1013 2248 1084 2277 na-

199 2305 367 2345 tanteis:
407 2309 456 2344 ut
483 2303 530 2344 in
563 2303 721 2355 Dione,
747 2302 761 2326 ‘
780 2303 823 2342 in
843 2302 989 2343 naveis
1009 2301 1086 2342 im-

199 2367 373 2421 posuit,'
424 2367 725 2409 terminatione
762 2366 932 2408 Graeca.
976 2365 1086 2405 Ken-

199 2431 310 2472 chen.

257 2494 387 2540 Quam
406 2494 528 2534 armis
544 2492 723 2545 abjectis]
749 2491 877 2535 Quod
902 2495 998 2532 erat
1013 2488 1089 2532 fla·

203 2557 354 2610 gitium
374 2557 576 2607 militare,
605 2563 650 2596 et
669 2555 825 2608 capitis
856 2567 982 2608 poena
1013 2566 1089 2594 ex·

204 2620 424 2674 piandum.
492 2619 751 2661 Aristoteles
787 2618 863 2659 lib.
899 2629 952 2658 11.
981 2617 1093 2656 Rhe-

204 2689 287 2725 tor.
341 2682 495 2735 Αἰσχρά
511 2683 633 2734 ἐστιν,
660 2685 734 2722 ὅσα
749 2681 826 2722 &rb
842 2680 977 2722 κακίας
997 2678 1094 2732 ἔργα

205 2744 327 2786 ἐστίν.
345 2744 425 2786 οἷον
450 2744 690 2792 ἀποβάλλειν
720 2742 876 2794 ἀσπίδα,
901 2741 926 2790 ἢ
944 2744 1094 2794 φυγεῖν.

206 2807 318 2847 Inde
354 2807 693 2847 Lacedaemoniae
732 2806 951 2857 mulieres,
984 2803 1094 2846 filios

207 2882 305 2911 suos
338 2869 381 2909 in
416 2870 611 2910 militiam
630 2869 913 2918 dimittentes,
932 2868 1012 2908 boc
1033 2867 1093 2908 eis

207 2932 412 2973 mandare
444 2933 653 2984 solebant,
668 2931 694 2980 ἢ
723 2931 796 2973 σὺν
829 2929 972 2983 τούτῳ,
988 2930 1014 2979 ᾖ
1031 2930 1094 2971 ἐπὶ

205 2993 346 3046 τούτῳ.
375 2995 556 3036 Iambin.
604 2996 777 3036 Praeter
809 3007 860 3036 ea
887 3006 982 3048 quae
1004 2993 1096 3035 Go-

208 3057 428 3099 descalcus
460 3059 503 3098 in
524 3059 681 3111 Veget.
700 3057 841 3112 infigit
861 3058 937 3099 lib.
958 3069 1007 3099 ιι.
1029 3062 1095 3100 14.

210 3119 297 3160 vid.
334 3121 542 3161 Senecam
581 3121 636 3161 de
671 3119 828 3164 Benef.
854 3132 901 3163 v.
916 3124 959 3163 2.
988 3118 1095 3164 Infr.

211 3182 255 3223 in
277 3182 537 3226 Hamilcare.
566 3184 732 3228 Severo.

1896 264 2002 317 553

1176 398 1267 450 Ille,
1283 401 1474 449 praestare
1494 397 1692 437 honestam
1716 398 1880 436 mortem
1897 395 2006 446 turpi

1121 460 1236 512 vitae]
1277 461 1398 500 Pene
1431 461 1484 500 ad
1514 459 1693 500 verbum
1712 458 1767 499 de
1787 458 2006 511 Antigono

1123 523 1351 574 Polyaenus
1379 523 1620 563 Comment.
1649 522 1724 564 lib.
1755 534 1816 562 w.
1845 527 1885 563 5.
1931 522 2009 561 Τοῦ

1124 584 1198 638 ζῇν
1213 585 1381 636 ἀγεννῶς
1397 585 1445 625 τὸ
1459 584 1635 634 θνήσκειν
1653 585 1829 638 ἀνδρείως
1854 584 2008 638 αἱρετώ-

1123 665 1237 703 τερον
1271 649 1496 701 ἡγούμενος.
1563 650 1755 700 Tacitus,
1803 649 2012 702 Agricola

1126 726 1223 766 cap.
1259 717 1325 754 33.
1368 715 1381 736 ⁴
1401 713 1591 754 Proinde
1620 718 1666 753 et
1695 714 1877 753 honesta
1896 725 2011 752 mors

1128 779 1242 830 turpi
1267 777 1358 817 vita
1395 777 1554 829 potior,
1572 782 1618 816 et
1650 775 1922 816 incolumitas
1960 788 2011 816 ac

1129 842 1261 882 decus
1281 840 1433 881 eodem
1453 841 1550 881 loco
1570 839 1652 880 sita
1683 839 1806 879 sunt?
1861 839 1915 878 P.
1935 839 2013 890 Sy-

1130 917 1226 945 rus:
1256 905 1268 927 ‘
1288 905 1393 945 Vita
1415 904 1596 944 hominis
1626 902 1795 952 brevis;
1825 902 1924 942 ideo
1942 903 2015 942 ho-

1129 973 1252 1009 nesta
1265 980 1379 1008 mors
1398 964 1812 1008 est‘immortalitas?
1859 965 2017 1006 Sallus-

1131 1033 1214 1074 tius
1233 1031 1261 1074 J
1269 1030 1476 1087 ugurtha:
1517 1031 1529 1052 ‘
1543 1029 1660 1071 Sulla
1679 1041 1703 1070 a
1720 1029 1875 1069 Mauro
1894 1041 2016 1081 roga·

1131 1102 1217 1147 tus,
1237 1097 1301 1137 uti
1332 1100 1465 1136 noctu
1496 1095 1607 1135 clam
1635 1093 1915 1148 profugeret:
1955 1093 2018 1134 in·

1134 1165 1267 1201 certae
1288 1171 1339 1200 ac
1376 1158 1554 1199 forsitan
1583 1163 1682 1211 post
1701 1158 1843 1210 paullo
1867 1157 2018 1198 morbo

1134 1224 1377 1265 interiturae
1409 1223 1509 1263 vitae
1543 1233 1722 1273 parcere
1769 1222 1887 1274 turpi
1919 1220 2020 1273 fuga

1135 1285 1337 1328 recusat!
1372 1286 1468 1326 Tali
1490 1285 1632 1326 animo
1650 1285 1827 1325 fuerunt
1847 1283 2020 1337 quidam

1136 1349 1251 1402 apud
1268 1350 1480 1402 Caesarem
1491 1348 1765 1389 centuriones
1781 1348 2023 1390 Comment.

1135 1413 1213 1453 lib.
1249 1423 1315 1453 vr.
1340 1415 1419 1459 40.
1473 1412 1486 1434 ‘
1517 1411 1830 1463 Centuriones,'
1871 1411 2026 1465 inquit,

1134 1475 1150 1502 ‘
1167 1489 1347 1531 quorum
1363 1476 1558 1516 nonnulli
1576 1488 1630 1516 ex
1653 1474 1927 1517 inferioribus
1955 1487 2025 1516 or-

1137 1540 1306 1582 dinibus
1332 1539 1592 1593 reliquarum
1627 1539 1843 1592 legionum
1878 1551 2029 1580 caussa

1139 1604 1312 1645 virtutis
1339 1603 1384 1644 in
1419 1603 1662 1656 superiores
1697 1607 1821 1643 erant
1855 1603 2027 1646 ordines

1139 1668 1265 1720 hujus
1298 1666 1478 1720 legionis
1499 1666 1708 1717 traducti,
1735 1679 1791 1706 ne
1812 1671 1912 1707 ante
1934 1678 2029 1719 par-

1142 1738 1229 1773 tam
1251 1731 1315 1772 rei
1342 1731 1539 1772 militaris
1570 1730 1739 1771 laudern
1761 1730 2029 1781 amitterent,

1140 1794 1371 1837 fortissime
1417 1799 1659 1848 pugnantes
1716 1793 2029 1835 conciderunt!

1138 1859 1277 1901 Plane
1314 1871 1368 1901 ex
1395 1865 1540 1899 mente
1576 1858 1777 1900 Chabriae
1812 1858 2030 1899 Isocrates

1139 1923 1432 1975 Panegyrico,
1448 1924 1528 1962 τῶν
1545 1921 1691 1971 ἀνδρῶν
1707 1923 1792 1962 τοῖς
1810 1922 1947 1961 καλοῖς
1961 1920 2028 1961 καὶ

1141 1987 1301 2037 ἀγαθοῖς
1332 1985 1583 2040 αἱρετώτερόν
1611 1987 1699 2027 ἐστι
1730 1989 1858 2027 καλῶς
1885 1987 2030 2026 ἀποθα-

1142 2052 1222 2091 νεῖν
1236 2049 1262 2099 ἢ
1286 2049 1362 2104 ζῇν
1374 2049 1552 2102 αἰσχρῶς.
1588 2049 1755 2102 Argute
1772 2055 1819 2090 et
1842 2050 2031 2090 mascnle

1143 2114 1346 2156 Valerius
1359 2113 1438 2156 lib.
1455 2125 1526 2155 111.
1548 2116 1613 2154 11.
1633 2113 1818 2165 exempl.
1835 2115 1900 2152 14.
1919 2113 1932 2135 ‘
1952 2111 2034 2152 Ca-

1145 2177 1222 2230 to,’
1236 2177 1387 2231 inquit,
1406 2177 1419 2199 ‘
1435 2175 1830 2217 constantissimein
1847 2173 2035 2226 gladium

1144 2240 1450 2292 incumbendo,
1480 2251 1680 2293 magnum
1698 2238 1939 2280 bominibus
1960 2237 2036 2278 do·

1147 2309 1394 2345 cumentum
1413 2303 1586 2354 dedisti,
1601 2307 1762 2357 quanto
1776 2302 1918 2356 potior
1939 2314 2037 2342 esse

1148 2368 1306 2409 debeat
1320 2368 1468 2421 probis
1487 2367 1676 2419 dignitas
1686 2366 1778 2407 sine
1793 2367 1899 2418 vita,
1911 2378 2037 2419 quam

1146 2430 1240 2472 vita
1256 2431 1348 2471 sine
1368 2429 1612 2483 dignitate?
1668 2429 1729 2470 At
1749 2429 1890 2482 ignavi
1906 2428 2039 2481 pluris

1150 2494 1491 2548 qualemcunque
1523 2493 1658 2534 vitam
1686 2493 1867 2534 honesta
1898 2497 2038 2534 morte

1151 2558 1386 2610 aestimant,
1420 2563 1471 2597 ut
1501 2557 1694 2610 loquitur
1723 2556 1886 2596 Darius
1925 2555 2040 2608 apud

1136 2672 1139 2676 .
1154 2621 1275 2661 Curt.
1311 2619 1517 2660 Gebhard.

1210 2682 1318 2723 Telis
1350 2682 1520 2723 hostium
1555 2680 1785 2730 interfectus
1827 2681 1906 2733 est]
1958 2680 2042 2721 Ar·

1155 2746 1312 2787 chonte
1354 2744 1651 2797 Cephisidoro,
1688 2743 1935 2796 olympiad.
1971 2755 2044 2786 cv,

1157 2820 1267 2849 anno
1287 2818 1358 2848 ιιι.
1388 2807 1589 2848 Chronol.
1626 2807 1851 2849 Quomodo
1873 2806 2044 2859 Ctesip-

1155 2884 1236 2924 pus
1256 2871 1347 2924 ejus
1377 2869 1489 2910 filins
1521 2875 1748 2922 paternum
1768 2870 2044 2922 sepulchrum

1155 2933 1348 2986 violarit,
1367 2932 1468 2973 vide
1490 2932 1602 2986 apud
1616 2931 1875 2973 Athenaeum
1891 2933 1965 2973 lib.
1978 2945 2044 2975 tv.

1156 2999 1224 3038 20.
1254 2996 1326 3038 ubi
1355 2996 1408 3037 de
1437 2996 1519 3036 isto
1546 2994 1711 3049 flagitio
1744 2997 1870 3049 plura
1899 3009 1952 3036 ex
1971 2996 2046 3036 Di·

1157 3061 1291 3113 philo,
1308 3059 1514 3111 Timocle,
1533 3065 1580 3102 et
1608 3060 1850 3101 Menandro
1879 3059 1921 3100 in
1936 3060 2046 3102 hanc

1155 3122 1378 3165 historiam
1398 3120 1540 3167 affert.
