<?xml version="1.0" encoding="UTF-8"?>
<!DOCTYPE html PUBLIC "-//W3C//DTD XHTML 1.0 Transitional//EN"
    "http://www.w3.org/TR/xhtml1/DTD/xhtml1-transitional.dtd">
<html xmlns="http://www.w3.org/1999/xhtml" xml:lang="en" lang="en">
 <head>
  <title>
</title>
<meta http-equiv="Content-Type" content="text/html;charset=utf-8" />
  <meta name='ocr-system' content='tesseract 3.04.00' />
  <meta name='ocr-capabilities' content='ocr_page ocr_carea ocr_par ocr_line ocrx_word'/>
</head>
<body>
  <div class='ocr_page' id='page_1' title='image "./vitaeexcellentiu02nepouoft_0466.png"; bbox 0 0 2306 3900; ppageno 0'>
   <div class='ocr_carea' id='block_1_1' title="bbox 296 236 392 292">
    <p class='ocr_par' dir='ltr' id='par_1_1' title="bbox 296 236 392 292">
     <span class='ocr_line' id='line_1_1' title="bbox 296 236 392 292; baseline 0.021 -2"><span class='ocrx_word' id='word_1_1' title='bbox 296 236 392 292; x_wconf 76' lang='lat' dir='ltr'>cxl</span> 
     </span>
    </p>
   </div>
   <div class='ocr_carea' id='block_1_2' title="bbox 281 376 1184 3536">
    <p class='ocr_par' dir='ltr' id='par_1_2' title="bbox 342 376 1183 910">
     <span class='ocr_line' id='line_1_2' title="bbox 350 376 1183 429; baseline 0.002 -15"><span class='ocrx_word' id='word_1_2' title='bbox 350 382 486 427; x_wconf 84' lang='lat' dir='ltr'>patum</span> <span class='ocrx_word' id='word_1_3' title='bbox 500 376 736 429; x_wconf 63' lang='lat' dir='ltr'>eloquentia</span> <span class='ocrx_word' id='word_1_4' title='bbox 763 389 853 424; x_wconf 82' lang='lat' dir='ltr'>xxv,</span> <span class='ocrx_word' id='word_1_5' title='bbox 871 382 897 417; x_wconf 84' lang='lat'>5</span> <span class='ocrx_word' id='word_1_6' title='bbox 943 377 1107 429; x_wconf 84' lang='lat' dir='ltr'>primum</span> <span class='ocrx_word' id='word_1_7' title='bbox 1127 378 1183 417; x_wconf 91' lang='lat' dir='ltr'>lo-</span> 
     </span>
     <span class='ocr_line' id='line_1_3' title="bbox 349 430 1184 494; baseline 0.002 -26"><span class='ocrx_word' id='word_1_8' title='bbox 349 442 440 469; x_wconf 89' lang='lat' dir='ltr'>cum</span> <span class='ocrx_word' id='word_1_9' title='bbox 477 436 608 470; x_wconf 87' lang='lat' dir='ltr'>tenere</span> <span class='ocrx_word' id='word_1_10' title='bbox 640 430 814 494; x_wconf 45' lang='lat' dir='ltr'>(versari.</span> <span class='ocrx_word' id='word_1_11' title='bbox 832 430 875 469; x_wconf 93' lang='lat' dir='ltr'>in</span> <span class='ocrx_word' id='word_1_12' title='bbox 906 431 993 470; x_wconf 92' lang='lat' dir='ltr'>loco</span> <span class='ocrx_word' id='word_1_13' title='bbox 1025 430 1184 492; x_wconf 86' lang='lat' dir='ltr'>primo),</span> 
     </span>
     <span class='ocr_line' id='line_1_4' title="bbox 349 482 1183 537; baseline 0.002 -15"><span class='ocrx_word' id='word_1_14' title='bbox 349 482 466 523; x_wconf 84' lang='lat' dir='ltr'>Praef.</span> <span class='ocrx_word' id='word_1_15' title='bbox 511 484 641 523; x_wconf 87' lang='lat' dir='ltr'>locum</span> <span class='ocrx_word' id='word_1_16' title='bbox 671 483 852 523; x_wconf 85' lang='lat' dir='ltr'>amicitiae</span> <span class='ocrx_word' id='word_1_17' title='bbox 881 485 986 536; x_wconf 85' lang='lat' dir='ltr'>apud</span> <span class='ocrx_word' id='word_1_18' title='bbox 1013 484 1183 537; x_wconf 84' lang='lat' dir='ltr'>aliquem</span> 
     </span>
     <span class='ocr_line' id='line_1_5' title="bbox 345 536 1183 590; baseline 0.005 -16"><span class='ocrx_word' id='word_1_19' title='bbox 345 536 453 584; x_wconf 83' lang='lat' dir='ltr'>xviii,</span> <span class='ocrx_word' id='word_1_20' title='bbox 468 541 489 577; x_wconf 92' lang='lat' dir='ltr'>l</span> <span class='ocrx_word' id='word_1_21' title='bbox 521 537 651 576; x_wconf 85' lang='lat' dir='ltr'>locum</span> <span class='ocrx_word' id='word_1_22' title='bbox 669 538 884 577; x_wconf 84' lang='lat' dir='ltr'>secundum</span> <span class='ocrx_word' id='word_1_23' title='bbox 901 538 1054 590; x_wconf 88' lang='lat' dir='ltr'>imperii</span> <span class='ocrx_word' id='word_1_24' title='bbox 1071 539 1183 586; x_wconf 85' lang='lat' dir='ltr'>xviii,</span> 
     </span>
     <span class='ocr_line' id='line_1_6' title="bbox 344 591 1182 643; baseline 0.001 -13"><span class='ocrx_word' id='word_1_25' title='bbox 344 593 372 630; x_wconf 73' lang='lat'>4</span> <span class='ocrx_word' id='word_1_26' title='bbox 419 595 551 631; x_wconf 85' lang='lat' dir='ltr'>tenere</span> <span class='ocrx_word' id='word_1_27' title='bbox 583 591 626 629; x_wconf 89' lang='lat' dir='ltr'>in</span> <span class='ocrx_word' id='word_1_28' title='bbox 657 602 728 630; x_wconf 87' lang='lat' dir='ltr'>sua</span> <span class='ocrx_word' id='word_1_29' title='bbox 757 597 953 643; x_wconf 80' lang='lat' dir='ltr'><strong>potestate</strong></span> <span class='ocrx_word' id='word_1_30' title='bbox 983 592 1182 631; x_wconf 86' lang='lat' dir='ltr'>civitatem</span> 
     </span>
     <span class='ocr_line' id='line_1_7' title="bbox 344 641 1173 698; baseline 0.006 -17"><span class='ocrx_word' id='word_1_31' title='bbox 344 641 443 694; x_wconf 87' lang='lat' dir='ltr'>(sibi</span> <span class='ocrx_word' id='word_1_32' title='bbox 478 644 701 691; x_wconf 86' lang='lat' dir='ltr'>conciliare,</span> <span class='ocrx_word' id='word_1_33' title='bbox 734 658 843 683; x_wconf 86' lang='lat' dir='ltr'>suam</span> <span class='ocrx_word' id='word_1_34' title='bbox 878 645 1025 698; x_wconf 75' lang='lat' dir='ltr'>facere)</span> <span class='ocrx_word' id='word_1_35' title='bbox 1070 646 1123 693; x_wconf 90' lang='lat' dir='ltr'>vi,</span> <span class='ocrx_word' id='word_1_36' title='bbox 1156 649 1173 686; x_wconf 88' lang='lat' dir='ltr'>l</span> 
     </span>
     <span class='ocr_line' id='line_1_8' title="bbox 345 697 1180 760; baseline 0.002 -26"><span class='ocrx_word' id='word_1_37' title='bbox 345 701 478 736; x_wconf 86' lang='lat' dir='ltr'>tenere</span> <span class='ocrx_word' id='word_1_38' title='bbox 507 697 549 736; x_wconf 89' lang='lat' dir='ltr'>in</span> <span class='ocrx_word' id='word_1_39' title='bbox 578 711 649 738; x_wconf 91' lang='lat' dir='ltr'>sua</span> <span class='ocrx_word' id='word_1_40' title='bbox 678 703 872 750; x_wconf 77' lang='lat' dir='ltr'><strong>potestate</strong></span> <span class='ocrx_word' id='word_1_41' title='bbox 897 699 1087 750; x_wconf 87' lang='lat' dir='ltr'>populum</span> <span class='ocrx_word' id='word_1_42' title='bbox 1117 699 1180 760; x_wconf 87' lang='lat' dir='ltr'>(v.</span> 
     </span>
     <span class='ocr_line' id='line_1_9' title="bbox 345 749 1179 814; baseline 0.004 -26"><span class='ocrx_word' id='word_1_43' title='bbox 345 749 521 814; x_wconf 49' lang='lat' dir='ltr'>Potest).</span> <span class='ocrx_word' id='word_1_44' title='bbox 544 764 585 798; x_wconf 89' lang='lat' dir='ltr'>v,</span> <span class='ocrx_word' id='word_1_45' title='bbox 603 756 630 792; x_wconf 82' lang='grc'>2</span> <span class='ocrx_word' id='word_1_46' title='bbox 666 753 801 790; x_wconf 86' lang='lat' dir='ltr'>urbem</span> <span class='ocrx_word' id='word_1_47' title='bbox 820 764 1043 814; x_wconf 82' lang='lat' dir='ltr'>oppressam</span> <span class='ocrx_word' id='word_1_48' title='bbox 1062 752 1179 791; x_wconf 86' lang='lat' dir='ltr'>servi-</span> 
     </span>
     <span class='ocr_line' id='line_1_10' title="bbox 344 804 1179 851; baseline 0.004 -10"><span class='ocrx_word' id='word_1_49' title='bbox 344 808 429 842; x_wconf 86' lang='lat' dir='ltr'>tute</span> <span class='ocrx_word' id='word_1_50' title='bbox 456 804 538 851; x_wconf 85' lang='lat' dir='ltr'>viii,</span> <span class='ocrx_word' id='word_1_51' title='bbox 558 809 581 845; x_wconf 91' lang='lat'><strong>1</strong></span> <span class='ocrx_word' id='word_1_52' title='bbox 626 811 757 845; x_wconf 86' lang='lat' dir='ltr'>tenere</span> <span class='ocrx_word' id='word_1_53' title='bbox 783 817 923 844; x_wconf 83' lang='lat' dir='ltr'>navem</span> <span class='ocrx_word' id='word_1_54' title='bbox 941 806 982 843; x_wconf 89' lang='lat' dir='ltr'>in</span> <span class='ocrx_word' id='word_1_55' title='bbox 1001 806 1179 844; x_wconf 85' lang='lat' dir='ltr'>anchoris</span> 
     </span>
     <span class='ocr_line' id='line_1_11' title="bbox 342 856 1180 910; baseline 0.001 -14"><span class='ocrx_word' id='word_1_56' title='bbox 342 856 386 903; x_wconf 82' lang='lat' dir='ltr'>ii,</span> <span class='ocrx_word' id='word_1_57' title='bbox 406 860 432 897; x_wconf 89' lang='lat'>8</span> <span class='ocrx_word' id='word_1_58' title='bbox 476 864 608 898; x_wconf 87' lang='lat' dir='ltr'>tenere</span> <span class='ocrx_word' id='word_1_59' title='bbox 640 858 926 910; x_wconf 86' lang='lat' dir='ltr'>possessionem</span> <span class='ocrx_word' id='word_1_60' title='bbox 942 857 1086 898; x_wconf 83' lang='lat' dir='ltr'>Siciliae</span> <span class='ocrx_word' id='word_1_61' title='bbox 1113 873 1180 906; x_wconf 84' lang='lat' dir='ltr'>xx,</span> 
     </span>
    </p>

    <p class='ocr_par' dir='ltr' id='par_1_3' title="bbox 296 909 1182 1540">
     <span class='ocr_line' id='line_1_12' title="bbox 296 909 1181 974; baseline 0.005 -27"><span class='ocrx_word' id='word_1_62' title='bbox 296 944 298 946; x_wconf 93' lang='lat'>.</span> <span class='ocrx_word' id='word_1_63' title='bbox 341 914 370 950; x_wconf 84' lang='grc'>2</span> <span class='ocrx_word' id='word_1_64' title='bbox 397 909 595 974; x_wconf 77' lang='lat' dir='ltr'>regionem</span> <span class='ocrx_word' id='word_1_65' title='bbox 612 910 690 964; x_wconf 86' lang='lat' dir='ltr'>(sc.</span> <span class='ocrx_word' id='word_1_66' title='bbox 709 911 859 951; x_wconf 79' lang='lat' dir='ltr'>ditione</span> <span class='ocrx_word' id='word_1_67' title='bbox 885 917 927 951; x_wconf 90' lang='lat' dir='ltr'>et</span> <span class='ocrx_word' id='word_1_68' title='bbox 942 911 1059 952; x_wconf 84' lang='lat' dir='ltr'>armis</span> <span class='ocrx_word' id='word_1_69' title='bbox 1078 913 1181 951; x_wconf 86' lang='lat' dir='ltr'>obti-</span> 
     </span>
     <span class='ocr_line' id='line_1_13' title="bbox 341 963 1180 1027; baseline 0.005 -25"><span class='ocrx_word' id='word_1_70' title='bbox 341 963 457 1017; x_wconf 87' lang='lat' dir='ltr'>nere)</span> <span class='ocrx_word' id='word_1_71' title='bbox 483 964 513 1012; x_wconf 88' lang='lat' dir='ltr'>i,</span> <span class='ocrx_word' id='word_1_72' title='bbox 528 969 551 1004; x_wconf 90' lang='lat' dir='ltr'>l</span> <span class='ocrx_word' id='word_1_73' title='bbox 564 964 691 1027; x_wconf 80' lang='lat' dir='ltr'>(Sicz</span> <span class='ocrx_word' id='word_1_74' title='bbox 712 965 851 1017; x_wconf 82' lang='lat' dir='ltr'>Virgil.</span> <span class='ocrx_word' id='word_1_75' title='bbox 868 965 1082 1004; x_wconf 83' lang='lat' dir='ltr'>&#39;Vastabat</span> <span class='ocrx_word' id='word_1_76' title='bbox 1096 966 1180 1018; x_wconf 89' lang='lat' dir='ltr'>Cy-</span> 
     </span>
     <span class='ocr_line' id='line_1_14' title="bbox 342 1018 1180 1071; baseline 0.004 -15"><span class='ocrx_word' id='word_1_77' title='bbox 342 1030 470 1069; x_wconf 88' lang='lat' dir='ltr'>prum,</span> <span class='ocrx_word' id='word_1_78' title='bbox 482 1025 524 1058; x_wconf 90' lang='lat' dir='ltr'>et</span> <span class='ocrx_word' id='word_1_79' title='bbox 539 1018 663 1058; x_wconf 87' lang='lat' dir='ltr'>victor</span> <span class='ocrx_word' id='word_1_80' title='bbox 679 1018 830 1059; x_wconf 76' lang='lat' dir='ltr'><strong>ditione</strong></span> <span class='ocrx_word' id='word_1_81' title='bbox 843 1019 1013 1058; x_wconf 79' lang='lat' dir='ltr'>tenebat’</span> <span class='ocrx_word' id='word_1_82' title='bbox 1018 1018 1051 1071; x_wconf 92' lang='lat'>).</span> <span class='ocrx_word' id='word_1_83' title='bbox 1070 1025 1180 1059; x_wconf 89' lang='lat' dir='ltr'>tene-</span> 
     </span>
     <span class='ocr_line' id='line_1_15' title="bbox 341 1071 1182 1135; baseline 0 -25"><span class='ocrx_word' id='word_1_84' title='bbox 341 1083 384 1110; x_wconf 81' lang='lat' dir='ltr'>re</span> <span class='ocrx_word' id='word_1_85' title='bbox 413 1072 662 1135; x_wconf 78' lang='lat' dir='ltr'>propositum</span> <span class='ocrx_word' id='word_1_86' title='bbox 685 1071 935 1126; x_wconf 87' lang='lat' dir='ltr'>(permanere</span> <span class='ocrx_word' id='word_1_87' title='bbox 966 1073 1009 1112; x_wconf 86' lang='lat' dir='ltr'>in</span> <span class='ocrx_word' id='word_1_88' title='bbox 1044 1072 1182 1126; x_wconf 84' lang='lat' dir='ltr'>prop.)</span> 
     </span>
     <span class='ocr_line' id='line_1_16' title="bbox 343 1125 1181 1188; baseline 0.001 -25"><span class='ocrx_word' id='word_1_89' title='bbox 343 1125 453 1172; x_wconf 86' lang='lat' dir='ltr'>xviii,</span> <span class='ocrx_word' id='word_1_90' title='bbox 473 1129 498 1166; x_wconf 74' lang='lat'><strong>3</strong></span> <span class='ocrx_word' id='word_1_91' title='bbox 537 1125 603 1188; x_wconf 85' lang='lat' dir='ltr'>(v.</span> <span class='ocrx_word' id='word_1_92' title='bbox 635 1126 827 1179; x_wconf 88' lang='lat' dir='ltr'>Propos.)</span> <span class='ocrx_word' id='word_1_93' title='bbox 855 1131 987 1166; x_wconf 86' lang='lat' dir='ltr'>tenere</span> <span class='ocrx_word' id='word_1_94' title='bbox 1006 1139 1046 1165; x_wconf 90' lang='lat' dir='ltr'>se</span> <span class='ocrx_word' id='word_1_95' title='bbox 1071 1127 1181 1166; x_wconf 89' lang='lat' dir='ltr'>domi</span> 
     </span>
     <span class='ocr_line' id='line_1_17' title="bbox 343 1178 1182 1232; baseline 0.001 -15"><span class='ocrx_word' id='word_1_96' title='bbox 343 1193 383 1225; x_wconf 83' lang='lat' dir='ltr'>x,</span> <span class='ocrx_word' id='word_1_97' title='bbox 402 1181 429 1219; x_wconf 87' lang='grc'>9</span> <span class='ocrx_word' id='word_1_98' title='bbox 456 1178 575 1218; x_wconf 81' lang='lat' dir='ltr'>alibi:</span> <span class='ocrx_word' id='word_1_99' title='bbox 605 1186 738 1220; x_wconf 86' lang='lat' dir='ltr'>tenere</span> <span class='ocrx_word' id='word_1_100' title='bbox 755 1193 798 1219; x_wconf 87' lang='lat' dir='ltr'>se</span> <span class='ocrx_word' id='word_1_101' title='bbox 811 1180 930 1218; x_wconf 86' lang='lat' dir='ltr'>domo</span> <span class='ocrx_word' id='word_1_102' title='bbox 956 1193 1020 1226; x_wconf 79' lang='lat' dir='ltr'>xv,</span> <span class='ocrx_word' id='word_1_103' title='bbox 1036 1183 1088 1220; x_wconf 87' lang='lat'>10</span> <span class='ocrx_word' id='word_1_104' title='bbox 1116 1179 1182 1232; x_wconf 91' lang='lat' dir='ltr'>(ut</span> 
     </span>
     <span class='ocr_line' id='line_1_18' title="bbox 344 1207 1180 1285; baseline 0.002 -14"><span class='ocrx_word' id='word_1_105' title='bbox 344 1207 446 1271; x_wconf 65' lang='lat' dir='ltr'>Riss.</span> <span class='ocrx_word' id='word_1_106' title='bbox 446 1232 632 1285; x_wconf 83' lang='lat' dir='ltr'>legunt:</span> <span class='ocrx_word' id='word_1_107' title='bbox 668 1246 707 1272; x_wconf 83' lang='lat' dir='ltr'>v.</span> <span class='ocrx_word' id='word_1_108' title='bbox 726 1233 817 1275; x_wconf 84' lang='lat' dir='ltr'>VV.</span> <span class='ocrx_word' id='word_1_109' title='bbox 837 1231 944 1285; x_wconf 89' lang='lat' dir='ltr'>LL.)</span> <span class='ocrx_word' id='word_1_110' title='bbox 978 1246 1058 1271; x_wconf 91' lang='lat' dir='ltr'>uno</span> <span class='ocrx_word' id='word_1_111' title='bbox 1092 1233 1180 1273; x_wconf 85' lang='lat' dir='ltr'>loco</span> 
     </span>
     <span class='ocr_line' id='line_1_19' title="bbox 343 1285 1180 1334; baseline 0.002 -10"><span class='ocrx_word' id='word_1_112' title='bbox 343 1285 450 1332; x_wconf 88' lang='lat' dir='ltr'>xviii,</span> <span class='ocrx_word' id='word_1_113' title='bbox 487 1292 527 1328; x_wconf 82' lang='lat'>5.</span> <span class='ocrx_word' id='word_1_114' title='bbox 573 1285 680 1334; x_wconf 82' lang='lat' dir='ltr'>xxiii,</span> <span class='ocrx_word' id='word_1_115' title='bbox 699 1290 753 1327; x_wconf 79' lang='lat'>12</span> <span class='ocrx_word' id='word_1_116' title='bbox 811 1288 1015 1326; x_wconf 85' lang='lat' dir='ltr'>adversum</span> <span class='ocrx_word' id='word_1_117' title='bbox 1048 1293 1180 1327; x_wconf 84' lang='lat' dir='ltr'>tenere</span> 
     </span>
     <span class='ocr_line' id='line_1_20' title="bbox 341 1338 1180 1402; baseline 0.002 -25"><span class='ocrx_word' id='word_1_118' title='bbox 341 1339 679 1391; x_wconf 85' lang='lat' dir='ltr'>proficiscentibus</span> <span class='ocrx_word' id='word_1_119' title='bbox 705 1341 735 1387; x_wconf 90' lang='lat' dir='ltr'>i,</span> <span class='ocrx_word' id='word_1_120' title='bbox 755 1344 777 1381; x_wconf 90' lang='lat'>1</span> <span class='ocrx_word' id='word_1_121' title='bbox 807 1339 868 1402; x_wconf 65' lang='lat' dir='ltr'>(v5</span> <span class='ocrx_word' id='word_1_122' title='bbox 885 1340 1052 1380; x_wconf 84' lang='lat' dir='ltr'>Advers</span> <span class='ocrx_word' id='word_1_123' title='bbox 1055 1338 1074 1393; x_wconf 98' lang='lat'><em>)</em></span> <span class='ocrx_word' id='word_1_124' title='bbox 1094 1354 1180 1391; x_wconf 89' lang='lat' dir='ltr'>per-</span> 
     </span>
     <span class='ocr_line' id='line_1_21' title="bbox 340 1393 1179 1456; baseline 0 -24"><span class='ocrx_word' id='word_1_125' title='bbox 340 1399 462 1444; x_wconf 81' lang='lat' dir='ltr'>petuo</span> <span class='ocrx_word' id='word_1_126' title='bbox 481 1394 692 1456; x_wconf 84' lang='lat' dir='ltr'>praesidio</span> <span class='ocrx_word' id='word_1_127' title='bbox 680 1407 722 1432; x_wconf 87' lang='grc' dir='ltr'>ιιι</span> <span class='ocrx_word' id='word_1_128' title='bbox 737 1393 945 1433; x_wconf 81' lang='lat' dir='ltr'>obsidione</span> <span class='ocrx_word' id='word_1_129' title='bbox 969 1394 1103 1438; x_wconf 89' lang='lat' dir='ltr'>urbem</span> <span class='ocrx_word' id='word_1_130' title='bbox 1121 1400 1179 1433; x_wconf 88' lang='lat' dir='ltr'>te-</span> 
     </span>
     <span class='ocr_line' id='line_1_22' title="bbox 340 1447 1180 1500; baseline 0.002 -16"><span class='ocrx_word' id='word_1_131' title='bbox 340 1458 437 1486; x_wconf 85' lang='lat' dir='ltr'>nere</span> <span class='ocrx_word' id='word_1_132' title='bbox 463 1447 530 1494; x_wconf 86' lang='lat' dir='ltr'>vii,</span> <span class='ocrx_word' id='word_1_133' title='bbox 558 1451 587 1487; x_wconf 79' lang='lat'>4</span> <span class='ocrx_word' id='word_1_134' title='bbox 646 1447 770 1486; x_wconf 85' lang='lat' dir='ltr'>teneri</span> <span class='ocrx_word' id='word_1_135' title='bbox 802 1447 880 1498; x_wconf 88' lang='lat' dir='ltr'>(sc.</span> <span class='ocrx_word' id='word_1_136' title='bbox 914 1447 955 1485; x_wconf 90' lang='lat' dir='ltr'>in</span> <span class='ocrx_word' id='word_1_137' title='bbox 993 1447 1180 1500; x_wconf 87' lang='lat' dir='ltr'>vinculis)</span> 
     </span>
     <span class='ocr_line' id='line_1_23' title="bbox 341 1500 973 1547; baseline 0.005 -10"><span class='ocrx_word' id='word_1_138' title='bbox 341 1500 449 1547; x_wconf 85' lang='lat' dir='ltr'>xviii,</span> <span class='ocrx_word' id='word_1_139' title='bbox 466 1504 513 1540; x_wconf 89' lang='lat'>11</span> <span class='ocrx_word' id='word_1_140' title='bbox 546 1500 667 1540; x_wconf 88' lang='lat' dir='ltr'>teneri</span> <span class='ocrx_word' id='word_1_141' title='bbox 687 1500 865 1540; x_wconf 85' lang='lat' dir='ltr'>custodia</span> <span class='ocrx_word' id='word_1_142' title='bbox 891 1514 929 1546; x_wconf 90' lang='lat' dir='ltr'>v,</span> <span class='ocrx_word' id='word_1_143' title='bbox 951 1504 973 1540; x_wconf 85' lang='lat'>1</span> 
     </span>
    </p>

    <p class='ocr_par' dir='ltr' id='par_1_4' title="bbox 281 1551 1177 1660">
     <span class='ocr_line' id='line_1_24' title="bbox 281 1551 1177 1606; baseline 0.001 -13"><span class='ocrx_word' id='word_1_144' title='bbox 281 1553 500 1594; x_wconf 46' lang='lat' dir='ltr'>‘Tenesmus</span> <span class='ocrx_word' id='word_1_145' title='bbox 519 1553 666 1606; x_wconf 82' lang='lat' dir='ltr'>(morbi</span> <span class='ocrx_word' id='word_1_146' title='bbox 683 1567 807 1605; x_wconf 88' lang='lat' dir='ltr'>genus</span> <span class='ocrx_word' id='word_1_147' title='bbox 824 1553 865 1591; x_wconf 90' lang='lat' dir='ltr'>in</span> <span class='ocrx_word' id='word_1_148' title='bbox 885 1551 1032 1592; x_wconf 87' lang='lat' dir='ltr'>difficili</span> <span class='ocrx_word' id='word_1_149' title='bbox 1052 1551 1177 1594; x_wconf 88' lang='lat' dir='ltr'>irrito-</span> 
     </span>
     <span class='ocr_line' id='line_1_25' title="bbox 321 1606 1083 1660; baseline 0 -14"><span class='ocrx_word' id='word_1_150' title='bbox 321 1619 424 1659; x_wconf 87' lang='lat' dir='ltr'>que</span> <span class='ocrx_word' id='word_1_151' title='bbox 436 1608 619 1660; x_wconf 80' lang='lat' dir='ltr'>egerendi</span> <span class='ocrx_word' id='word_1_152' title='bbox 635 1613 780 1646; x_wconf 77' lang='lat' dir='ltr'>conatu</span> <span class='ocrx_word' id='word_1_153' title='bbox 799 1606 897 1659; x_wconf 85' lang='lat' dir='ltr'>&amp;c.)</span> <span class='ocrx_word' id='word_1_154' title='bbox 923 1619 1011 1653; x_wconf 85' lang='lat' dir='ltr'>xxv,</span> <span class='ocrx_word' id='word_1_155' title='bbox 1031 1610 1083 1646; x_wconf 82' lang='lat'>21</span> 
     </span>
    </p>

    <p class='ocr_par' dir='ltr' id='par_1_5' title="bbox 287 1659 1179 1873">
     <span class='ocr_line' id='line_1_26' title="bbox 287 1659 1178 1713; baseline -0.001 -13"><span class='ocrx_word' id='word_1_156' title='bbox 287 1661 455 1700; x_wconf 83' lang='lat' dir='ltr'>Tentare</span> <span class='ocrx_word' id='word_1_157' title='bbox 497 1660 772 1700; x_wconf 73' lang='lat' dir='ltr'>abstinentiam</span> <span class='ocrx_word' id='word_1_158' title='bbox 817 1659 982 1711; x_wconf 83' lang='lat' dir='ltr'>alicujus</span> <span class='ocrx_word' id='word_1_159' title='bbox 1025 1659 1178 1713; x_wconf 83' lang='lat' dir='ltr'>(conari</span> 
     </span>
     <span class='ocr_line' id='line_1_27' title="bbox 342 1712 1179 1774; baseline -0.005 -20"><span class='ocrx_word' id='word_1_160' title='bbox 342 1714 608 1766; x_wconf 87' lang='lat' dir='ltr'>corrumpere)</span> <span class='ocrx_word' id='word_1_161' title='bbox 636 1727 700 1761; x_wconf 81' lang='lat' dir='ltr'>xv,</span> <span class='ocrx_word' id='word_1_162' title='bbox 714 1717 742 1754; x_wconf 83' lang='grc'>4</span> <span class='ocrx_word' id='word_1_163' title='bbox 770 1713 838 1774; x_wconf 90' lang='lat' dir='ltr'>qui</span> <span class='ocrx_word' id='word_1_164' title='bbox 856 1726 918 1751; x_wconf 89' lang='lat' dir='ltr'>me</span> <span class='ocrx_word' id='word_1_165' title='bbox 935 1712 1179 1765; x_wconf 83' lang='lat' dir='ltr'>incognitum</span> 
     </span>
     <span class='ocr_line' id='line_1_28' title="bbox 342 1765 1179 1828; baseline -0.001 -22"><span class='ocrx_word' id='word_1_166' title='bbox 342 1767 517 1814; x_wconf 77' lang='lat' dir='ltr'>tentasti,</span> <span class='ocrx_word' id='word_1_167' title='bbox 545 1767 641 1828; x_wconf 79' lang='lat' dir='ltr'>ibid.</span> <span class='ocrx_word' id='word_1_168' title='bbox 681 1765 822 1807; x_wconf 85' lang='lat' dir='ltr'>tentari</span> <span class='ocrx_word' id='word_1_169' title='bbox 852 1766 903 1806; x_wconf 81' lang='lat' dir='ltr'>ab</span> <span class='ocrx_word' id='word_1_170' title='bbox 921 1766 1054 1819; x_wconf 90' lang='lat' dir='ltr'>aliquo</span> <span class='ocrx_word' id='word_1_171' title='bbox 1073 1767 1179 1820; x_wconf 88' lang='lat' dir='ltr'>(peti</span> 
     </span>
     <span class='ocr_line' id='line_1_29' title="bbox 339 1819 709 1873; baseline 0.003 -12"><span class='ocrx_word' id='word_1_172' title='bbox 339 1819 535 1873; x_wconf 84' lang='lat' dir='ltr'>accusat.)</span> <span class='ocrx_word' id='word_1_173' title='bbox 562 1820 666 1867; x_wconf 84' lang='lat' dir='ltr'>xxiv,</span> <span class='ocrx_word' id='word_1_174' title='bbox 681 1824 709 1862; x_wconf 88' lang='grc'>2</span> 
     </span>
    </p>

    <p class='ocr_par' dir='ltr' id='par_1_6' title="bbox 286 1873 1177 1983">
     <span class='ocr_line' id='line_1_30' title="bbox 286 1873 1177 1928; baseline 0.001 -15"><span class='ocrx_word' id='word_1_175' title='bbox 286 1873 442 1914; x_wconf 81' lang='lat' dir='ltr'>Tenues</span> <span class='ocrx_word' id='word_1_176' title='bbox 459 1874 625 1921; x_wconf 84' lang='lat' dir='ltr'>honores</span> <span class='ocrx_word' id='word_1_177' title='bbox 643 1876 746 1928; x_wconf 87' lang='lat' dir='ltr'>(non</span> <span class='ocrx_word' id='word_1_178' title='bbox 773 1887 916 1926; x_wconf 85' lang='lat' dir='ltr'>magno</span> <span class='ocrx_word' id='word_1_179' title='bbox 934 1880 1062 1913; x_wconf 88' lang='lat' dir='ltr'>sumtu</span> <span class='ocrx_word' id='word_1_180' title='bbox 1082 1887 1177 1914; x_wconf 87' lang='lat' dir='ltr'>con-</span> 
     </span>
     <span class='ocr_line' id='line_1_31' title="bbox 340 1927 1041 1983; baseline 0.004 -16"><span class='ocrx_word' id='word_1_181' title='bbox 340 1927 547 1981; x_wconf 77' lang='lat' dir='ltr'>stantes)</span> <span class='ocrx_word' id='word_1_182' title='bbox 537 1941 565 1977; x_wconf 82' lang='grc' dir='ltr'>ι,</span> <span class='ocrx_word' id='word_1_183' title='bbox 584 1932 611 1969; x_wconf 83' lang='grc'>6</span> <span class='ocrx_word' id='word_1_184' title='bbox 638 1928 756 1982; x_wconf 87' lang='lat' dir='ltr'>(opp.</span> <span class='ocrx_word' id='word_1_185' title='bbox 775 1928 905 1975; x_wconf 86' lang='lat' dir='ltr'>effusi,</span> <span class='ocrx_word' id='word_1_186' title='bbox 921 1927 1041 1983; x_wconf 85' lang='lat' dir='ltr'>ibid.)</span> 
     </span>
    </p>

    <p class='ocr_par' dir='ltr' id='par_1_7' title="bbox 288 1981 692 2028">
     <span class='ocr_line' id='line_1_32' title="bbox 288 1981 692 2028; baseline 0.002 -7"><span class='ocrx_word' id='word_1_187' title='bbox 288 1982 420 2021; x_wconf 88' lang='lat' dir='ltr'>Tenus</span> <span class='ocrx_word' id='word_1_188' title='bbox 437 1981 565 2021; x_wconf 82' lang='lat' dir='ltr'>Tauro</span> <span class='ocrx_word' id='word_1_189' title='bbox 593 1982 646 2028; x_wconf 77' lang='grc' dir='ltr'>ἰιι,</span> <span class='ocrx_word' id='word_1_190' title='bbox 665 1986 692 2023; x_wconf 83' lang='grc'>2</span> 
     </span>
    </p>

    <p class='ocr_par' dir='ltr' id='par_1_8' title="bbox 284 2035 947 2083">
     <span class='ocr_line' id='line_1_33' title="bbox 284 2035 947 2083; baseline 0 -9"><span class='ocrx_word' id='word_1_191' title='bbox 284 2035 503 2083; x_wconf 62' lang='lat' dir='ltr'>Terentius,</span> <span class='ocrx_word' id='word_1_192' title='bbox 519 2035 568 2076; x_wconf 84' lang='lat' dir='ltr'>C.</span> <span class='ocrx_word' id='word_1_193' title='bbox 584 2035 735 2077; x_wconf 85' lang='lat' dir='ltr'>Varro:</span> <span class='ocrx_word' id='word_1_194' title='bbox 768 2049 807 2075; x_wconf 82' lang='lat' dir='ltr'>v.</span> <span class='ocrx_word' id='word_1_195' title='bbox 823 2035 947 2075; x_wconf 86' lang='lat' dir='ltr'>Varro</span> 
     </span>
    </p>

    <p class='ocr_par' dir='ltr' id='par_1_9' title="bbox 287 2088 1179 2197">
     <span class='ocr_line' id='line_1_34' title="bbox 287 2088 1179 2143; baseline 0 -15"><span class='ocrx_word' id='word_1_196' title='bbox 287 2089 491 2130; x_wconf 84' lang='lat' dir='ltr'>Terentius</span> <span class='ocrx_word' id='word_1_197' title='bbox 510 2090 560 2130; x_wconf 87' lang='lat' dir='ltr'>P.</span> <span class='ocrx_word' id='word_1_198' title='bbox 577 2089 772 2143; x_wconf 83' lang='lat' dir='ltr'>Scipionis</span> <span class='ocrx_word' id='word_1_199' title='bbox 801 2089 891 2130; x_wconf 74' lang='lat' dir='ltr'>Afr</span> <span class='ocrx_word' id='word_1_200' title='bbox 919 2095 979 2129; x_wconf 82' lang='lat' dir='ltr'>et</span> <span class='ocrx_word' id='word_1_201' title='bbox 987 2089 1036 2132; x_wconf 91' lang='lat' dir='ltr'>C</span> <span class='ocrx_word' id='word_1_202' title='bbox 1068 2088 1179 2129; x_wconf 83' lang='lat' dir='ltr'>Laelii</span> 
     </span>
     <span class='ocr_line' id='line_1_35' title="bbox 339 2142 638 2197; baseline 0.003 -14"><span class='ocrx_word' id='word_1_203' title='bbox 339 2144 515 2197; x_wconf 68' lang='lat' dir='ltr'>aequalis,</span> <span class='ocrx_word' id='word_1_204' title='bbox 533 2142 595 2183; x_wconf 60' lang='lat' dir='ltr'>Fa</span> <span class='ocrx_word' id='word_1_205' title='bbox 615 2149 638 2184; x_wconf 88' lang='lat'>1</span> 
     </span>
    </p>

    <p class='ocr_par' dir='ltr' id='par_1_10' title="bbox 286 2194 1176 2292">
     <span class='ocr_line' id='line_1_36' title="bbox 286 2194 1176 2253; baseline 0.001 -16"><span class='ocrx_word' id='word_1_206' title='bbox 286 2196 403 2237; x_wconf 87' lang='lat' dir='ltr'>Terra</span> <span class='ocrx_word' id='word_1_207' title='bbox 421 2196 626 2237; x_wconf 87' lang='lat' dir='ltr'>continens</span> <span class='ocrx_word' id='word_1_208' title='bbox 645 2195 763 2250; x_wconf 83' lang='lat' dir='ltr'>(mari</span> <span class='ocrx_word' id='word_1_209' title='bbox 781 2210 930 2250; x_wconf 80' lang='lat' dir='ltr'>oppon.</span> <span class='ocrx_word' id='word_1_210' title='bbox 918 2197 990 2253; x_wconf 80' lang='grc'>.”)</span> <span class='ocrx_word' id='word_1_211' title='bbox 980 2194 1066 2245; x_wconf 72' lang='lat' dir='ltr'>13,ss</span> <span class='ocrx_word' id='word_1_212' title='bbox 1096 2210 1176 2238; x_wconf 81' lang='lat' dir='ltr'>ma·</span> 
     </span>
     <span class='ocr_line' id='line_1_37' title="bbox 341 2251 982 2299; baseline 0.003 -9"><span class='ocrx_word' id='word_1_213' title='bbox 341 2251 374 2290; x_wconf 82' lang='lat' dir='ltr'>ri</span> <span class='ocrx_word' id='word_1_214' title='bbox 391 2259 433 2291; x_wconf 90' lang='lat' dir='ltr'>et</span> <span class='ocrx_word' id='word_1_215' title='bbox 450 2258 550 2291; x_wconf 82' lang='lat' dir='ltr'>terra</span> <span class='ocrx_word' id='word_1_216' title='bbox 567 2251 712 2292; x_wconf 88' lang='lat' dir='ltr'>bellum</span> <span class='ocrx_word' id='word_1_217' title='bbox 726 2251 867 2291; x_wconf 81' lang='lat' dir='ltr'>inferre</span> <span class='ocrx_word' id='word_1_218' title='bbox 893 2252 938 2298; x_wconf 92' lang='lat' dir='ltr'>ii,</span> <span class='ocrx_word' id='word_1_219' title='bbox 950 2255 982 2299; x_wconf 93' lang='grc'>2</span> 
     </span>
    </p>

    <p class='ocr_par' dir='ltr' id='par_1_11' title="bbox 286 2304 1175 2409">
     <span class='ocr_line' id='line_1_38' title="bbox 286 2304 1175 2356; baseline -0.001 -12"><span class='ocrx_word' id='word_1_220' title='bbox 286 2304 499 2345; x_wconf 87' lang='lat' dir='ltr'>Terrestres</span> <span class='ocrx_word' id='word_1_221' title='bbox 516 2306 706 2348; x_wconf 80' lang='lat' dir='ltr'>exercitus</span> <span class='ocrx_word' id='word_1_222' title='bbox 732 2305 776 2352; x_wconf 88' lang='lat' dir='ltr'>ii,</span> <span class='ocrx_word' id='word_1_223' title='bbox 794 2308 820 2345; x_wconf 86' lang='grc'>2</span> <span class='ocrx_word' id='word_1_224' title='bbox 857 2310 1030 2345; x_wconf 82' lang='lat' dir='ltr'>terrestre</span> <span class='ocrx_word' id='word_1_225' title='bbox 1049 2305 1175 2356; x_wconf 85' lang='lat' dir='ltr'>praeli-</span> 
     </span>
     <span class='ocr_line' id='line_1_39' title="bbox 345 2347 1066 2419; baseline 0 -24"><span class='ocrx_word' id='word_1_226' title='bbox 345 2370 410 2396; x_wconf 86' lang='lat' dir='ltr'>um</span> <span class='ocrx_word' id='word_1_227' title='bbox 435 2358 506 2404; x_wconf 85' lang='lat' dir='ltr'>vii,</span> <span class='ocrx_word' id='word_1_228' title='bbox 524 2363 548 2397; x_wconf 89' lang='lat'><strong>5</strong></span> <span class='ocrx_word' id='word_1_229' title='bbox 585 2358 758 2419; x_wconf 81' lang='lat' dir='ltr'>(oppon.</span> <span class='ocrx_word' id='word_1_230' title='bbox 776 2358 930 2404; x_wconf 83' lang='lat' dir='ltr'>navale,</span> <span class='ocrx_word' id='word_1_231' title='bbox 946 2347 1066 2409; x_wconf 83' lang='lat' dir='ltr'>ibid.)</span> 
     </span>
    </p>

    <p class='ocr_par' dir='ltr' id='par_1_12' title="bbox 287 2386 769 2457">
     <span class='ocr_line' id='line_1_40' title="bbox 287 2386 769 2457; baseline 0.002 -8"><span class='ocrx_word' id='word_1_232' title='bbox 287 2409 483 2450; x_wconf 82' lang='lat' dir='ltr'>Terribilis</span> <span class='ocrx_word' id='word_1_233' title='bbox 494 2386 619 2450; x_wconf 59' lang='lat' dir='ltr'>’facies</span> <span class='ocrx_word' id='word_1_234' title='bbox 646 2410 725 2457; x_wconf 84' lang='lat' dir='ltr'>xiv,</span> <span class='ocrx_word' id='word_1_235' title='bbox 743 2413 769 2450; x_wconf 78' lang='lat'><strong>3</strong></span> 
     </span>
    </p>

    <p class='ocr_par' dir='ltr' id='par_1_13' title="bbox 285 2462 1174 2623">
     <span class='ocr_line' id='line_1_41' title="bbox 285 2462 1174 2515; baseline 0 -12"><span class='ocrx_word' id='word_1_236' title='bbox 285 2463 423 2504; x_wconf 86' lang='lat' dir='ltr'>Terror</span> <span class='ocrx_word' id='word_1_237' title='bbox 442 2476 564 2504; x_wconf 85' lang='lat' dir='ltr'>vanus</span> <span class='ocrx_word' id='word_1_238' title='bbox 591 2462 699 2509; x_wconf 85' lang='lat' dir='ltr'>xxiii,</span> <span class='ocrx_word' id='word_1_239' title='bbox 717 2467 742 2503; x_wconf 83' lang='lat'><strong>5</strong></span> <span class='ocrx_word' id='word_1_240' title='bbox 789 2463 994 2502; x_wconf 84' lang='lat' dir='ltr'>terroribus</span> <span class='ocrx_word' id='word_1_241' title='bbox 1026 2463 1174 2515; x_wconf 84' lang='lat' dir='ltr'>magnis</span> 
     </span>
     <span class='ocr_line' id='line_1_42' title="bbox 341 2516 1174 2571; baseline 0.001 -15"><span class='ocrx_word' id='word_1_242' title='bbox 341 2517 472 2558; x_wconf 81' lang='lat' dir='ltr'>vexari</span> <span class='ocrx_word' id='word_1_243' title='bbox 490 2518 560 2571; x_wconf 89' lang='lat' dir='ltr'>(de</span> <span class='ocrx_word' id='word_1_244' title='bbox 580 2516 762 2568; x_wconf 85' lang='lat' dir='ltr'>perieulis</span> <span class='ocrx_word' id='word_1_245' title='bbox 780 2517 830 2555; x_wconf 82' lang='lat' dir='ltr'>ab</span> <span class='ocrx_word' id='word_1_246' title='bbox 860 2516 1026 2560; x_wconf 81' lang='lat' dir='ltr'>inimicis</span> <span class='ocrx_word' id='word_1_247' title='bbox 1044 2517 1084 2557; x_wconf 89' lang='lat' dir='ltr'>in</span> <span class='ocrx_word' id='word_1_248' title='bbox 1105 2517 1174 2570; x_wconf 89' lang='lat' dir='ltr'>ju-</span> 
     </span>
     <span class='ocr_line' id='line_1_43' title="bbox 342 2569 980 2623; baseline 0 -12"><span class='ocrx_word' id='word_1_249' title='bbox 342 2571 448 2611; x_wconf 90' lang='lat' dir='ltr'>dicio</span> <span class='ocrx_word' id='word_1_250' title='bbox 466 2578 509 2611; x_wconf 90' lang='lat' dir='ltr'>et</span> <span class='ocrx_word' id='word_1_251' title='bbox 525 2571 610 2610; x_wconf 88' lang='lat' dir='ltr'>aliis</span> <span class='ocrx_word' id='word_1_252' title='bbox 630 2569 818 2623; x_wconf 83' lang='lat' dir='ltr'>objectis)</span> <span class='ocrx_word' id='word_1_253' title='bbox 844 2583 936 2616; x_wconf 81' lang='lat' dir='ltr'>xxv,</span> <span class='ocrx_word' id='word_1_254' title='bbox 954 2575 980 2611; x_wconf 99' lang='lat'>9</span> 
     </span>
    </p>

    <p class='ocr_par' dir='ltr' id='par_1_14' title="bbox 287 2599 1177 2838">
     <span class='ocr_line' id='line_1_44' title="bbox 287 2599 1174 2676; baseline 0.002 -14"><span class='ocrx_word' id='word_1_255' title='bbox 287 2623 489 2665; x_wconf 86' lang='lat' dir='ltr'>Testarum</span> <span class='ocrx_word' id='word_1_256' title='bbox 507 2624 691 2676; x_wconf 84' lang='lat' dir='ltr'>suffragia</span> <span class='ocrx_word' id='word_1_257' title='bbox 732 2625 783 2663; x_wconf 88' lang='lat' dir='ltr'>de</span> <span class='ocrx_word' id='word_1_258' title='bbox 801 2599 1086 2676; x_wconf 78' lang='lat' dir='ltr'>ostrac’ism&#39;o)</span> <span class='ocrx_word' id='word_1_259' title='bbox 1076 2624 1174 2671; x_wconf 50' lang='lat'>128.</span> 
     </span>
     <span class='ocr_line' id='line_1_45' title="bbox 343 2677 1177 2741; baseline 0 -24"><span class='ocrx_word' id='word_1_260' title='bbox 343 2692 385 2726; x_wconf 79' lang='lat' dir='ltr'>v,</span> <span class='ocrx_word' id='word_1_261' title='bbox 399 2683 423 2719; x_wconf 79' lang='lat'><strong>3</strong></span> <span class='ocrx_word' id='word_1_262' title='bbox 452 2679 554 2741; x_wconf 87' lang='lat' dir='ltr'>(vid.</span> <span class='ocrx_word' id='word_1_263' title='bbox 570 2678 721 2718; x_wconf 84' lang='lat' dir='ltr'>Ostrac.</span> <span class='ocrx_word' id='word_1_264' title='bbox 777 2678 918 2716; x_wconf 82' lang='lat' dir='ltr'>testula</span> <span class='ocrx_word' id='word_1_265' title='bbox 943 2677 1177 2717; x_wconf 77' lang='lat' dir='ltr'>collabefieri</span> 
     </span>
     <span class='ocr_line' id='line_1_46' title="bbox 339 2729 1174 2785; baseline 0 -14"><span class='ocrx_word' id='word_1_266' title='bbox 339 2733 451 2785; x_wconf 80' lang='lat' dir='ltr'>(eod.</span> <span class='ocrx_word' id='word_1_267' title='bbox 478 2732 631 2784; x_wconf 81' lang='lat' dir='ltr'>signif.)</span> <span class='ocrx_word' id='word_1_268' title='bbox 660 2730 715 2778; x_wconf 85' lang='lat' dir='ltr'>iii,</span> <span class='ocrx_word' id='word_1_269' title='bbox 738 2735 758 2770; x_wconf 90' lang='lat'>1</span> <span class='ocrx_word' id='word_1_270' title='bbox 804 2736 905 2770; x_wconf 82' lang='lat' dir='ltr'>testa</span> <span class='ocrx_word' id='word_1_271' title='bbox 940 2729 1028 2770; x_wconf 86' lang='lat' dir='ltr'>trita</span> <span class='ocrx_word' id='word_1_272' title='bbox 1061 2731 1174 2771; x_wconf 77' lang='lat' dir='ltr'>uneae</span> 
     </span>
     <span class='ocr_line' id='line_1_47' title="bbox 341 2784 1149 2838; baseline 0.001 -13"><span class='ocrx_word' id='word_1_273' title='bbox 341 2787 507 2838; x_wconf 83' lang='lat' dir='ltr'>primum</span> <span class='ocrx_word' id='word_1_274' title='bbox 527 2786 708 2826; x_wconf 81' lang='lat' dir='ltr'>coloratae</span> <span class='ocrx_word' id='word_1_275' title='bbox 725 2798 750 2825; x_wconf 87' lang='lat' dir='ltr'>a</span> <span class='ocrx_word' id='word_1_276' title='bbox 766 2784 993 2837; x_wconf 86' lang='lat' dir='ltr'>pictoribus,</span> <span class='ocrx_word' id='word_1_277' title='bbox 1012 2784 1075 2824; x_wconf 82' lang='lat' dir='ltr'>Fr</span> <span class='ocrx_word' id='word_1_278' title='bbox 1098 2789 1149 2826; x_wconf 83' lang='lat'>10</span> 
     </span>
    </p>

    <p class='ocr_par' dir='ltr' id='par_1_15' title="bbox 285 2838 1088 2891">
     <span class='ocr_line' id='line_1_48' title="bbox 285 2838 1088 2891; baseline 0.001 -13"><span class='ocrx_word' id='word_1_279' title='bbox 285 2838 535 2880; x_wconf 75' lang='lat' dir='ltr'>‘testamento</span> <span class='ocrx_word' id='word_1_280' title='bbox 554 2841 741 2891; x_wconf 87' lang='lat' dir='ltr'>adoptare</span> <span class='ocrx_word' id='word_1_281' title='bbox 759 2838 927 2890; x_wconf 82' lang='lat' dir='ltr'>aliquem</span> <span class='ocrx_word' id='word_1_282' title='bbox 955 2852 1045 2885; x_wconf 83' lang='lat' dir='ltr'>xxv,</span> <span class='ocrx_word' id='word_1_283' title='bbox 1064 2844 1088 2879; x_wconf 80' lang='lat'><strong>5</strong></span> 
     </span>
    </p>

    <p class='ocr_par' dir='ltr' id='par_1_16' title="bbox 284 2892 1178 3160">
     <span class='ocr_line' id='line_1_49' title="bbox 284 2892 1175 2947; baseline -0.001 -14"><span class='ocrx_word' id='word_1_284' title='bbox 284 2893 462 2933; x_wconf 86' lang='lat' dir='ltr'>Testari·</span> <span class='ocrx_word' id='word_1_285' title='bbox 508 2893 702 2947; x_wconf 87' lang='lat' dir='ltr'>dispersos</span> <span class='ocrx_word' id='word_1_286' title='bbox 737 2893 950 2931; x_wconf 80' lang='lat' dir='ltr'>testabatur</span> <span class='ocrx_word' id='word_1_287' title='bbox 983 2892 1175 2944; x_wconf 86' lang='lat' dir='ltr'>perituros</span> 
     </span>
     <span class='ocr_line' id='line_1_50' title="bbox 339 2943 1178 2999; baseline -0.005 -11"><span class='ocrx_word' id='word_1_288' title='bbox 339 2948 598 2999; x_wconf 72' lang='grc' dir='ltr'>(ἐμφατικῶς,</span> <span class='ocrx_word' id='word_1_289' title='bbox 616 2947 875 2995; x_wconf 80' lang='lat' dir='ltr'>asseverabat,</span> <span class='ocrx_word' id='word_1_290' title='bbox 898 2943 1178 2999; x_wconf 83' lang='lat' dir='ltr'>denuntiabat)</span> 
     </span>
     <span class='ocr_line' id='line_1_51' title="bbox 340 2999 1175 3055; baseline -0.002 -15"><span class='ocrx_word' id='word_1_291' title='bbox 340 3002 386 3048; x_wconf 86' lang='lat' dir='ltr'>ii,</span> <span class='ocrx_word' id='word_1_292' title='bbox 398 3004 423 3040; x_wconf 72' lang='lat'><strong>4</strong></span> <span class='ocrx_word' id='word_1_293' title='bbox 453 3000 540 3055; x_wconf 81' lang='lat' dir='ltr'>(Sic</span> <span class='ocrx_word' id='word_1_294' title='bbox 554 3001 693 3041; x_wconf 86' lang='lat' dir='ltr'>Cicero</span> <span class='ocrx_word' id='word_1_295' title='bbox 711 3012 782 3052; x_wconf 87' lang='lat' dir='ltr'>pro</span> <span class='ocrx_word' id='word_1_296' title='bbox 809 2999 918 3038; x_wconf 85' lang='lat' dir='ltr'>Mur.</span> <span class='ocrx_word' id='word_1_297' title='bbox 946 3003 1049 3051; x_wconf 79' lang='lat' dir='ltr'>&#39;ego</span> <span class='ocrx_word' id='word_1_298' title='bbox 1067 3000 1175 3052; x_wconf 84' lang='lat' dir='ltr'>quod</span> 
     </span>
     <span class='ocr_line' id='line_1_52' title="bbox 341 3030 1175 3103; baseline -0.004 -9"><span class='ocrx_word' id='word_1_299' title='bbox 341 3030 460 3103; x_wconf 44' lang='lat' dir='ltr'>taucio,</span> <span class='ocrx_word' id='word_1_300' title='bbox 493 3067 556 3102; x_wconf 82' lang='lat' dir='ltr'>me</span> <span class='ocrx_word' id='word_1_301' title='bbox 585 3053 757 3094; x_wconf 87' lang='lat' dir='ltr'>omnium</span> <span class='ocrx_word' id='word_1_302' title='bbox 776 3059 945 3094; x_wconf 86' lang='lat' dir='ltr'>vestrum</span> <span class='ocrx_word' id='word_1_303' title='bbox 968 3066 1087 3093; x_wconf 83' lang='lat' dir='ltr'>causa</span> <span class='ocrx_word' id='word_1_304' title='bbox 1117 3053 1175 3092; x_wconf 78' lang='lat' dir='ltr'>sa·</span> 
     </span>
     <span class='ocr_line' id='line_1_53' title="bbox 342 3104 882 3160; baseline -0.006 -12"><span class='ocrx_word' id='word_1_305' title='bbox 342 3122 431 3148; x_wconf 85' lang='lat' dir='ltr'>cere</span> <span class='ocrx_word' id='word_1_306' title='bbox 448 3109 574 3149; x_wconf 80' lang='lat' dir='ltr'>clamo</span> <span class='ocrx_word' id='word_1_307' title='bbox 592 3113 710 3160; x_wconf 87' lang='lat' dir='ltr'>atque</span> <span class='ocrx_word' id='word_1_308' title='bbox 728 3104 882 3159; x_wconf 88' lang='lat' dir='ltr'>testor’)</span> 
     </span>
    </p>

    <p class='ocr_par' dir='ltr' id='par_1_17' title="bbox 287 3158 1174 3267">
     <span class='ocr_line' id='line_1_54' title="bbox 287 3158 1174 3222; baseline 0.001 -23"><span class='ocrx_word' id='word_1_309' title='bbox 287 3161 480 3201; x_wconf 82' lang='lat' dir='ltr'>Testatior</span> <span class='ocrx_word' id='word_1_310' title='bbox 506 3162 692 3202; x_wconf 82' lang='lat' dir='ltr'>memoria</span> <span class='ocrx_word' id='word_1_311' title='bbox 717 3161 790 3213; x_wconf 87' lang='lat' dir='ltr'>(ad</span> <span class='ocrx_word' id='word_1_312' title='bbox 814 3158 985 3199; x_wconf 76' lang='lat' dir='ltr'>famam·</span> <span class='ocrx_word' id='word_1_313' title='bbox 970 3159 1174 3222; x_wconf 58' lang='lat' dir='ltr'>insignior,</span> 
     </span>
     <span class='ocr_line' id='line_1_55' title="bbox 342 3211 1042 3267; baseline 0.003 -14"><span class='ocrx_word' id='word_1_314' title='bbox 342 3222 383 3253; x_wconf 89' lang='lat' dir='ltr'>et</span> <span class='ocrx_word' id='word_1_315' title='bbox 402 3229 470 3267; x_wconf 88' lang='lat' dir='ltr'>per</span> <span class='ocrx_word' id='word_1_316' title='bbox 487 3220 736 3254; x_wconf 85' lang='lat' dir='ltr'>monumenta</span> <span class='ocrx_word' id='word_1_317' title='bbox 753 3211 901 3267; x_wconf 78' lang='lat' dir='ltr'>notior)</span> <span class='ocrx_word' id='word_1_318' title='bbox 928 3213 997 3261; x_wconf 90' lang='lat' dir='ltr'>vii,</span> <span class='ocrx_word' id='word_1_319' title='bbox 1015 3217 1042 3255; x_wconf 76' lang='lat'><strong>4</strong></span> 
     </span>
    </p>

    <p class='ocr_par' dir='ltr' id='par_1_18' title="bbox 288 3268 839 3315">
     <span class='ocr_line' id='line_1_56' title="bbox 288 3268 839 3315; baseline 0.007 -10"><span class='ocrx_word' id='word_1_320' title='bbox 288 3268 423 3307; x_wconf 86' lang='lat' dir='ltr'>Testes</span> <span class='ocrx_word' id='word_1_321' title='bbox 441 3282 510 3307; x_wconf 83' lang='lat' dir='ltr'>vos</span> <span class='ocrx_word' id='word_1_322' title='bbox 528 3270 653 3308; x_wconf 88' lang='lat' dir='ltr'>habeo</span> <span class='ocrx_word' id='word_1_323' title='bbox 679 3282 769 3315; x_wconf 77' lang='lat' dir='ltr'>xxv,</span> <span class='ocrx_word' id='word_1_324' title='bbox 788 3272 839 3309; x_wconf 84' lang='lat'>21</span> 
     </span>
    </p>

    <p class='ocr_par' dir='ltr' id='par_1_19' title="bbox 287 3320 1175 3536">
     <span class='ocr_line' id='line_1_57' title="bbox 287 3320 1173 3374; baseline 0.002 -14"><span class='ocrx_word' id='word_1_325' title='bbox 287 3321 569 3361; x_wconf 70' lang='lat' dir='ltr'>&#39;Testimonium</span> <span class='ocrx_word' id='word_1_326' title='bbox 589 3320 832 3362; x_wconf 63' lang='lat' dir='ltr'>abstinentiae</span> <span class='ocrx_word' id='word_1_327' title='bbox 845 3321 918 3374; x_wconf 88' lang='lat' dir='ltr'>(de</span> <span class='ocrx_word' id='word_1_328' title='bbox 937 3334 998 3374; x_wconf 85' lang='lat' dir='ltr'>eo,</span> <span class='ocrx_word' id='word_1_329' title='bbox 1018 3321 1086 3374; x_wconf 83' lang='lat' dir='ltr'>qui</span> <span class='ocrx_word' id='word_1_330' title='bbox 1103 3321 1173 3362; x_wconf 86' lang='lat' dir='ltr'>de-</span> 
     </span>
     <span class='ocr_line' id='line_1_58' title="bbox 343 3374 1175 3428; baseline 0.001 -15"><span class='ocrx_word' id='word_1_331' title='bbox 343 3375 461 3413; x_wconf 83' lang='lat' dir='ltr'>latam</span> <span class='ocrx_word' id='word_1_332' title='bbox 492 3375 564 3412; x_wconf 82' lang='lat' dir='ltr'>sibi</span> <span class='ocrx_word' id='word_1_333' title='bbox 593 3376 796 3426; x_wconf 85' lang='lat' dir='ltr'>pecuniam</span> <span class='ocrx_word' id='word_1_334' title='bbox 822 3374 997 3427; x_wconf 80' lang='lat' dir='ltr'>accipere</span> <span class='ocrx_word' id='word_1_335' title='bbox 1026 3374 1175 3428; x_wconf 88' lang='lat' dir='ltr'>noluit)</span> 
     </span>
     <span class='ocr_line' id='line_1_59' title="bbox 344 3428 1174 3481; baseline 0.001 -14"><span class='ocrx_word' id='word_1_336' title='bbox 344 3441 410 3474; x_wconf 86' lang='lat' dir='ltr'>xv,</span> <span class='ocrx_word' id='word_1_337' title='bbox 429 3431 453 3468; x_wconf 77' lang='lat'>4</span> <span class='ocrx_word' id='word_1_338' title='bbox 493 3428 755 3468; x_wconf 86' lang='lat' dir='ltr'>testimonium</span> <span class='ocrx_word' id='word_1_339' title='bbox 774 3429 1022 3470; x_wconf 83' lang='lat' dir='ltr'>humanitatis</span> <span class='ocrx_word' id='word_1_340' title='bbox 1040 3430 1174 3481; x_wconf 81' lang='lat' dir='ltr'>(argu-</span> 
     </span>
     <span class='ocr_line' id='line_1_60' title="bbox 341 3481 1173 3536; baseline 0.002 -16"><span class='ocrx_word' id='word_1_341' title='bbox 341 3488 531 3531; x_wconf 80' lang='lat' dir='ltr'>mentum,</span> <span class='ocrx_word' id='word_1_342' title='bbox 548 3481 755 3534; x_wconf 83' lang='lat' dir='ltr'>indicium)</span> <span class='ocrx_word' id='word_1_343' title='bbox 781 3496 868 3530; x_wconf 78' lang='lat' dir='ltr'>xxv,</span> <span class='ocrx_word' id='word_1_344' title='bbox 888 3486 938 3524; x_wconf 79' lang='lat'>16</span> <span class='ocrx_word' id='word_1_345' title='bbox 965 3481 1054 3524; x_wconf 83' lang='lat' dir='ltr'>Sic:</span> <span class='ocrx_word' id='word_1_346' title='bbox 1084 3496 1173 3536; x_wconf 86' lang='lat' dir='ltr'>pro-</span> 
     </span>
    </p>
   </div>
   <div class='ocr_carea' id='block_1_3' title="bbox 1121 247 1323 295">
    <p class='ocr_par' dir='ltr' id='par_1_20' title="bbox 1121 247 1323 295">
     <span class='ocr_line' id='line_1_61' title="bbox 1121 247 1323 295; baseline 0.01 -2"><span class='ocrx_word' id='word_1_347' title='bbox 1121 247 1323 295; x_wconf 79' lang='lat' dir='ltr'><strong>lNDEX</strong></span> 
     </span>
    </p>
   </div>
   <div class='ocr_carea' id='block_1_4' title="bbox 1232 379 2172 3533">
    <p class='ocr_par' dir='ltr' id='par_1_21' title="bbox 1297 379 2138 636">
     <span class='ocr_line' id='line_1_62' title="bbox 1301 379 2125 430; baseline 0.008 -13"><span class='ocrx_word' id='word_1_348' title='bbox 1301 379 1398 419; x_wconf 79' lang='lat' dir='ltr'>ferre</span> <span class='ocrx_word' id='word_1_349' title='bbox 1418 379 1638 420; x_wconf 76' lang='lat' dir='ltr'>testimonia</span> <span class='ocrx_word' id='word_1_350' title='bbox 1657 381 1865 421; x_wconf 69' lang='lat' dir='ltr'>moderatas</span> <span class='ocrx_word' id='word_1_351' title='bbox 1883 382 1973 422; x_wconf 68' lang='lat' dir='ltr'>vita</span> <span class='ocrx_word' id='word_1_352' title='bbox 1999 380 2082 430; x_wconf 75' lang='lat' dir='ltr'>xiii.</span> <span class='ocrx_word' id='word_1_353' title='bbox 2099 381 2125 424; x_wconf 69' lang='grc'>4</span> 
     </span>
     <span class='ocr_line' id='line_1_63' title="bbox 1299 433 2131 488; baseline 0.005 -16"><span class='ocrx_word' id='word_1_354' title='bbox 1299 433 1414 484; x_wconf 90' lang='lat' dir='ltr'>petiit</span> <span class='ocrx_word' id='word_1_355' title='bbox 1447 447 1471 472; x_wconf 86' lang='lat' dir='ltr'>a</span> <span class='ocrx_word' id='word_1_356' title='bbox 1499 433 1767 482; x_wconf 81' lang='lat' dir='ltr'>Pharnabazo,</span> <span class='ocrx_word' id='word_1_357' title='bbox 1804 443 1847 474; x_wconf 89' lang='lat' dir='ltr'>ut</span> <span class='ocrx_word' id='word_1_358' title='bbox 1878 437 1929 474; x_wconf 86' lang='lat' dir='ltr'>ad</span> <span class='ocrx_word' id='word_1_359' title='bbox 1963 437 2131 488; x_wconf 65' lang='lat' dir='ltr'>ephoros</span> 
     </span>
     <span class='ocr_line' id='line_1_64' title="bbox 1298 464 2128 542; baseline 0.005 -18"><span class='ocrx_word' id='word_1_360' title='bbox 1298 486 1373 525; x_wconf 81' lang='lat' dir='ltr'>sibi</span> <span class='ocrx_word' id='word_1_361' title='bbox 1392 487 1653 528; x_wconf 85' lang='lat' dir='ltr'>testimonium</span> <span class='ocrx_word' id='word_1_362' title='bbox 1672 464 1782 528; x_wconf 56' lang='lat' dir='ltr'>dare&#39;t</span> <span class='ocrx_word' id='word_1_363' title='bbox 1797 488 1874 542; x_wconf 80' lang='lat' dir='ltr'>(sc.</span> <span class='ocrx_word' id='word_1_364' title='bbox 1892 495 2012 540; x_wconf 81' lang='lat' dir='ltr'>gesta.-</span> <span class='ocrx_word' id='word_1_365' title='bbox 2029 499 2128 541; x_wconf 61' lang='lat' dir='ltr'>pre-</span> 
     </span>
     <span class='ocr_line' id='line_1_65' title="bbox 1297 503 2138 596; baseline 0.006 -19"><span class='ocrx_word' id='word_1_366' title='bbox 1297 539 1478 593; x_wconf 64' lang='lat' dir='ltr'>secturae)</span> <span class='ocrx_word' id='word_1_367' title='bbox 1498 542 1550 589; x_wconf 83' lang='lat' dir='ltr'>vi,</span> <span class='ocrx_word' id='word_1_368' title='bbox 1565 545 1591 582; x_wconf 82' lang='grc'>4</span> <span class='ocrx_word' id='word_1_369' title='bbox 1618 541 1736 580; x_wconf 82' lang='lat' dir='ltr'>fuisse</span> <span class='ocrx_word' id='word_1_370' title='bbox 1750 503 1918 596; x_wconf 86' lang='lat' dir='ltr'>(euru)g</span> <span class='ocrx_word' id='word_1_371' title='bbox 1901 543 2129 595; x_wconf 73' lang='lat' dir='ltr'>patientem,</span> <span class='ocrx_word' id='word_1_372' title='bbox 2130 589 2138 595; x_wconf 27' lang='grc' dir='ltr'>ι</span> 
     </span>
     <span class='ocr_line' id='line_1_66' title="bbox 1297 593 1858 642; baseline 0.009 -11"><span class='ocrx_word' id='word_1_373' title='bbox 1297 593 1382 633; x_wconf 86' lang='lat' dir='ltr'>haec</span> <span class='ocrx_word' id='word_1_374' title='bbox 1400 601 1491 633; x_wconf 88' lang='lat' dir='ltr'>sunt</span> <span class='ocrx_word' id='word_1_375' title='bbox 1507 594 1728 634; x_wconf 83' lang='lat' dir='ltr'>testimonia</span> <span class='ocrx_word' id='word_1_376' title='bbox 1753 609 1818 642; x_wconf 85' lang='lat' dir='ltr'>xv,</span> <span class='ocrx_word' id='word_1_377' title='bbox 1831 599 1858 636; x_wconf 99' lang='grc'><strong>7</strong></span> 
     </span>
    </p>

    <p class='ocr_par' dir='ltr' id='par_1_22' title="bbox 1240 646 2128 968">
     <span class='ocr_line' id='line_1_67' title="bbox 1240 646 2128 701; baseline 0.003 -15"><span class='ocrx_word' id='word_1_378' title='bbox 1240 646 1528 694; x_wconf 84' lang='lat' dir='ltr'>Testudinesi,</span> <span class='ocrx_word' id='word_1_379' title='bbox 1556 653 1581 689; x_wconf 88' lang='grc'><strong>7</strong></span> <span class='ocrx_word' id='word_1_380' title='bbox 1624 649 1943 701; x_wconf 84' lang='lat' dir='ltr'>(instrumentum</span> <span class='ocrx_word' id='word_1_381' title='bbox 1971 655 2128 700; x_wconf 71' lang='grc' dir='ltr'>πολιορ-</span> 
     </span>
     <span class='ocr_line' id='line_1_68' title="bbox 1294 701 2129 754; baseline -0.001 -13"><span class='ocrx_word' id='word_1_382' title='bbox 1294 701 1464 748; x_wconf 79' lang='grc' dir='ltr'>κητικὸν,</span> <span class='ocrx_word' id='word_1_383' title='bbox 1483 701 1534 740; x_wconf 87' lang='lat' dir='ltr'>de</span> <span class='ocrx_word' id='word_1_384' title='bbox 1546 702 1659 754; x_wconf 85' lang='lat' dir='ltr'>cujus</span> <span class='ocrx_word' id='word_1_385' title='bbox 1674 715 1745 741; x_wconf 79' lang='lat' dir='ltr'>usu</span> <span class='ocrx_word' id='word_1_386' title='bbox 1757 703 2004 754; x_wconf 82' lang='lat' dir='ltr'>figuraquev.</span> <span class='ocrx_word' id='word_1_387' title='bbox 2018 702 2129 753; x_wconf 81' lang='lat' dir='ltr'>Lips.</span> 
     </span>
     <span class='ocr_line' id='line_1_69' title="bbox 1294 753 2129 807; baseline -0.002 -12"><span class='ocrx_word' id='word_1_388' title='bbox 1294 753 1464 795; x_wconf 88' lang='lat' dir='ltr'>Poliorc.</span> <span class='ocrx_word' id='word_1_389' title='bbox 1484 755 1511 800; x_wconf 83' lang='lat' dir='ltr'>i.</span> <span class='ocrx_word' id='word_1_390' title='bbox 1514 759 1564 794; x_wconf 71' lang='grc'>-8,</span> <span class='ocrx_word' id='word_1_391' title='bbox 1585 762 1626 794; x_wconf 88' lang='lat' dir='ltr'>et</span> <span class='ocrx_word' id='word_1_392' title='bbox 1640 755 1832 798; x_wconf 74' lang='lat' dir='ltr'>stewech.</span> <span class='ocrx_word' id='word_1_393' title='bbox 1852 758 1902 795; x_wconf 85' lang='lat' dir='ltr'>ad</span> <span class='ocrx_word' id='word_1_394' title='bbox 1914 755 2086 807; x_wconf 79' lang='lat' dir='ltr'>Veget.</span> <span class='ocrx_word' id='word_1_395' title='bbox 2075 768 2129 801; x_wconf 78' lang='lat' dir='ltr'>lv,</span> 
     </span>
     <span class='ocr_line' id='line_1_70' title="bbox 1298 784 2129 855; baseline 0 -8"><span class='ocrx_word' id='word_1_396' title='bbox 1298 812 1364 848; x_wconf 86' lang='grc'><strong>12.</strong></span> <span class='ocrx_word' id='word_1_397' title='bbox 1391 806 1485 846; x_wconf 86' lang='lat' dir='ltr'>Alia</span> <span class='ocrx_word' id='word_1_398' title='bbox 1500 813 1591 847; x_wconf 80' lang='lat' dir='ltr'>est‘</span> <span class='ocrx_word' id='word_1_399' title='bbox 1608 809 1792 855; x_wconf 68' lang='lat' dir='ltr'>testudo:</span> <span class='ocrx_word' id='word_1_400' title='bbox 1820 809 1940 849; x_wconf 81' lang='lat' dir='ltr'>scutis</span> <span class='ocrx_word' id='word_1_401' title='bbox 1963 784 2129 847; x_wconf 75' lang='lat' dir='ltr'>militum¹</span> 
     </span>
     <span class='ocr_line' id='line_1_71' title="bbox 1295 837 2126 925; baseline 0.002 -26"><span class='ocrx_word' id='word_1_402' title='bbox 1295 860 1379 900; x_wconf 83' lang='lat' dir='ltr'>fieri</span> <span class='ocrx_word' id='word_1_403' title='bbox 1407 861 1537 908; x_wconf 78' lang='lat' dir='ltr'>solita,</span> <span class='ocrx_word' id='word_1_404' title='bbox 1552 861 1607 899; x_wconf 84' lang='lat' dir='ltr'>de</span> <span class='ocrx_word' id='word_1_405' title='bbox 1631 874 1711 912; x_wconf 83' lang='lat' dir='ltr'>qua</span> <span class='ocrx_word' id='word_1_406' title='bbox 1728 837 1838 925; x_wconf 77' lang='lat' dir='ltr'>Lips.</span> <span class='ocrx_word' id='word_1_407' title='bbox 1855 862 2064 902; x_wconf 82' lang='lat' dir='ltr'>Poliorc.</span> <span class='ocrx_word' id='word_1_408' title='bbox 2052 867 2126 908; x_wconf 76' lang='lat'>1.5</span> 
     </span>
     <span class='ocr_line' id='line_1_72' title="bbox 1295 914 2076 968; baseline 0.004 -16"><span class='ocrx_word' id='word_1_409' title='bbox 1295 919 1338 952; x_wconf 85' lang='lat' dir='ltr'>et</span> <span class='ocrx_word' id='word_1_410' title='bbox 1355 914 1546 955; x_wconf 79' lang='lat' dir='ltr'>stewech.</span> <span class='ocrx_word' id='word_1_411' title='bbox 1564 915 1615 954; x_wconf 76' lang='lat' dir='ltr'>ad</span> <span class='ocrx_word' id='word_1_412' title='bbox 1630 914 1800 968; x_wconf 60' lang='lat' dir='ltr'>Vegeu&#39;</span> <span class='ocrx_word' id='word_1_413' title='bbox 1790 915 1832 962; x_wconf 71' lang='lat' dir='ltr'>ti,</span> <span class='ocrx_word' id='word_1_414' title='bbox 1847 914 2076 968; x_wconf 74' lang='lat' dir='ltr'>4.Boec1.)</span> 
     </span>
    </p>

    <p class='ocr_par' dir='ltr' id='par_1_23' title="bbox 1239 967 1559 1015">
     <span class='ocr_line' id='line_1_73' title="bbox 1239 967 1559 1015; baseline 0.009 -9"><span class='ocrx_word' id='word_1_415' title='bbox 1239 967 1394 1007; x_wconf 83' lang='lat' dir='ltr'>Thacus</span> <span class='ocrx_word' id='word_1_416' title='bbox 1421 967 1514 1015; x_wconf 83' lang='lat' dir='ltr'>xvii,</span> <span class='ocrx_word' id='word_1_417' title='bbox 1532 971 1559 1009; x_wconf 84' lang='lat'>8</span> 
     </span>
    </p>

    <p class='ocr_par' dir='ltr' id='par_1_24' title="bbox 1237 1020 1494 1069">
     <span class='ocr_line' id='line_1_74' title="bbox 1237 1020 1494 1069; baseline 0.008 -9"><span class='ocrx_word' id='word_1_418' title='bbox 1237 1020 1370 1060; x_wconf 86' lang='lat' dir='ltr'>Thasii</span> <span class='ocrx_word' id='word_1_419' title='bbox 1398 1034 1436 1069; x_wconf 77' lang='lat' dir='ltr'>v,</span> <span class='ocrx_word' id='word_1_420' title='bbox 1454 1025 1494 1065; x_wconf 93' lang='grc'><strong>2</strong></span> 
     </span>
    </p>

    <p class='ocr_par' dir='ltr' id='par_1_25' title="bbox 1238 1074 1588 1122">
     <span class='ocr_line' id='line_1_75' title="bbox 1238 1074 1588 1122; baseline 0.009 -9"><span class='ocrx_word' id='word_1_421' title='bbox 1238 1074 1450 1114; x_wconf 84' lang='lat' dir='ltr'>Theatrum</span> <span class='ocrx_word' id='word_1_422' title='bbox 1477 1088 1542 1122; x_wconf 87' lang='lat' dir='ltr'>xx,</span> <span class='ocrx_word' id='word_1_423' title='bbox 1562 1077 1588 1116; x_wconf 80' lang='lat'>4</span> 
     </span>
    </p>

    <p class='ocr_par' dir='ltr' id='par_1_26' title="bbox 1239 1127 2129 1449">
     <span class='ocr_line' id='line_1_76' title="bbox 1239 1127 2125 1180; baseline 0.001 -14"><span class='ocrx_word' id='word_1_424' title='bbox 1239 1128 1385 1167; x_wconf 88' lang='lat' dir='ltr'>Thebae</span> <span class='ocrx_word' id='word_1_425' title='bbox 1412 1128 1480 1175; x_wconf 88' lang='lat' dir='ltr'>vii,</span> <span class='ocrx_word' id='word_1_426' title='bbox 1499 1132 1526 1170; x_wconf 83' lang='lat'>4</span> <span class='ocrx_word' id='word_1_427' title='bbox 1553 1127 1672 1168; x_wconf 79' lang='lat' dir='ltr'>exitio</span> <span class='ocrx_word' id='word_1_428' title='bbox 1689 1135 1834 1180; x_wconf 80' lang='lat' dir='ltr'>ereptae</span> <span class='ocrx_word' id='word_1_429' title='bbox 1861 1141 1926 1175; x_wconf 81' lang='lat' dir='ltr'>xv,</span> <span class='ocrx_word' id='word_1_430' title='bbox 1940 1131 1968 1168; x_wconf 92' lang='lat'>8</span> <span class='ocrx_word' id='word_1_431' title='bbox 2001 1139 2125 1180; x_wconf 81' lang='lat' dir='ltr'>quan-</span> 
     </span>
     <span class='ocr_line' id='line_1_77' title="bbox 1293 1181 2129 1234; baseline 0.002 -14"><span class='ocrx_word' id='word_1_432' title='bbox 1293 1182 1347 1221; x_wconf 91' lang='lat' dir='ltr'>do</span> <span class='ocrx_word' id='word_1_433' title='bbox 1382 1181 1607 1234; x_wconf 86' lang='lat' dir='ltr'>imperarint</span> <span class='ocrx_word' id='word_1_434' title='bbox 1641 1189 1683 1222; x_wconf 88' lang='lat' dir='ltr'>et</span> <span class='ocrx_word' id='word_1_435' title='bbox 1713 1182 1939 1222; x_wconf 82' lang='lat' dir='ltr'>serviverint</span> <span class='ocrx_word' id='word_1_436' title='bbox 1979 1195 2043 1228; x_wconf 74' lang='lat' dir='ltr'>xv,</span> <span class='ocrx_word' id='word_1_437' title='bbox 2074 1185 2129 1222; x_wconf 80' lang='lat' dir='ltr'><strong><em>w</em></strong></span> 
     </span>
     <span class='ocr_line' id='line_1_78' title="bbox 1292 1235 2124 1288; baseline 0 -14"><span class='ocrx_word' id='word_1_438' title='bbox 1292 1235 1470 1274; x_wconf 84' lang='lat' dir='ltr'>Thebani</span> <span class='ocrx_word' id='word_1_439' title='bbox 1500 1236 1690 1276; x_wconf 86' lang='lat' dir='ltr'>occidunt</span> <span class='ocrx_word' id='word_1_440' title='bbox 1720 1235 1964 1288; x_wconf 85' lang='lat' dir='ltr'>Lysandrum</span> <span class='ocrx_word' id='word_1_441' title='bbox 2007 1235 2072 1281; x_wconf 84' lang='grc' dir='ltr'>νὶ,</span> <span class='ocrx_word' id='word_1_442' title='bbox 2097 1239 2124 1274; x_wconf 76' lang='lat'><strong>3</strong></span> 
     </span>
     <span class='ocr_line' id='line_1_79' title="bbox 1293 1279 2122 1336; baseline 0.001 -9"><span class='ocrx_word' id='word_1_443' title='bbox 1293 1288 1548 1328; x_wconf 78' lang='lat' dir='ltr'>formidantur</span> <span class='ocrx_word' id='word_1_444' title='bbox 1594 1302 1619 1328; x_wconf 86' lang='lat' dir='ltr'>a</span> <span class='ocrx_word' id='word_1_445' title='bbox 1664 1279 1938 1329; x_wconf 73' lang='lat' dir='ltr'>Lacedaemon.</span> <span class='ocrx_word' id='word_1_446' title='bbox 1982 1287 2069 1336; x_wconf 73' lang='lat' dir='ltr'>xvi,</span> <span class='ocrx_word' id='word_1_447' title='bbox 2101 1292 2122 1328; x_wconf 81' lang='lat'>1</span> 
     </span>
     <span class='ocr_line' id='line_1_80' title="bbox 1287 1341 2125 1409; baseline -0.002 -27.99"><span class='ocrx_word' id='word_1_448' title='bbox 1287 1341 1470 1394; x_wconf 85' lang='lat' dir='ltr'>Spartam</span> <span class='ocrx_word' id='word_1_449' title='bbox 1501 1349 1734 1396; x_wconf 83' lang='lat' dir='ltr'>oppugnant</span> <span class='ocrx_word' id='word_1_450' title='bbox 1754 1357 1826 1390; x_wconf 82' lang='lat' dir='ltr'>xv,</span> <span class='ocrx_word' id='word_1_451' title='bbox 1842 1347 1869 1384; x_wconf 85' lang='lat'>8</span> <span class='ocrx_word' id='word_1_452' title='bbox 1913 1341 2027 1409; x_wconf 79' lang='lat' dir='ltr'>virib.</span> <span class='ocrx_word' id='word_1_453' title='bbox 2043 1354 2125 1383; x_wconf 82' lang='lat' dir='ltr'>uon</span> 
     </span>
     <span class='ocr_line' id='line_1_81' title="bbox 1292 1395 1792 1449; baseline 0.006 -15"><span class='ocrx_word' id='word_1_454' title='bbox 1292 1395 1451 1449; x_wconf 85' lang='lat' dir='ltr'>ingenio</span> <span class='ocrx_word' id='word_1_455' title='bbox 1471 1397 1658 1436; x_wconf 86' lang='lat' dir='ltr'>censendi</span> <span class='ocrx_word' id='word_1_456' title='bbox 1684 1410 1749 1443; x_wconf 88' lang='lat' dir='ltr'>xv,</span> <span class='ocrx_word' id='word_1_457' title='bbox 1767 1403 1792 1437; x_wconf 82' lang='lat'><strong>5</strong></span> 
     </span>
    </p>

    <p class='ocr_par' dir='ltr' id='par_1_27' title="bbox 1236 1447 2030 1502">
     <span class='ocr_line' id='line_1_82' title="bbox 1236 1447 2030 1502; baseline 0.003 -16"><span class='ocrx_word' id='word_1_458' title='bbox 1236 1447 1506 1489; x_wconf 81' lang='lat' dir='ltr'>Themeontici</span> <span class='ocrx_word' id='word_1_459' title='bbox 1524 1450 1600 1502; x_wconf 83' lang='lat' dir='ltr'>(pl.</span> <span class='ocrx_word' id='word_1_460' title='bbox 1618 1448 1893 1499; x_wconf 37' lang='lat' dir='ltr'>case&#39;lQhrac)</span> <span class='ocrx_word' id='word_1_461' title='bbox 1918 1447 1986 1495; x_wconf 81' lang='lat' dir='ltr'>vii,</span> <span class='ocrx_word' id='word_1_462' title='bbox 2003 1452 2030 1488; x_wconf 86' lang='grc'><strong>7</strong></span> 
     </span>
    </p>

    <p class='ocr_par' dir='ltr' id='par_1_28' title="bbox 1235 1500 2129 2131">
     <span class='ocr_line' id='line_1_83' title="bbox 1235 1500 2124 1555; baseline 0 -15"><span class='ocrx_word' id='word_1_463' title='bbox 1235 1500 1540 1542; x_wconf 86' lang='lat' dir='ltr'>Themistocles:</span> <span class='ocrx_word' id='word_1_464' title='bbox 1562 1515 1640 1555; x_wconf 88' lang='lat' dir='ltr'>qua</span> <span class='ocrx_word' id='word_1_465' title='bbox 1653 1501 1955 1549; x_wconf 82' lang='lat' dir='ltr'>adolescentia,</span> <span class='ocrx_word' id='word_1_466' title='bbox 1945 1501 2124 1554; x_wconf 68' lang='lat' dir='ltr'>ingenio-</span> 
     </span>
     <span class='ocr_line' id='line_1_84' title="bbox 1289 1554 2126 1607; baseline 0 -13"><span class='ocrx_word' id='word_1_467' title='bbox 1289 1568 1367 1607; x_wconf 92' lang='lat' dir='ltr'>que</span> <span class='ocrx_word' id='word_1_468' title='bbox 1386 1568 1478 1595; x_wconf 86' lang='lat' dir='ltr'>usus</span> <span class='ocrx_word' id='word_1_469' title='bbox 1495 1556 1558 1600; x_wconf 85' lang='lat' dir='ltr'>sit</span> <span class='ocrx_word' id='word_1_470' title='bbox 1583 1556 1628 1602; x_wconf 84' lang='lat' dir='ltr'>ii,</span> <span class='ocrx_word' id='word_1_471' title='bbox 1648 1561 1671 1597; x_wconf 83' lang='lat' dir='ltr'><strong>l</strong></span> <span class='ocrx_word' id='word_1_472' title='bbox 1717 1555 1820 1596; x_wconf 85' lang='lat' dir='ltr'>bello</span> <span class='ocrx_word' id='word_1_473' title='bbox 1837 1554 2003 1607; x_wconf 80' lang='lat' dir='ltr'>Corcyr.</span> <span class='ocrx_word' id='word_1_474' title='bbox 2024 1567 2126 1594; x_wconf 80' lang='lat' dir='ltr'>rem-</span> 
     </span>
     <span class='ocr_line' id='line_1_85' title="bbox 1290 1608 2126 1661; baseline 0 -14"><span class='ocrx_word' id='word_1_475' title='bbox 1290 1609 1387 1660; x_wconf 88' lang='lat' dir='ltr'>pub.</span> <span class='ocrx_word' id='word_1_476' title='bbox 1407 1608 1589 1660; x_wconf 64' lang='lat' dir='ltr'>praeclare</span> <span class='ocrx_word' id='word_1_477' title='bbox 1608 1610 1708 1660; x_wconf 84' lang='lat' dir='ltr'>gerit</span> <span class='ocrx_word' id='word_1_478' title='bbox 1733 1610 1775 1657; x_wconf 85' lang='lat' dir='ltr'>ii,</span> <span class='ocrx_word' id='word_1_479' title='bbox 1783 1613 1821 1649; x_wconf 97' lang='grc'>2</span> <span class='ocrx_word' id='word_1_480' title='bbox 1852 1609 2031 1661; x_wconf 81' lang='lat' dir='ltr'>confligit</span> <span class='ocrx_word' id='word_1_481' title='bbox 2047 1608 2126 1660; x_wconf 81' lang='lat' dir='ltr'>pri-</span> 
     </span>
     <span class='ocr_line' id='line_1_86' title="bbox 1290 1660 2127 1708; baseline -0.001 -8"><span class='ocrx_word' id='word_1_482' title='bbox 1290 1674 1395 1700; x_wconf 87' lang='lat' dir='ltr'>mum</span> <span class='ocrx_word' id='word_1_483' title='bbox 1413 1674 1502 1701; x_wconf 88' lang='lat' dir='ltr'>cum</span> <span class='ocrx_word' id='word_1_484' title='bbox 1519 1660 1646 1701; x_wconf 83' lang='lat' dir='ltr'>Xerxe</span> <span class='ocrx_word' id='word_1_485' title='bbox 1673 1662 1716 1708; x_wconf 89' lang='lat' dir='ltr'>ii,</span> <span class='ocrx_word' id='word_1_486' title='bbox 1731 1665 1757 1703; x_wconf 78' lang='lat'>3</span> <span class='ocrx_word' id='word_1_487' title='bbox 1791 1661 1960 1702; x_wconf 81' lang='lat' dir='ltr'>eundem</span> <span class='ocrx_word' id='word_1_488' title='bbox 1980 1668 2070 1702; x_wconf 80' lang='lat' dir='ltr'>astu</span> <span class='ocrx_word' id='word_1_489' title='bbox 2085 1667 2127 1700; x_wconf 81' lang='lat' dir='ltr'>et</span> 
     </span>
     <span class='ocr_line' id='line_1_87' title="bbox 1292 1704 2129 1767; baseline -0.001 -13"><span class='ocrx_word' id='word_1_490' title='bbox 1292 1715 1380 1754; x_wconf 89' lang='lat' dir='ltr'>loco</span> <span class='ocrx_word' id='word_1_491' title='bbox 1399 1714 1520 1754; x_wconf 90' lang='lat' dir='ltr'>vincit</span> <span class='ocrx_word' id='word_1_492' title='bbox 1546 1715 1590 1762; x_wconf 90' lang='lat' dir='ltr'>ii,</span> <span class='ocrx_word' id='word_1_493' title='bbox 1606 1719 1633 1756; x_wconf 82' lang='lat'>4</span> <span class='ocrx_word' id='word_1_494' title='bbox 1677 1715 1719 1754; x_wconf 89' lang='lat' dir='ltr'>in</span> <span class='ocrx_word' id='word_1_495' title='bbox 1745 1704 1880 1754; x_wconf 85' lang='lat' dir='ltr'>Asiam</span> <span class='ocrx_word' id='word_1_496' title='bbox 1903 1714 2092 1767; x_wconf 76' lang='lat' dir='ltr'>relegat</span> <span class='ocrx_word' id='word_1_497' title='bbox 2079 1715 2129 1763; x_wconf 84' lang='grc' dir='ltr'>ιί,</span> 
     </span>
     <span class='ocr_line' id='line_1_88' title="bbox 1292 1766 2126 1817; baseline 0 -9"><span class='ocrx_word' id='word_1_498' title='bbox 1292 1773 1318 1808; x_wconf 81' lang='lat'><strong>5</strong></span> <span class='ocrx_word' id='word_1_499' title='bbox 1346 1782 1476 1817; x_wconf 85' lang='lat' dir='ltr'>muros</span> <span class='ocrx_word' id='word_1_500' title='bbox 1495 1766 1794 1808; x_wconf 87' lang='lat' dir='ltr'>Atheniensium</span> <span class='ocrx_word' id='word_1_501' title='bbox 1811 1768 1981 1811; x_wconf 84' lang='lat' dir='ltr'>restituit</span> <span class='ocrx_word' id='word_1_502' title='bbox 1995 1769 2126 1810; x_wconf 74' lang='lat' dir='ltr'>consi-</span> 
     </span>
     <span class='ocr_line' id='line_1_89' title="bbox 1291 1822 2125 1885; baseline 0.001 -24"><span class='ocrx_word' id='word_1_503' title='bbox 1291 1822 1346 1861; x_wconf 90' lang='lat' dir='ltr'>lio</span> <span class='ocrx_word' id='word_1_504' title='bbox 1379 1829 1422 1863; x_wconf 88' lang='lat' dir='ltr'>et</span> <span class='ocrx_word' id='word_1_505' title='bbox 1439 1829 1520 1862; x_wconf 81' lang='lat' dir='ltr'>arte</span> <span class='ocrx_word' id='word_1_506' title='bbox 1547 1822 1590 1869; x_wconf 90' lang='lat' dir='ltr'>ii,</span> <span class='ocrx_word' id='word_1_507' title='bbox 1609 1827 1651 1869; x_wconf 82' lang='lat'>6,</span> <span class='ocrx_word' id='word_1_508' title='bbox 1669 1827 1693 1864; x_wconf 89' lang='grc'><strong>7</strong></span> <span class='ocrx_word' id='word_1_509' title='bbox 1741 1822 1896 1885; x_wconf 81' lang='lat' dir='ltr'>ejicitur</span> <span class='ocrx_word' id='word_1_510' title='bbox 1920 1822 1970 1870; x_wconf 86' lang='lat' dir='ltr'>ii,</span> <span class='ocrx_word' id='word_1_511' title='bbox 1982 1826 2010 1864; x_wconf 87' lang='lat'>8</span> <span class='ocrx_word' id='word_1_512' title='bbox 2053 1822 2125 1863; x_wconf 73' lang='lat' dir='ltr'>ab·</span> 
     </span>
     <span class='ocr_line' id='line_1_90' title="bbox 1293 1875 2126 1929; baseline 0 -14"><span class='ocrx_word' id='word_1_513' title='bbox 1293 1889 1380 1915; x_wconf 86' lang='lat' dir='ltr'>sens</span> <span class='ocrx_word' id='word_1_514' title='bbox 1399 1875 1630 1929; x_wconf 85' lang='lat' dir='ltr'>proditionis</span> <span class='ocrx_word' id='word_1_515' title='bbox 1643 1877 1862 1923; x_wconf 83' lang='lat' dir='ltr'>damnatur,</span> <span class='ocrx_word' id='word_1_516' title='bbox 1872 1875 1976 1921; x_wconf 84' lang='lat' dir='ltr'>ibid.</span> <span class='ocrx_word' id='word_1_517' title='bbox 2021 1876 2126 1921; x_wconf 68' lang='lat' dir='ltr'>,varia</span> 
     </span>
     <span class='ocr_line' id='line_1_91' title="bbox 1293 1929 2124 1983; baseline 0 -15"><span class='ocrx_word' id='word_1_518' title='bbox 1293 1930 1388 1982; x_wconf 76' lang='lat' dir='ltr'>suga</span> <span class='ocrx_word' id='word_1_519' title='bbox 1419 1931 1599 1983; x_wconf 74' lang='lat' dir='ltr'>agitatur,</span> <span class='ocrx_word' id='word_1_520' title='bbox 1617 1929 1714 1969; x_wconf 86' lang='lat' dir='ltr'>ibid.</span> <span class='ocrx_word' id='word_1_521' title='bbox 1758 1929 1976 1982; x_wconf 86' lang='lat' dir='ltr'>epistola-e</span> <span class='ocrx_word' id='word_1_522' title='bbox 1995 1941 2049 1968; x_wconf 84' lang='lat' dir='ltr'>us</span> <span class='ocrx_word' id='word_1_523' title='bbox 2070 1931 2124 1974; x_wconf 74' lang='lat' dir='ltr'>ad</span> 
     </span>
     <span class='ocr_line' id='line_1_92' title="bbox 1293 1981 2123 2038; baseline 0 -16"><span class='ocrx_word' id='word_1_524' title='bbox 1293 1981 1546 2024; x_wconf 78' lang='lat' dir='ltr'>Artaxerxem</span> <span class='ocrx_word' id='word_1_525' title='bbox 1572 1985 1615 2031; x_wconf 85' lang='lat' dir='ltr'>ii,</span> <span class='ocrx_word' id='word_1_526' title='bbox 1633 1987 1660 2024; x_wconf 88' lang='lat'>9</span> <span class='ocrx_word' id='word_1_527' title='bbox 1691 1997 1716 2022; x_wconf 88' lang='lat' dir='ltr'>a</span> <span class='ocrx_word' id='word_1_528' title='bbox 1732 1997 1811 2038; x_wconf 90' lang='lat' dir='ltr'>quo</span> <span class='ocrx_word' id='word_1_529' title='bbox 1829 1996 1945 2036; x_wconf 78' lang='lat' dir='ltr'>maga</span> <span class='ocrx_word' id='word_1_530' title='bbox 1978 1984 2123 2030; x_wconf 77' lang='lat' dir='ltr'>oedo-</span> 
     </span>
     <span class='ocr_line' id='line_1_93' title="bbox 1291 2035 2122 2090; baseline -0.001 -13"><span class='ocrx_word' id='word_1_531' title='bbox 1291 2044 1407 2077; x_wconf 84' lang='lat' dir='ltr'>natur</span> <span class='ocrx_word' id='word_1_532' title='bbox 1432 2038 1476 2086; x_wconf 83' lang='lat' dir='ltr'>ii,</span> <span class='ocrx_word' id='word_1_533' title='bbox 1495 2041 1547 2079; x_wconf 82' lang='lat' dir='ltr'>lo</span> <span class='ocrx_word' id='word_1_534' title='bbox 1574 2035 1781 2090; x_wconf 82' lang='lat' dir='ltr'>opiniones</span> <span class='ocrx_word' id='word_1_535' title='bbox 1797 2038 1849 2077; x_wconf 91' lang='lat' dir='ltr'>de</span> <span class='ocrx_word' id='word_1_536' title='bbox 1872 2044 2002 2078; x_wconf 83' lang='lat' dir='ltr'>morte</span> <span class='ocrx_word' id='word_1_537' title='bbox 2019 2035 2122 2089; x_wconf 80' lang='lat' dir='ltr'>ejus,</span> 
     </span>
     <span class='ocr_line' id='line_1_94' title="bbox 1291 2090 1534 2131; baseline 0.004 -1"><span class='ocrx_word' id='word_1_538' title='bbox 1291 2090 1389 2131; x_wconf 85' lang='lat' dir='ltr'>ibid.</span> <span class='ocrx_word' id='word_1_539' title='bbox 1530 2122 1534 2124; x_wconf 49' lang='lat'>&gt;</span> 
     </span>
    </p>

    <p class='ocr_par' dir='ltr' id='par_1_29' title="bbox 1236 2143 2124 2198">
     <span class='ocr_line' id='line_1_95' title="bbox 1236 2143 2124 2198; baseline -0.001 -14"><span class='ocrx_word' id='word_1_540' title='bbox 1236 2144 1516 2198; x_wconf 82' lang='lat' dir='ltr'>Theopompus</span> <span class='ocrx_word' id='word_1_541' title='bbox 1530 2145 1736 2186; x_wconf 81' lang='lat' dir='ltr'>historicus</span> <span class='ocrx_word' id='word_1_542' title='bbox 1753 2143 1808 2193; x_wconf 83' lang='lat' dir='ltr'>xi,</span> <span class='ocrx_word' id='word_1_543' title='bbox 1821 2147 1862 2186; x_wconf 75' lang='lat'>8.</span> <span class='ocrx_word' id='word_1_544' title='bbox 1881 2144 1948 2192; x_wconf 87' lang='lat' dir='ltr'>vii,</span> <span class='ocrx_word' id='word_1_545' title='bbox 1961 2147 2013 2189; x_wconf 76' lang='lat' dir='ltr'><strong>u</strong></span> <span class='ocrx_word' id='word_1_546' title='bbox 2041 2156 2124 2184; x_wconf 80' lang='lat' dir='ltr'>tua-</span> 
     </span>
    </p>

    <p class='ocr_par' dir='ltr' id='par_1_30' title="bbox 1239 2199 1569 2248">
     <span class='ocr_line' id='line_1_96' title="bbox 1239 2199 1569 2248; baseline 0.003 -10"><span class='ocrx_word' id='word_1_547' title='bbox 1239 2241 1241 2243; x_wconf 59' lang='lat'>,</span> <span class='ocrx_word' id='word_1_548' title='bbox 1289 2199 1455 2248; x_wconf 87' lang='lat' dir='ltr'>ledicus,</span> <span class='ocrx_word' id='word_1_549' title='bbox 1473 2200 1569 2239; x_wconf 85' lang='lat' dir='ltr'>ibid.</span> 
     </span>
    </p>

    <p class='ocr_par' dir='ltr' id='par_1_31' title="bbox 1232 2252 1629 2300">
     <span class='ocr_line' id='line_1_97' title="bbox 1232 2252 1629 2300; baseline 0.005 -9"><span class='ocrx_word' id='word_1_550' title='bbox 1232 2252 1492 2293; x_wconf 77' lang='lat' dir='ltr'>Theramenes</span> <span class='ocrx_word' id='word_1_551' title='bbox 1518 2253 1587 2300; x_wconf 85' lang='lat' dir='ltr'>vii,</span> <span class='ocrx_word' id='word_1_552' title='bbox 1603 2259 1629 2294; x_wconf 87' lang='lat'>5</span> 
     </span>
    </p>

    <p class='ocr_par' dir='ltr' id='par_1_32' title="bbox 1233 2266 2125 2613">
     <span class='ocr_line' id='line_1_98' title="bbox 1233 2266 2125 2360; baseline -0.002 -15"><span class='ocrx_word' id='word_1_553' title='bbox 1233 2307 1509 2360; x_wconf 66' lang='lat' dir='ltr'>Thermopylae</span> <span class='ocrx_word' id='word_1_554' title='bbox 1546 2307 1591 2354; x_wconf 88' lang='lat' dir='ltr'>ii,</span> <span class='ocrx_word' id='word_1_555' title='bbox 1622 2311 1663 2348; x_wconf 80' lang='lat'>3.</span> <span class='ocrx_word' id='word_1_556' title='bbox 1693 2310 1722 2348; x_wconf 73' lang='lat'><em>4</em></span> <span class='ocrx_word' id='word_1_557' title='bbox 1765 2305 1960 2359; x_wconf 79' lang='lat' dir='ltr'>(angusti</span> <span class='ocrx_word' id='word_1_558' title='bbox 1977 2266 2125 2351; x_wconf 81' lang='lat' dir='ltr'>aditus,</span> 
     </span>
     <span class='ocr_line' id='line_1_99' title="bbox 1291 2358 2122 2411; baseline -0.001 -13"><span class='ocrx_word' id='word_1_559' title='bbox 1291 2361 1395 2399; x_wconf 88' lang='lat' dir='ltr'>unde</span> <span class='ocrx_word' id='word_1_560' title='bbox 1412 2366 1454 2398; x_wconf 88' lang='lat' dir='ltr'>et</span> <span class='ocrx_word' id='word_1_561' title='bbox 1483 2372 1628 2398; x_wconf 85' lang='lat' dir='ltr'>nomen</span> <span class='ocrx_word' id='word_1_562' title='bbox 1654 2364 1922 2411; x_wconf 79' lang='lat' dir='ltr'>‘portarum-</span> <span class='ocrx_word' id='word_1_563' title='bbox 1893 2359 1918 2383; x_wconf 93' lang='lat'>·’</span> <span class='ocrx_word' id='word_1_564' title='bbox 1962 2358 2122 2398; x_wconf 76' lang='lat' dir='ltr'>alteram</span> 
     </span>
     <span class='ocr_line' id='line_1_100' title="bbox 1289 2410 2121 2463; baseline -0.002 -12"><span class='ocrx_word' id='word_1_565' title='bbox 1289 2413 1468 2451; x_wconf 79' lang='lat' dir='ltr'>vocabuli</span> <span class='ocrx_word' id='word_1_566' title='bbox 1504 2419 1654 2463; x_wconf 82' lang='lat' dir='ltr'>partem</span> <span class='ocrx_word' id='word_1_567' title='bbox 1695 2413 1774 2450; x_wconf 78' lang='lat' dir='ltr'>·ab</span> <span class='ocrx_word' id='word_1_568' title='bbox 1807 2413 1918 2463; x_wconf 80' lang='lat' dir='ltr'>aquis</span> <span class='ocrx_word' id='word_1_569' title='bbox 1954 2410 2121 2457; x_wconf 61' lang='lat' dir='ltr'>calidisl</span> 
     </span>
     <span class='ocr_line' id='line_1_101' title="bbox 1287 2464 2122 2618; baseline -0.005 -59"><span class='ocrx_word' id='word_1_570' title='bbox 1287 2464 2122 2618; x_wconf 57' lang='lat' dir='ltr'>issaess}ss2?3¹2122d⁸ss32¹2525„2¹21„222&#39;53</span> 
     </span>
     <span class='ocr_line' id='line_1_102' title="bbox 1287 2585 1541 2612; baseline -0.004 0"><span class='ocrx_word' id='word_1_571' title='bbox 1287 2585 1380 2612; x_wconf 85' lang='lat' dir='ltr'>xxm</span> <span class='ocrx_word' id='word_1_572' title='bbox 1532 2595 1541 2598; x_wconf 60' lang='lat'><strong>&lt;</strong></span> 
     </span>
    </p>

    <p class='ocr_par' dir='ltr' id='par_1_33' title="bbox 1234 2625 1769 2678">
     <span class='ocr_line' id='line_1_103' title="bbox 1234 2625 1769 2678; baseline 0.002 -14"><span class='ocrx_word' id='word_1_573' title='bbox 1234 2625 1445 2665; x_wconf 82' lang='lat' dir='ltr'>Thessaliae</span> <span class='ocrx_word' id='word_1_574' title='bbox 1464 2625 1620 2678; x_wconf 82' lang='lat' dir='ltr'>tyranni</span> <span class='ocrx_word' id='word_1_575' title='bbox 1647 2625 1726 2672; x_wconf 80' lang='lat' dir='ltr'>xvi,</span> <span class='ocrx_word' id='word_1_576' title='bbox 1743 2630 1769 2665; x_wconf 84' lang='lat'><strong>5</strong></span> 
     </span>
    </p>

    <p class='ocr_par' dir='ltr' id='par_1_34' title="bbox 1233 2668 2172 2828">
     <span class='ocr_line' id='line_1_104' title="bbox 1233 2668 2120 2731; baseline -0.002 -11"><span class='ocrx_word' id='word_1_577' title='bbox 1233 2680 1437 2720; x_wconf 82' lang='lat' dir='ltr'>Thraces</span> <span class='ocrx_word' id='word_1_578' title='bbox 1425 2693 1456 2727; x_wconf 82' lang='lat'>1,</span> <span class='ocrx_word' id='word_1_579' title='bbox 1473 2683 1510 2720; x_wconf 87' lang='lat'>1.</span> <span class='ocrx_word' id='word_1_580' title='bbox 1531 2679 1604 2726; x_wconf 84' lang='lat' dir='ltr'>xi,</span> <span class='ocrx_word' id='word_1_581' title='bbox 1621 2683 1649 2720; x_wconf 89' lang='grc'>2</span> <span class='ocrx_word' id='word_1_582' title='bbox 1694 2693 1720 2718; x_wconf 84' lang='lat' dir='ltr'>a</span> <span class='ocrx_word' id='word_1_583' title='bbox 1737 2679 1910 2720; x_wconf 88' lang='lat' dir='ltr'>Cimone</span> <span class='ocrx_word' id='word_1_584' title='bbox 1929 2668 2052 2731; x_wconf 60' lang='lat' dir='ltr'>fugati</span> <span class='ocrx_word' id='word_1_585' title='bbox 2078 2693 2120 2727; x_wconf 73' lang='lat' dir='ltr'>v,</span> 
     </span>
     <span class='ocr_line' id='line_1_105' title="bbox 1288 2732 2120 2794; baseline -0.002 -20"><span class='ocrx_word' id='word_1_586' title='bbox 1288 2737 1314 2774; x_wconf 90' lang='grc'>2</span> <span class='ocrx_word' id='word_1_587' title='bbox 1355 2733 1534 2785; x_wconf 87' lang='lat' dir='ltr'>peouniae</span> <span class='ocrx_word' id='word_1_588' title='bbox 1558 2732 1775 2772; x_wconf 83' lang='lat' dir='ltr'>Alcibiadis</span> <span class='ocrx_word' id='word_1_589' title='bbox 1792 2733 2025 2794; x_wconf 80' lang='lat' dir='ltr'>insidiantur</span> <span class='ocrx_word' id='word_1_590' title='bbox 2050 2732 2120 2781; x_wconf 87' lang='lat' dir='ltr'>vii,</span> 
     </span>
     <span class='ocr_line' id='line_1_106' title="bbox 1288 2785 2172 2832; baseline 0 -4"><span class='ocrx_word' id='word_1_591' title='bbox 1288 2791 1314 2828; x_wconf 81' lang='lat'>9</span> <span class='ocrx_word' id='word_1_592' title='bbox 1342 2786 1533 2827; x_wconf 85' lang='lat' dir='ltr'>vinolenti</span> <span class='ocrx_word' id='word_1_593' title='bbox 1549 2793 1592 2827; x_wconf 86' lang='lat' dir='ltr'>et</span> <span class='ocrx_word' id='word_1_594' title='bbox 1607 2786 1776 2826; x_wconf 82' lang='lat' dir='ltr'>Venerei</span> <span class='ocrx_word' id='word_1_595' title='bbox 1802 2785 1949 2832; x_wconf 80' lang='lat' dir='ltr'>vii,11</span> <span class='ocrx_word' id='word_1_596' title='bbox 2170 2788 2172 2792; x_wconf 74' lang='grc'>’</span> 
     </span>
    </p>

    <p class='ocr_par' dir='ltr' id='par_1_35' title="bbox 1232 2838 2119 2999">
     <span class='ocr_line' id='line_1_107' title="bbox 1232 2838 2119 2893; baseline 0 -14"><span class='ocrx_word' id='word_1_597' title='bbox 1232 2839 1396 2880; x_wconf 86' lang='lat' dir='ltr'>Thracia</span> <span class='ocrx_word' id='word_1_598' title='bbox 1423 2841 1490 2887; x_wconf 81' lang='lat' dir='ltr'>vii,</span> <span class='ocrx_word' id='word_1_599' title='bbox 1509 2844 1534 2881; x_wconf 91' lang='grc'><strong>7</strong></span> <span class='ocrx_word' id='word_1_600' title='bbox 1581 2840 1654 2893; x_wconf 85' lang='grc' dir='ltr'>(Ιιι</span> <span class='ocrx_word' id='word_1_601' title='bbox 1682 2841 1782 2879; x_wconf 80' lang='lat' dir='ltr'>Mss.</span> <span class='ocrx_word' id='word_1_602' title='bbox 1811 2838 1947 2887; x_wconf 82' lang='lat' dir='ltr'>Gifau.</span> <span class='ocrx_word' id='word_1_603' title='bbox 1951 2839 2119 2893; x_wconf 85' lang='lat' dir='ltr'>ubique</span> 
     </span>
     <span class='ocr_line' id='line_1_108' title="bbox 1287 2893 2119 2934; baseline 0.002 -2"><span class='ocrx_word' id='word_1_604' title='bbox 1287 2894 1365 2933; x_wconf 84' lang='lat' dir='ltr'>fuit</span> <span class='ocrx_word' id='word_1_605' title='bbox 1390 2893 1568 2933; x_wconf 77' lang='lat' dir='ltr'>Thra-:ces</span> <span class='ocrx_word' id='word_1_606' title='bbox 1595 2901 1641 2934; x_wconf 83' lang='lat' dir='ltr'>et</span> <span class='ocrx_word' id='word_1_607' title='bbox 1657 2893 1846 2933; x_wconf 84' lang='lat' dir='ltr'>Thraecia.</span> <span class='ocrx_word' id='word_1_608' title='bbox 1887 2907 1926 2933; x_wconf 83' lang='lat' dir='ltr'>v.</span> <span class='ocrx_word' id='word_1_609' title='bbox 1956 2907 2045 2934; x_wconf 86' lang='lat' dir='ltr'>eum</span> <span class='ocrx_word' id='word_1_610' title='bbox 2074 2894 2119 2934; x_wconf 80' lang='lat' dir='ltr'>iu</span> 
     </span>
     <span class='ocr_line' id='line_1_109' title="bbox 1286 2945 1581 2999; baseline 0 -13"><span class='ocrx_word' id='word_1_611' title='bbox 1286 2946 1376 2989; x_wconf 82' lang='lat' dir='ltr'>Iud.</span> <span class='ocrx_word' id='word_1_612' title='bbox 1399 2945 1581 2999; x_wconf 80' lang='lat' dir='ltr'>Lucret.)</span> 
     </span>
    </p>

    <p class='ocr_par' dir='ltr' id='par_1_36' title="bbox 1233 2999 1874 3054">
     <span class='ocr_line' id='line_1_110' title="bbox 1233 2999 1874 3054; baseline -0.003 -14"><span class='ocrx_word' id='word_1_613' title='bbox 1233 3001 1266 3040; x_wconf 89' lang='lat' dir='ltr'>T</span> <span class='ocrx_word' id='word_1_614' title='bbox 1269 3002 1396 3040; x_wconf 84' lang='lat' dir='ltr'>hressa</span> <span class='ocrx_word' id='word_1_615' title='bbox 1413 3001 1598 3054; x_wconf 86' lang='lat' dir='ltr'>(Thracia</span> <span class='ocrx_word' id='word_1_616' title='bbox 1610 2999 1795 3053; x_wconf 77' lang='lat' dir='ltr'>foemina)</span> <span class='ocrx_word' id='word_1_617' title='bbox 1820 2999 1874 3047; x_wconf 87' lang='lat' dir='ltr'>xi,</span> 
     </span>
    </p>

    <p class='ocr_par' dir='ltr' id='par_1_37' title="bbox 1233 3053 2120 3533">
     <span class='ocr_line' id='line_1_111' title="bbox 1233 3053 2120 3118; baseline -0.001 -23"><span class='ocrx_word' id='word_1_618' title='bbox 1233 3054 1502 3118; x_wconf 82' lang='lat' dir='ltr'>Thrasybulus</span> <span class='ocrx_word' id='word_1_619' title='bbox 1508 3055 1688 3117; x_wconf 83' lang='lat' dir='ltr'>patriam</span> <span class='ocrx_word' id='word_1_620' title='bbox 1713 3067 1737 3093; x_wconf 85' lang='lat' dir='ltr'>a</span> <span class='ocrx_word' id='word_1_621' title='bbox 1764 3055 1924 3106; x_wconf 80' lang='lat' dir='ltr'>triginta</span> <span class='ocrx_word' id='word_1_622' title='bbox 1943 3053 2120 3117; x_wconf 73' lang='lat' dir='ltr'>tyrannis</span> 
     </span>
     <span class='ocr_line' id='line_1_112' title="bbox 1290 3108 2119 3160; baseline 0 -13"><span class='ocrx_word' id='word_1_623' title='bbox 1290 3108 1426 3148; x_wconf 89' lang='lat' dir='ltr'>liberat</span> <span class='ocrx_word' id='word_1_624' title='bbox 1452 3108 1538 3155; x_wconf 86' lang='lat' dir='ltr'>viii,</span> <span class='ocrx_word' id='word_1_625' title='bbox 1554 3113 1576 3149; x_wconf 90' lang='lat'>1</span> <span class='ocrx_word' id='word_1_626' title='bbox 1619 3108 1693 3148; x_wconf 65' lang='lat' dir='ltr'>&amp;m</span> <span class='ocrx_word' id='word_1_627' title='bbox 1725 3115 1859 3147; x_wconf 77' lang='lat' dir='ltr'>contra</span> <span class='ocrx_word' id='word_1_628' title='bbox 1875 3120 1974 3160; x_wconf 86' lang='lat' dir='ltr'>quos</span> <span class='ocrx_word' id='word_1_629' title='bbox 1993 3108 2119 3159; x_wconf 80' lang='lat' dir='ltr'>primo</span> 
     </span>
     <span class='ocr_line' id='line_1_113' title="bbox 1288 3161 2118 3214; baseline 0.001 -14"><span class='ocrx_word' id='word_1_630' title='bbox 1288 3161 1447 3214; x_wconf 85' lang='lat' dir='ltr'>Phylen</span> <span class='ocrx_word' id='word_1_631' title='bbox 1471 3168 1642 3214; x_wconf 87' lang='lat' dir='ltr'>occupat</span> <span class='ocrx_word' id='word_1_632' title='bbox 1666 3161 1746 3208; x_wconf 90' lang='lat' dir='ltr'>viii,</span> <span class='ocrx_word' id='word_1_633' title='bbox 1774 3164 1801 3201; x_wconf 89' lang='grc'>2</span> <span class='ocrx_word' id='word_1_634' title='bbox 1846 3175 1934 3199; x_wconf 84' lang='grc' dir='ltr'>ιιιοιι</span> <span class='ocrx_word' id='word_1_635' title='bbox 1965 3161 2118 3213; x_wconf 76' lang='lat' dir='ltr'>Muny-</span> 
     </span>
     <span class='ocr_line' id='line_1_114' title="bbox 1288 3214 2117 3261; baseline -0.004 -6"><span class='ocrx_word' id='word_1_636' title='bbox 1288 3215 1432 3261; x_wconf 86' lang='lat' dir='ltr'>chiam,</span> <span class='ocrx_word' id='word_1_637' title='bbox 1451 3215 1550 3256; x_wconf 89' lang='lat' dir='ltr'>ibid.</span> <span class='ocrx_word' id='word_1_638' title='bbox 1592 3215 1659 3255; x_wconf 90' lang='lat' dir='ltr'>ubi</span> <span class='ocrx_word' id='word_1_639' title='bbox 1682 3214 1845 3254; x_wconf 82' lang='lat' dir='ltr'>civiliter</span> <span class='ocrx_word' id='word_1_640' title='bbox 1862 3214 2117 3254; x_wconf 69' lang='lat' dir='ltr'>victoriauti-</span> 
     </span>
     <span class='ocr_line' id='line_1_115' title="bbox 1287 3266 2118 3330; baseline -0.001 -23"><span class='ocrx_word' id='word_1_641' title='bbox 1287 3275 1363 3317; x_wconf 87' lang='lat' dir='ltr'>tur,</span> <span class='ocrx_word' id='word_1_642' title='bbox 1389 3269 1485 3308; x_wconf 87' lang='lat' dir='ltr'>ibid.</span> <span class='ocrx_word' id='word_1_643' title='bbox 1526 3270 1738 3310; x_wconf 82' lang='lat' dir='ltr'>constituta</span> <span class='ocrx_word' id='word_1_644' title='bbox 1761 3268 2002 3332; x_wconf 81' lang='lat' dir='ltr'>pacelegem</span> <span class='ocrx_word' id='word_1_645' title='bbox 2019 3266 2118 3307; x_wconf 88' lang='lat' dir='ltr'>obli·</span> 
     </span>
     <span class='ocr_line' id='line_1_116' title="bbox 1289 3320 2117 3374; baseline -0.002 -13"><span class='ocrx_word' id='word_1_646' title='bbox 1289 3322 1414 3363; x_wconf 85' lang='lat' dir='ltr'>vionis</span> <span class='ocrx_word' id='word_1_647' title='bbox 1445 3324 1532 3369; x_wconf 82' lang='lat' dir='ltr'>fert,</span> <span class='ocrx_word' id='word_1_648' title='bbox 1567 3328 1770 3374; x_wconf 68' lang='lat' dir='ltr'>servatque</span> <span class='ocrx_word' id='word_1_649' title='bbox 1805 3320 1890 3367; x_wconf 86' lang='lat' dir='ltr'>viii,</span> <span class='ocrx_word' id='word_1_650' title='bbox 1921 3325 1946 3362; x_wconf 75' lang='lat'>3</span> <span class='ocrx_word' id='word_1_651' title='bbox 1991 3320 2117 3372; x_wconf 77' lang='lat' dir='ltr'>qualis</span> 
     </span>
     <span class='ocr_line' id='line_1_117' title="bbox 1289 3373 2119 3433; baseline -0.004 -18"><span class='ocrx_word' id='word_1_652' title='bbox 1289 3389 1433 3416; x_wconf 83' lang='lat' dir='ltr'>corona</span> <span class='ocrx_word' id='word_1_653' title='bbox 1454 3377 1492 3416; x_wconf 90' lang='lat' dir='ltr'>ei</span> <span class='ocrx_word' id='word_1_654' title='bbox 1517 3376 1609 3415; x_wconf 82' lang='lat' dir='ltr'>data</span> <span class='ocrx_word' id='word_1_655' title='bbox 1635 3377 1717 3422; x_wconf 88' lang='lat' dir='ltr'>viii,</span> <span class='ocrx_word' id='word_1_656' title='bbox 1733 3379 1760 3416; x_wconf 78' lang='lat'>4</span> <span class='ocrx_word' id='word_1_657' title='bbox 1802 3376 1844 3414; x_wconf 86' lang='lat' dir='ltr'>in</span> <span class='ocrx_word' id='word_1_658' title='bbox 1870 3373 2119 3433; x_wconf 78' lang='lat' dir='ltr'>tabernaculo</span> 
     </span>
     <span class='ocr_line' id='line_1_118' title="bbox 1288 3423 2118 3492; baseline -0.002 -24"><span class='ocrx_word' id='word_1_659' title='bbox 1288 3429 1457 3492; x_wconf 87' lang='lat' dir='ltr'>denique</span> <span class='ocrx_word' id='word_1_660' title='bbox 1474 3423 1700 3470; x_wconf 66' lang='lat' dir='ltr'>interfectus</span> <span class='ocrx_word' id='word_1_661' title='bbox 1717 3434 1791 3478; x_wconf 85' lang='lat' dir='ltr'>est,</span> <span class='ocrx_word' id='word_1_662' title='bbox 1807 3428 1903 3470; x_wconf 82' lang='lat' dir='ltr'>ibid.</span> <span class='ocrx_word' id='word_1_663' title='bbox 1950 3426 2021 3468; x_wconf 81' lang='lat' dir='ltr'>Fit</span> <span class='ocrx_word' id='word_1_664' title='bbox 2029 3426 2118 3479; x_wconf 66' lang='lat' dir='ltr'>eju·</span> 
     </span>
     <span class='ocr_line' id='line_1_119' title="bbox 1288 3483 1640 3533; baseline 0.003 -10"><span class='ocrx_word' id='word_1_665' title='bbox 1288 3484 1435 3524; x_wconf 85' lang='lat' dir='ltr'>mentio</span> <span class='ocrx_word' id='word_1_666' title='bbox 1462 3483 1531 3533; x_wconf 88' lang='lat' dir='ltr'>vii,</span> <span class='ocrx_word' id='word_1_667' title='bbox 1548 3488 1586 3523; x_wconf 85' lang='lat'>5.</span> <span class='ocrx_word' id='word_1_668' title='bbox 1614 3487 1640 3524; x_wconf 87' lang='grc'><strong>7</strong></span> 
     </span>
    </p>
   </div>
  </div>
 </body>
</html>
