2306 3900
318 249 378 302 vi

375 389 400 425 7
441 385 537 492 §nisi
556 391 684 426 tamen
703 387 912 441 legendum
926 393 1001 434 est,
1020 388 1205 428 exadver-

377 452 442 477 sus

325 492 531 531 Adversari
558 493 674 533 alicui
702 493 774 548 (de
804 494 1046 542 dissensione
1077 494 1204 549 civili)

377 558 439 592 xx,
458 550 485 586 2

322 597 578 639 Adversarius
605 600 677 654 (de
695 601 851 649 aemulo,
870 602 951 642 sive
969 615 1016 642 eo
1036 602 1102 655 qui
1122 602 1204 642 sac-

373 652 519 692 tionern
537 655 758 707 comparat)
786 669 825 702 x,
852 659 877 696 7
907 654 948 694 in
965 656 1116 708 republ.
1135 657 1204 695 ad-

372 706 626 747 ministranda
639 708 910 763 (ᾰντίτεχνος)
932 723 1000 757 xv,
1019 715 1043 750 5
1079 709 1204 762 (ἄντι-

372 759 617 810 τωσσόμενος
671 763 870 802 Plutarch.
931 764 972 802 in
1016 762 1203 811 Aristide,

373 814 641 856 ἆντιπολιτεία
658 822 719 856 est
735 817 842 868 apud
869 816 1069 856 Plutarch.
1100 817 1203 857 ἄντι-

371 869 669 919 πολιτευόμενος
685 869 727 908 in
746 876 864 909 amat.
887 875 1029 909 narrat.
1045 870 1204 924 Boecl.)

372 922 609 962 adversarius
628 924 797 975 populus
825 923 917 977 (lmc
933 937 1031 963 voce
1049 930 1206 970 notatur

370 974 420 1014 τὸ
437 976 642 1027 φιλαίτιον,
661 977 742 1017 sive
769 976 1001 1017 adversandi
1016 990 1203 1029 ‚premen-

372 1028 493 1080 dique
520 1031 736 1082 superiores
768 1030 915 1082 libido)
944 1030 1026 1078 xiii,
1046 1034 1070 1070 3
1119 1031 1204 1084 (Ita

371 1082 510 1122 Boecl.
558 1084 636 1123 Sed
656 1084 760 1124 Clar.
777 1084 1206 1133 Schefferusreferebat

371 1137 422 1175 ad
442 1150 527 1176 voc.
547 1137 770 1192 potentias).
797 1138 1005 1178 adversarii
1030 1137 1202 1190 (obtrec-

372 1195 528 1238 tatores,
541 1191 685 1239 aemuli,
699 1192 766 1244 qui
778 1198 964 1232 accusant
975 1193 1018 1230 in
1026 1191 1203 1246 judicio)

358 1248 434 1291 'xv,
454 1249 494 1285 7.
534 1245 616 1292 viii,
635 1249 662 1286 2
707 1247 839 1285 hostes
867 1247 909 1294 ii,
926 1249 967 1286 4.
994 1245 1074 1293 xiv,
1093 1250 1134 1292 6,
1163 1254 1204 1286 et

369 1310 487 1349 saepe.
529 1299 748 1339 adversaria
779 1300 898 1339 factio
927 1299 1005 1348 xvi,
1044 1303 1066 1339 1
1114 1313 1202 1352 quae

371 1365 460 1390 mox
489 1353 568 1401 xvi,
605 1355 632 1393 2
676 1352 869 1407 (diciturt
900 1354 1202 1393 adversariorum

370 1405 511 1458 factio)

317 1458 514 1498 Adulterii
564 1459 824 1512 suspicionem
871 1461 1013 1500 habere
1067 1475 1130 1508 xv,
1175 1466 1199 1501 5

369 1511 484 1566 (vide
501 1513 679 1565 Habere)

317 1565 524 1606 Advocare
543 1567 772 1606 concionem
802 1567 868 1614 vii,
886 1571 913 1607 6

318 1620 443 1659 AEdes
470 1620 760 1660 sovisFeretrii
789 1620 1016 1673 (templum,
1047 1620 1202 1674 sanum)

353 1687 460 1720 -xxv,
490 1676 547 1714 20·
580 1673 672 1713 Sic:
717 1675 821 1713 aedes
851 1675 1044 1713 Minervae
1086 1675 1139 1722 iv,
1174 1681 1198 1716 5

372 1727 615 1779 Proserpinae
643 1742 681 1773 x,
702 1731 727 1768 8
756 1728 912 1774 Martis,
929 1727 990 1766 Fr.
1007 1732 1054 1768 11

318 1781 482 1820 AEdiuru
504 1782 612 1820 locus
631 1781 776 1833 primus
795 1780 1016 1835 (πρόθυρον,
1041 1780 1201 1836 atrium)

371 1835 529 1874 Praefat.
558 1835 659 1889 (vid.
678 1834 865 1889 Primus).
914 1848 1002 1888 pars
1030 1835 1202 1883 interior,

371 1889 488 1927 Praef.

317 1942 532 1982 AEdificare
562 1942 724 1981 classem
753 1942 794 1988 ii,
814 1946 840 1982 2
884 1956 1002 1982 mox:
1050 1943 1202 1983 efficere

370 1996 435 2036 Sic
453 2011 462 2035 ι
493 1997 544 2034 ad
562 1996 813 2035 aedificandas
829 1996 972 2036 classes
988 1996 1046 2044 iii,
1064 2000 1089 2037 3
1117 1996 1204 2050 (Ita

369 2057 411 2089 et
426 2050 511 2090 Cic.
525 2063 595 2102 pro
614 2049 660 2088 L.
681 2049 824 2089 Manil.
844 2056 886 2090 et
903 2051 1034 2091 Caesar
1053 2051 1199 2090 locuti:

368 2110 578 2156 tueturque
593 2103 749 2143 Buclm.
765 2105 816 2143 de
830 2111 1015 2144 commut.
1033 2111 1104 2144 rat.
1122 2103 1202 2145 dic.

369 2158 398 2205 i,
419 2162 465 2198 11
475 2187 486 2205 ,
496 2157 555 2211 1).
569 2157 809 2198 aedificantes
819 2157 1081 2198 Athenienses
1096 2158 1202 2213 (mu-

371 2225 462 2250 suos
497 2211 778 2264 instaurantes)
825 2212 867 2260 ii,
904 2217 931 2252 6
986 2212 1202 2252 aedificator

370 2265 461 2317 (qui
496 2266 625 2304 studio
645 2266 869 2305 aedificandi
905 2266 1082 2318 ducitur)
1110 2280 1200 2314 xxv,

371 2322 422 2358 13
447 2318 547 2424 )(sic
575 2318 726 2366 Florei,
753 2323 794 2367 8,
823 2323 864 2360 4.
911 2325 952 2359 et
980 2319 1202 2359 Columella

370 2371 398 2418 i,
419 2376 444 2412 4

317 2424 548 2464 AEdifieium
567 2439 576 2463 ε
624 2437 705 2463 non
751 2425 932 2473 aedificio,
968 2427 1037 2465 sed
1072 2425 1198 2479 sylva,

369 2479 577 2518 constabat
593 2478 795 2517 amoenitas
813 2480 952 2518 domus
965 2479 1064 2533 (non
1076 2486 1198 2520 struc-

370 2537 455 2571 tura
473 2537 672 2571 sumtuosa
723 2544 812 2580 xxv,
834 2536 884 2573 13
913 2533 977 2585 (v.
994 2532 1172 2586 Domus)

316 2586 461 2627 AEdilis
487 2585 613 2638 plebis
631 2585 674 2639 (a
728 2585 857 2626 differ.
885 2586 990 2626 aedil.
1008 2587 1206 2627 curulium,

367 2646 409 2680 et
426 2639 588 2692 cereal.)
617 2639 720 2686 xxiv,
741 2643 764 2680 1

316 2695 433 2747 AEgae
470 2694 745 2747 (Macedoniae
796 2693 1008 2747 oppidum)
1054 2694 1134 2741 xxi,
1172 2699 1198 2735 2
1247 2711 1250 2714 ·

368 2748 456 2800 (De
475 2754 609 2800 etymo
629 2761 665 2786 v.
679 2747 865 2787 Bocharti
892 2748 1054 2788 Canaan
1080 2747 1109 2796 i,
1131 2752 1195 2790 13.

369 2802 586 2841 Ptolemaeo
605 2807 666 2840 est
682 2800 845 2854 Αἲγαία)

314 2856 479 2908 AEgates
514 2855 652 2894 insulae
695 2856 787 2902 xxii,
819 2859 841 2895 1
888 2853 993 2908 (sitae
1025 2855 1067 2894 in
1104 2855 1198 2895 mari

367 2909 555 2948 Mediter.
583 2908 696 2960 juxta
717 2908 902 2955 Siciliam,
922 2909 1039 2962 vulgo
1057 2921 1196 2961 perpe-

366 2975 447 3002 ram
466 2964 655 3016 AEgades.
697 2962 762 3002 De
793 2963 841 3002 iis
865 2962 1014 3015 prolixe
1040 2963 1196 3003 Cluver.

364 3016 473 3056 Sicil.
492 3016 616 3067 antiq.
644 3016 686 3063 ii,
700 3014 774 3067 15)

313 3070 435 3123 AEger
452 3068 675 3109 vulneribus
702 3068 732 3117 i,
753 3074 778 3110 7
825 3068 933 3123 (sub.
953 3068 1152 3122 praeposit.
1171 3083 1195 3109 a

368 3125 429 3163 vei
449 3137 509 3164 ex.
818 3152 821 3155 ,

313 3178 440 3229 AEgos
459 3122 624 3218 Fluimen
643 3176 757 3230 (urbs
780 3175 1050 3229 Hellesponti)
1077 3175 1130 3223 vi,
1154 3173 1191 3217 1‘.

365 3231 433 3278 vii,
453 3236 492 3271 8.
521 3232 573 3277 ix,
596 3235 617 3272 1
649 3230 835 3285 (Graecis,
862 3236 907 3269 ut
924 3230 1193 3282 Xenophonti,

368 3284 530 3324 Aristot.
551 3285 779 3332 Plutarcho,
790 3284 915 3325 Diod.
933 3285 1011 3324 Sic.
1028 3284 1194 3336 Stepha-

365 3338 566 3387 n0‚A1-ybs
594 3338 775 3389 ποταμοί.
804 3338 996 3391 Singulari
1014 3350 1190 3385 numero,

366 3398 409 3431 ut
428 3391 587 3437 Noster,
608 3392 724 3431 etiam
742 3393 892 3431 Plinius
919 3391 961 3438 ii,
983 3395 1049 3431 58.
1069 3398 1110 3430 et
1137 3393 1191 3438 iv,

369 3449 434 3487 10.
463 3458 509 3484 ac
549 3445 660 3483 Mela
690 3446 730 3490 ii,
762 3450 802 3486 2.
831 3445 1017 3484 extulere.
1055 3445 1190 3484 Lainb.

364 3499 482 3539 Adde
503 3498 643 3550 Scalig.
663 3499 712 3537 ad
734 3499 875 3537 Euseb.
897 3512 1000 3537 num.
1025 3498 1150 3551 1551)

1144 230 1350 305 INDEX

1265 388 1469 443 AEgyptus
1485 387 1602 442 (nota
1628 387 1772 428 Africae
1791 388 2014 443 provincia)
2041 391 2147 439 xviii,

1319 446 1346 483 3
1375 442 1593 507 AEgyptius
1610 455 1676 483 rex
1704 443 1758 490 xi,
1775 447 1802 484 2
1836 444 2034 497 AEgyptia
2048 445 2148 486 clas-

1319 497 1372 536 sis
1399 497 1509 544 xii,2
1554 497 1838 550 AEgyptiorum
1867 510 2029 538 munera
2042 498 2150 552 Age·

1318 549 1416 590 silan
1434 550 1549 591 missa
1577 551 1671 598 xvii,
1690 554 1717 592 8
1959 598 1964 604 .

1266 603 1450 643 AEmilius
1468 605 1536 658 (L.
1552 603 1736 657 Paullus)
1751 603 1903 644 occisus
1930 604 2039 652 xxiii,
2054 608 2082 646 4

1265 657 1458 698 AEmulari
1486 658 1656 710 aliquem
1673 658 1930 710 (contendere
1951 659 2004 698 de
2029 658 2151 711 gloria

1319 723 1409 750 cum
1427 710 1498 764 eo)
1524 725 1591 758 xv,
1610 716 1636 752 5

1265 764 1482 804 AEmulntio
1501 771 1620 805 tantae
1634 764 1761 804 laudis
1773 771 1835 804 est
1849 763 1949 804 inter
1960 765 2031 805 hos
2058 779 2148 814 xxv,

1317 822 1342 857 5
1371 817 1461 871 (ubi
1477 825 1519 856 et
1536 831 1640 864 mox,
1656 818 1757 856 sicut
1774 823 1816 856 et
1843 831 1911 865 κν,
1927 823 1952 858 5
1981 818 2145 872 disting.

1318 871 1369 909 ab
1396 870 1716 923 obtrectatione).
1742 883 1869 910 rerum
1896 872 2148 913 maximarum

1317 923 1418 962 inter
1451 925 1523 963 hos
1559 923 1766 963 intercedit
1791 937 1882 971 xxv,
1913 928 1970 966 20
2010 924 2147 979 (mcxx

1318 977 1473 1024 incidit,
1501 977 1576 1016 nisi
1604 983 1746 1036 ¹tamen
1774 977 1818 1017 id
1853 990 1878 1016 a
1913 977 2044 1030 gloss·
2059 979 2151 1033 est).

1317 1031 1514 1075 aemulatio
1532 1032 1678 1070 ducum
1704 1031 1773 1078 vii,
1792 1034 1819 1071 8
1866 1032 2059 1083 potentie
2089 1034 2150 1072 in-

1318 1092 1378 1124 ter
1392 1085 1570 1125 civitates
1598 1086 1642 1132 ii,
1656 1089 1698 1126 6.
1725 1086 1784 1132 iii,
1803 1089 1844 1125 2.
1871 1085 1941 1132 vii,
1960 1090 1989 1128 6

1265 1136 1404 1178 AEneae
1437 1152 1591 1178 coronae
1619 1138 1820 1178 Alcibiadi
1851 1139 2010 1179 donato
2037 1139 2106 1187 vii,
2121 1144 2150 1181 6

1318 1198 1455 1231 statuae
1473 1193 1643 1245 pecunia
1660 1192 1867 1244 completae
1893 1192 2001 1241 xxiii,
2016 1196 2044 1234 0
2071 1193 2149 1233 Pe-

1317 1246 1462 1297 lopidae
1489 1247 1694 1286 interfecto
1713 1247 1870 1285 donatae
1898 1245 1978 1294 xvi,
1994 1245 2149 1299 5-(nisi

1317 1301 1449 1352 potius
1467 1313 1577 1340 aereoe
1596 1313 1750 1340 coronae
1767 1298 1945 1353 fuerunt)

1263 1352 1397 1392 AEolia
1433 1353 1563 1406 (Asiae
1599 1354 1707 1406 regio
1743 1353 1795 1392 ad
1825 1365 1930 1393 mare
1960 1353 2148 1406 AEgeum,

1317 1407 1418 1446 inter
1447 1407 1638 1447 Troadem
1665 1413 1706 1446 et
1736 1406 1903 1446 Ioniam.
1957 1407 2057 1446 Eun
2087 1421 2148 1447 re·

1316 1459 1476 1501 stituere
1495 1459 1769 1500 Atheniensib.
1799 1466 1964 1500 conatur
1981 1460 2147 1515 Conon)

1315 1514 1370 1560 ix,
1386 1519 1411 1554 5

1264 1568 1393 1607 AEolis
1419 1567 1565 1619 (ejusd.
1593 1581 1673 1620 reg.
1691 1567 1886 1620 nomen):
1919 1579 1968 1607 ex
1984 1566 2148 1607 AEolide

1316 1622 1512 1672 principes
1529 1635 1660 1660 secum
1678 1621 1840 1660 deducit
1857 1620 2002 1660 Darius
2030 1621 2059 1668 i,
2079 1625 2104 1661 3

1263 1674 1447 1726 AEqualis
1466 1674 1581 1713 alicui
1601 1675 1662 1713 vel
1692 1673 1860 1726 alicujus
1877 1673 2028 1728 (ejusd.
2046 1681 2143 1714 aeta-

1319 1729 1382 1775 tis,
1400 1726 1640 1781 m'tyxpovos)
1659 1726 1718 1775 iii,
1739 1732 1761 1769 1
1789 1727 1853 1767 Sic
1869 1742 1878 1766 =
1893 1728 2063 1780 aequ'ales
2081 1742 2146 1776 xv,

1317 1786 1358 1823 2.
1385 1796 1474 1828 xxv,
1497 1786 1519 1822 l
1562 1794 1686 1834 prope
1702 1782 1866 1834 aequalis
1883 1781 1947 1834 (q.
1963 1782 2056 1821 edd.
2074 1782 2147 1822 ad-

1318 1837 1419 1874 dunt
1436 1835 1574 1889 aetate)
1593 1849 1700 1875 soror
1727 1838 1888 1882 ατη-17

1266 1890 1402 1941 AEque
1431 1891 1530 1930 bene
1553 1890 1609 1928 uti
1639 1890 1754 1929 oculo
1787 1890 1923 1928 dextro
1953 1887 2063 1942 (sub.
2100 1902 2147 1930 ac

1320 1944 1455 1996 altero,
1489 1943 1551 1983 vel
1588 1942 1762 1996 sinistro)
1807 1942 1915 1990 xxiii,
1949 1946 1977 1983 4
2033 1953 2147 1996 aeque

1318 1998 1444 2037 bonus
1480 1998 1684 2049 paterfam.
1711 2009 1830 2050 quam
1848 1996 1944 2036 civis
1962 1995 2042 2050 (sic
2070 1997 2147 2050 leg.

1318 2050 1492 2105 videtur)
1521 2065 1610 2098 xxv,
1648 2055 1698 2092 13
1745 2050 1882 2104 (vulgo
1911 2051 1976 2090 ed.
2005 2062 2147 2104 neque.

1317 2104 1453 2156 AEque
1469 2118 1587 2157 quarn
1602 2117 1688 2156 pro,
1707 2117 1768 2151 ac,
1784 2104 1916 2144 dixere
1930 2104 2050 2145 etiam
2067 2105 2146 2144 alii.

1317 2171 1356 2197 ν.
1376 2158 1531 2198 Buchn.
1549 2158 1671 2197 Thes.
1684 2171 1724 2197 ν.
1741 2156 1897 2211 AEque)

1263 2212 1522 2264 AEquiparare
1541 2213 1708 2264 aliquem
1733 2212 1878 2258 labore,
1897 2211 2147 2265 corporisque

1317 2265 1460 2306 viribus
1489 2267 1555 2314 vii,
1576 2270 1624 2307 11
1677 2265 1944 2318 aequiparabat
1977 2266 2147 2319 dignita-

1316 2325 1395 2357 tem
1426 2320 1550 2371 ipsam
1578 2319 1683 2358 urbis
1714 2325 1847 2370 portus
1878 2319 2022 2358 Piraeei
2045 2319 2088 2366 ii,
2119 2324 2147 2360 6

1315 2372 1400 2424 (Sic
1416 2372 1557 2424 Virgil.
1577 2378 1589 2395 ‘
1603 2372 1645 2411 N
1646 2385 1692 2411 ec
1707 2372 1866 2411 calamis
1881 2372 2008 2411 solum
2024 2373 2146 2424 aequi-

1314 2438 1442 2476 paras,
1471 2426 1541 2465 sed
1572 2438 1684 2472 voce,
1715 2425 1965 2477 magistrum?
2006 2425 2145 2465 lamb.

1314 2479 1389 2518 Usi
1402 2480 1540 2519 eodem
1555 2492 1670 2518 sensu
1687 2479 1772 2517 Liv.
1793 2479 1936 2526 xxxvii,
1953 2482 2020 2519 5³.
2046 2478 2144 2520 Sue-

1315 2539 1399 2571 ton.
1416 2532 1522 2585 Aug.
1550 2536 1620 2580 94,
1639 2532 1736 2571 Ner.
1754 2537 1884 2579 53‚›et
1894 2531 1984 2585 alii)
2018 2547 2030 2557 ·

1263 2586 1439 2638 AEquus:
1455 2599 1537 2626 non
1555 2599 1690 2638 aequus
1709 2586 1828 2626 alicui
1847 2586 1956 2626 locus
1975 2585 2144 2639 (incom-

1316 2640 1455 2679 modus
1472 2642 1522 2679 ad
1555 2639 1748 2692 pugnam)
1782 2638 1811 2686 i,
1848 2644 1873 2680 5
1920 2639 2065 2680 Caesari
2091 2640 2146 2688 vi,

1315 2697 1367 2734 34
1382 2693 1582 2748 (iniquusz
1602 2708 1640 2733 v.
1659 2693 1764 2746 not.)
1784 2706 1936 2746 tequam
1950 2693 2144 2733 conditio·

1314 2761 1404 2787 nem
1423 2761 1588 2787 versuras
1604 2761 1686 2787 non
1703 2748 1846 2787 habere
1876 2747 1978 2801 (non
1994 2747 2144 2787 inveni-

1316 2815 1373 2850 re,
1421 2802 1461 2840 ui
1482 2815 1595 2854 aequo
1614 2814 1660 2841 ac
1677 2801 1832 2841 modico
1847 2801 1997 2841 foenore
2010 2807 2143 2841 mutu·

1316 2868 1376 2894 am
1423 2862 1465 2895 et
1483 2856 1701 2908 pecuniam,
1729 2868 1809 2907 quo
1828 2855 1962 2894 debita
1978 2862 2049 2894 sna
2063 2855 2143 2894 sol-

1313 2908 1402 2962 vat)
1426 2911 1519 2957 xxv,
1545 2914 1572 2950 2
1617 2909 1722 2964 (vid.
1750 2909 1910 2948 Salmas.
1939 2909 1991 2947 de
2025 2909 2142 2948 modo

1314 2976 1417 3002 usur.
1437 2977 1524 3016 cap.
1539 2967 1579 3004 7.
1598 2976 1638 3014 p.
1657 2966 1750 3003 3⁰0.
1769 2967 1811 3001 et
1823 2960 1954 3015 seqq.)

1258 3014 1442 3068 AEquitas
1476 3016 1659 3056 Aristidis
1693 3016 1751 3062 iii,
1783 3020 1809 3056 2
1870 3014 2143 3070 (conjungitur

1313 3083 1401 3108 cum
1429 3069 1585 3123 justitia
1615 3075 1657 3109 et
1686 3069 2142 3123 innocentia,·idenqne

1312 3129 1372 3162 est
1388 3136 1435 3164 ac
1453 3123 1591 3163 lenitas
1622 3122 1703 3163 sive
1721 3123 1948 3170 clementia,
1962 3129 2008 3162 ut
2031 3124 2139 3176 apud

1311 3177 1467 3216 Sallust.
1487 3177 1603 3218 Catil.
1633 3190 1722 3229 cap.
1750 3182 1790 3219 9.
1840 3177 1996 3218 Buohn.
2022 3177 2141 3226 Thes.

1311 3230 1448 3271 Boecl.
1463 3245 1552 3283 exp.
1582 3230 1831 3283 μετριότητα,
1848 3231 1913 3271 cui
1929 3229 2141 3283 opponitur

1309 3284 1527 3337 παρανομία
1554 3292 1595 3325 et
1629 3285 1930 3338 intemperantis.
1965 3283 2136 3323 Peucen.

1310 3352 1349 3378 v.
1367 3343 1406 3379 3.
1434 3339 1524 3380 Sic:
1554 3340 1739 3392 aequitate
1766 3350 1916 3381 summa
1934 3349 1995 3376 res
2013 3337 2136 3378 Cher·

1310 3393 1438 3432 sonesi
1456 3392 1660 3433 constituit
1684 3392 1791 3431 Milt.
1819 3393 1848 3438 i,
1867 3395 1906 3431 2.
1945 3390 2067 3437 Quod
2085 3392 2136 3431 de

1309 3448 1397 3486 ead.
1417 3447 1578 3487 lenitate
1596 3460 1686 3498 exp.
1705 3446 1831 3485 Buch.
1849 3444 1891 3484 in
1923 3451 2133 3485 comment.

1310 3500 1386 3539 Sed
1407 3499 1467 3540 Cl.
1498 3500 1645 3539 Ravius
1659 3499 1821 3551 putabat
1849 3498 2132 3550 simplicissime
