2306 3900
296 265 406 319 596

299 395 391 448 ejus
425 406 648 435 successus
674 394 717 435 in
746 393 1042 447 oppugnandis
1071 393 1188 435 urbi-

298 458 379 499 bus
399 457 661 509 Thessalicis,
685 462 730 497 et
750 458 971 510 praecipue
1001 458 1185 510 Larissa,

297 533 423 574 quam
454 520 575 559 brevi
609 526 806 573 tempore
834 521 878 560 in
907 520 1035 561 fidem
1065 534 1184 562 suam

298 582 482 634 recepit.
513 584 664 624 Kenck.
718 584 770 624 In
783 589 1019 636 potestatem
1032 586 1185 635 redige-

294 645 377 696 ret]
424 645 619 698 Imperio.
646 647 943 688 Thebanorum
973 647 1184 700 adjiceret

298 714 430 761 atque
463 710 710 762 subjiceret.
770 710 890 751 Curt.
921 710 994 751 lib.
1021 722 1088 751 rx.
1117 714 1183 752 35.

294 771 308 793 ‘
329 771 449 813 Quas
469 777 620 825 gentes
641 773 808 824 redegit
828 772 870 812 in
891 773 1186 825 potestatem!

294 835 488 876 Velleius
504 836 577 875 lib.
593 848 644 876 11.
660 839 726 876 37.
757 837 770 859 ‘
789 838 844 876 Et
858 837 952 876 aliae
968 837 1183 877 restitutae

295 902 458 954 populo
495 903 718 952 Roman03
746 902 842 941 aliae
877 907 967 941 tum
1001 902 1183 953 primum

294 964 342 1005 in
357 965 450 1017 ejus
469 969 727 1017 potestatem
749 965 960 1016 redactae,
979 969 1028 1004 ut
1045 965 1183 1017 Syria,

297 1040 393 1080 quae
415 1034 504 1068 tum
534 1028 717 1079 primum
737 1026 857 1067 facta
885 1031 952 1067 est
981 1026 1187 1079 stipendi-

299 1089 422 1131 aria!
466 1090 589 1130 Idem
620 1102 715 1142 cap.
734 1094 801 1131 94.
847 1091 860 1113 ‘
883 1090 988 1131 Cum
1009 1091 1185 1142 legioni·

294 1153 378 1200 bus
399 1153 616 1205 ingressus
636 1152 900 1204 Armeniam,
929 1153 1110 1193 redacta
1134 1165 1186 1193 ea

295 1217 341 1257 in
361 1221 624 1268 potestatem
643 1216 791 1268 populi
807 1215 991 1256 Romani
1008 1227 1184 1267 regnum

299 1277 393 1329 ejus
430 1277 662 1318 Artauasdi
700 1276 912 1317 tradidit!
964 1277 1185 1318 Curt.lib.

296 1351 362 1380 1v.
381 1343 423 1379 4.
451 1341 464 1362 ‘
486 1352 685 1391 magnum
705 1344 877 1391 partem
896 1338 998 1379 Asia
1022 1339 1064 1379 in
1085 1339 1185 1379 diti-

299 1415 424 1444 onem
447 1402 595 1455 redegi
615 1402 782 1443 meam.’
826 1402 955 1442 Gebh.

350 1466 654 1518 Legationisque
679 1465 793 1518 jure]
840 1465 971 1505 Nulla
1006 1464 1185 1517 legatio-

295 1529 361 1569 nis
378 1529 429 1569 fit
453 1528 613 1568 mentio
632 1540 774 1581 neque
793 1528 909 1580 apud
929 1527 1184 1577 Diodorum,

296 1603 440 1647 neque
484 1590 775 1631 Plutarchum.
846 1589 1065 1630 Diodorus
1103 1591 1185 1630 hoc

297 1659 465 1696 tantum
485 1654 650 1707 scribit,
664 1653 918 1706 Pelopidam
945 1658 991 1693 et
1007 1654 1186 1694 Ismeni-

299 1730 385 1771 am,
400 1729 498 1757 cum
517 1716 766 1756 Alexandro
782 1716 1018 1756 Pherarum
1038 1720 1186 1768 tyran-

297 1794 355 1822 no
391 1781 563 1821 obviam
599 1778 707 1819 facti
745 1783 903 1831 essent,
938 1782 1101 1819 temere
1140 1784 1187 1819 et

297 1845 390 1890 sine
411 1845 499 1884 ulla
514 1835 729 1896 probabili
748 1842 916 1882 ratione
931 1842 983 1883 ab
1004 1854 1055 1883 eo
1073 1854 1187 1883 corn·-

297 1907 534 1960 prehensos
549 1918 657 1958 esse,
672 1907 775 1947 etin
792 1906 1030 1947 custodiam
1047 1906 1185 1947 datos.

297 1970 447 2019 Verba
483 1968 641 2010 Graeca
670 1981 755 2010 non
792 1967 1057 2019 adscribam3
1089 1970 1187 2009 sunt

299 2039 445 2074 autem
465 2032 540 2073 lib.
561 2044 636 2074 xv.
682 2032 865 2076 Lambin.

356 2097 472 2141 Quod
488 2098 592 2148 apud
605 2097 750 2137 omneis
763 2100 904 2147 gentes
916 2099 1093 2136 sanctum
1107 2107 1189 2137 esse

299 2161 535 2212 consuesset]
587 2162 657 2201 De
689 2161 973 2201 sanctimonia
1002 2161 1188 2212 Legato-

298 2237 395 2266 rum
427 2227 566 2265 multa
594 2225 751 2277 passim
769 2224 985 2276 ,Iosephus
1016 2224 1092 2264 lib.
1111 2236 1188 2267 xv,

298 2287 505 2340 Antiquae
533 2288 738 2338 historiae,
756 2287 830 2328 ubi
860 2287 936 2337 ait,
963 2298 1187 2328 commune

300 2362 396 2391 esse
434 2350 537 2402 ipsis
570 2362 670 2390 cum
699 2349 877 2401 Angelis
909 2349 994 2389 Dei
1025 2350 1186 2390 nuntiis

299 2425 472 2454 nomen.
545 2414 684 2453 Varro
727 2413 801 2454 lib.
845 2424 916 2454 111.
963 2412 1018 2452 de
1062 2413 1186 2465 Ling.

301 2474 491 2526 Latina3
516 2475 529 2498 ‘
551 2477 709 2516 Sancta
732 2481 832 2517 sunt
860 2488 1045 2528 corpora
1072 2477 1188 2528 lega—

299 2538 470 2579 torum!
499 2538 719 2579 Diodorus
733 2538 900 2578 Siculus
914 2538 958 2578 in
971 2538 1188 2591 excerptis

300 2601 566 2642 Peiresianis
594 2614 635 2641 n.
669 2604 763 2641 248.
809 2599 880 2648 τὴν
905 2599 1035 2640 ἄδειαν
1064 2605 1190 2642 vocat

301 2667 374 2713 τῆς
407 2668 484 2705 τῶν
518 2667 759 2718 πρεσβευτῶν
795 2663 970 2706 ἀσυλίαν.
1023 2664 1189 2705 Statius

301 2729 460 2782 Papin.
481 2730 554 2770 lib.
576 2740 627 2769 11.
671 2729 683 2750 ‘
706 2734 903 2769 sanctum
923 2727 1092 2779 populis
1113 2739 1191 2779 per

304 2794 452 2834 secula
466 2804 620 2832 nomen
642 2791 881 2843 Legatum-⁹
913 2791 1069 2831 Cicero
1086 2791 1192 2831 Ver·

303 2855 399 2895 rina
414 2865 487 2895 111.
535 2855 547 2877 ‘
569 2854 830 2906 Legatorum
846 2854 918 2905 jus
944 2853 1088 2893 divino
1113 2853 1190 2893 hu-

303 2931 519 2971 manoque
563 2919 765 2959 vallatum
813 2916 1030 2970 praesidio,
1067 2917 1191 2969 cujus

305 2989 395 3025 tam
423 2988 620 3025 sanctum
667 2990 714 3024 et
750 2982 996 3023 venerabile
1037 2994 1192 3023 nomen

306 3059 401 3087 esse
420 3046 566 3095 debet,
586 3051 634 3086 ut
652 3057 738 3086 non
766 3045 893 3085 modo
918 3045 1034 3085 inter
1057 3044 1193 3085 socio-

306 3122 399 3150 rum
406 3110 522 3163 jura,
537 3109 611 3150 sed
628 3115 674 3149 et
687 3108 871 3149 hostium
887 3108 973 3147 tela
983 3107 1193 3147 incolume

306 3172 535 3214 versetur!
594 3173 730 3212 Plura
762 3169 981 3223 congessit
1014 3169 1192 3211 Grotius

307 3235 352 3283 in
372 3234 531 3276 Annot.
561 3235 616 3276 ad
635 3235 709 3275 lib.
727 3245 781 3274 ιι.
809 3245 903 3286 cap.
922 3235 987 3274 18.
1017 3232 1074 3273 de
1095 3232 1193 3274 Jur.

309 3298 422 3336 Bell.
441 3310 490 3338 ac
517 3298 623 3338 Pac.
688 3297 806 3338 Hinc
834 3296 950 3350 apud
978 3296 1193 3337 Romanos

311 3370 393 3411 per
411 3358 587 3400 feciales
607 3360 863 3411 cavebatur-3
892 3365 956 3412 ut,
975 3359 1009 3400 si
1023 3359 1156 3411 legati
1169 3370 1196 3398 a

314 3421 463 3474 quovis
475 3423 634 3474 populo
648 3429 722 3463 aut
734 3429 864 3475 gente
877 3422 1026 3466 violati
1039 3425 1196 3474 essent,

313 3484 360 3525 hi
394 3484 670 3538 dederentur,
690 3487 763 3538 qui
787 3486 887 3537 jura
914 3485 1105 3540 gentium
1134 3490 1196 3525 te·

682 278 860 318 No'rAE
901 276 1236 319 VARIORUM
1277 278 1344 318 IN
1386 279 1439 319 G.
1481 278 1744 318 NEPOTIS

1246 407 1364 437 mere
1394 395 1640 438 violassent.
1690 394 1803 436 Vide
1834 393 2128 438 Alexandrum

1247 458 1582 511 Neapolitanum
1601 460 1674 500 lib.
1696 471 1740 499 v.
1761 463 1801 500 3.
1843 459 2014 499 Genial.
2040 459 2130 500 die-

1247 533 1355 573 rum.
1382 523 1583 563 Keuchen.
1642 523 1802 565 Quales
1820 528 1919 562 sunt
1939 521 2131 579 olimtha-

1246 583 1328 641 biti
1350 586 1494 637 populi
1509 586 1697 638 quidam,
1711 592 1762 626 ut
1773 586 1881 626 Elei.
1937 586 1994 626 Et
2014 583 2130 638 apud

1247 646 1460 687 Romanos
1478 649 1659 688 Tribuni
1680 648 1817 700 plebis
1846 647 1983 687 libera
2000 658 2131 700 repu-

1247 710 1387 762 blica3
1416 717 1571 763 postea
1597 712 1903 764 Imperatores,
1933 715 1979 750 et
2000 710 2131 752 etiam

1246 773 1427 827 Κήρυκες.
1471 775 1559 815 Dio
1580 776 1920 828 Chrysostomus,
1935 773 2038 815 πολὺ
2055 776 2131 814 τῶν

1245 836 1509 889 σπονδοφόρων
1535 836 1599 877 καὶ
1627 840 1702 877 τῶν
1731 837 1901 890 κηρύκων
1927 836 2130 890 ἱερώτερος.

1249 900 1462 940 casaubon.
1491 901 1700 940 Mendose
1715 901 1891 953 Longol.
1905 907 1948 941 et
1960 900 2129 953 Magius

1236 962 1394 1011 factum
1414 962 1649 1003 ediderant.
1695 963 1849 1003 Senon.

1299 1027 1337 1067 A
1351 1030 1518 1078 tyranno
1530 1027 1756 1067 Alexandro
1771 1024 1953 1077 Pheroeo]
1968 1023 2132 1080 Editio,

1247 1102 1374 1142 quam
1396 1090 1553 1129 Parisii
1582 1089 1814 1139 dederunt,
1834 1089 1997 1143 omittit
2022 1101 2131 1142 prae-

1246 1152 1517 1204 positionem.
1547 1151 1798 1192 Alexander
1819 1152 2039 1203 pheraeus,
2054 1151 2134 1194 lib.

1247 1226 1311 1255 vr.
1354 1215 1634 1268 Prologorum
1665 1214 1719 1255 ad
1747 1214 1947 1255 historias
1967 1214 2133 1267 Philip-

1247 1278 1364 1330 picas
1381 1278 1580 1330 Pompeii
1596 1278 1727 1329 Trogi
1748 1284 1926 1319 vocatur
1945 1278 2131 1330 Epireus.

1245 1341 1332 1382 Sed
1344 1341 1657 1382 emendandum
1667 1342 1870 1393 Pheroeus,
1879 1341 1952 1394 qui
1966 1342 2135 1382 Plutar-

1247 1405 1327 1444 cho
1361 1405 1404 1444 in
1441 1404 1653 1456 Pelopida
1685 1403 1929 1458 Ἀλέξανδρος
1962 1406 2132 1457 Φεραῖος.

1247 1467 1373 1509 Quod
1404 1471 1449 1507 et
1469 1467 1584 1518 apud
1604 1468 1843 1508 Diodorum
1863 1468 2133 1508 retinendum

1246 1530 1322 1573 lib.
1341 1542 1420 1571 xv.
1440 1535 1507 1571 67.
1538 1531 1609 1572 ubi
1639 1533 1842 1573 mendose
1861 1533 2038 1585 legitur,
2058 1531 2134 1572 ὑπὸ

1246 1593 1494 1647 Ἀλεξάνδρου
1510 1595 1583 1634 τοῦ
1611 1595 1844 1646 Μακεδόνος,
1862 1609 1942 1648 pro
1966 1595 2134 1649 Φεραίου.

1247 1657 1307 1696 Et
1345 1657 1598 1698 confirmant
1635 1664 1835 1711 tempora
1862 1659 1940 1699 sub
1975 1670 2133 1717 annum

1250 1719 1454 1761 videlicet
1469 1724 1510 1761 4.
1543 1720 1717 1773 Olymp.
1736 1732 1816 1762 cn.
1846 1723 1999 1764 Keuoh.
2052 1762 2054 1765 ,

1302 1784 1354 1823 In
1373 1783 1527 1823 vincula
1541 1784 1735 1834 conjectus
1759 1784 1836 1835 est]
1881 1784 1993 1825 Vide
2013 1797 2132 1837 supr.

1249 1847 1292 1887 in
1308 1848 1524 1888 Miltiade.
1567 1848 1759 1894 Scoevola
1777 1848 1822 1887 in
1842 1848 1872 1887 1.
1892 1857 1955 1888 w.
1973 1848 2006 1899 β.
2027 1847 2134 1888 item

1223 1950 1226 1954 ,
1250 1910 1323 1963 qui
1355 1909 1410 1950 ad
1427 1910 1518 1952 Jul.
1545 1910 1722 1963 MaJest.
1781 1911 1866 1953 Qui
1891 1909 2133 1951 confessum

1249 1974 1292 2014 in
1322 1973 1499 2016 Judicio
1533 1986 1652 2014 reum
1689 1979 1735 2014 et
1769 1980 1950 2026 propter
1980 1974 2060 2015 hoe
2090 1975 2134 2015 in

1249 2035 1423 2076 vincula
1438 2035 1683 2088 conjectum
1703 2036 1906 2077 emiserit.
1959 2035 2135 2088 Ulpian.

1249 2099 1327 2139 lib.
1360 2111 1405 2139 V.
1453 2099 1507 2139 de
1554 2099 1674 2141 cast.
1709 2104 1755 2139 et
1801 2099 1981 2140 exhibit.
2019 2110 2134 2140 reor.

1250 2162 1263 2184 ‘
1286 2162 1386 2203 Non
1418 2173 1512 2201 esse
1542 2161 1585 2200 in
1615 2161 1786 2202 vincula
1817 2160 2135 2213 conjiciendum

1251 2224 1380 2265 eum.’
1415 2224 1577 2266 Savaro.

1303 2287 1419 2327 Bello
1434 2299 1667 2339 persequens
1687 2286 1979 2339 Alexandrum]
2007 2287 2136 2339 Cujus

1251 2350 1428 2403 gerendi
1459 2351 1570 2390 ratio
1598 2350 1792 2390 adhibita
1811 2349 1909 2400 fuit,
1927 2348 1979 2390 ut‘
1994 2355 2136 2402 tyran·

1249 2425 1328 2453 nus
1377 2412 1618 2464 impetratis
1651 2416 1717 2452 30.
1756 2412 1921 2452 dierum
1954 2411 2136 2453 induciis

1251 2476 1510 2528 Pelopidam
1532 2475 1750 2515 liberaret.
1780 2475 1987 2519 Plutarch.

1305 2538 1436 2579 Simul
1453 2551 1500 2578 ac
1517 2538 1717 2590 conspexit
1731 2539 1893 2589 hostem,
1906 2537 2135 2591 confligere]

1251 2601 1323 2642 Sic
1341 2608 1387 2642 et
1399 2601 1659 2644 Plutarchus
1674 2615 1684 2641 :
1704 2601 1774 2642 Ὦς
1786 2599 1852 2641 οὖν
1869 2599 1923 2643 εἰς
1936 2597 2137 2654 Φάρσαλον

1253 2665 1372 2706 ἐλθὼν
1385 2666 1545 2721 1’ἤθροισε
1556 2664 1629 2713 τὴν
1655 2664 1823 2716 δύναμιν,
1844 2663 1950 2706 εὐθὺς
1965 2663 2138 2717 ἐβάδιζεν

1253 2728 1316 2769 ἐπὶ
1346 2728 1414 2769 τὸν
1439 2727 1698 2782 Ἀλέξανδρον.
1739 2728 1881 2770 Lamb.
1932 2728 2139 2769 Habebat

1253 2798 1396 2834 autem
1411 2793 1660 2834 Alexander
1668 2784 1851 2834 militum
1862 2792 2043 2844 amplius
2056 2803 2137 2833 xx.

1252 2855 1383 2895 millia
1399 2869 1411 2906 ;
1441 2862 1490 2896 ut
1511 2856 1645 2896 tradit
1662 2856 1878 2896 Diodorus
1895 2855 2082 2896 Siculus.

1307 2919 1492 2958 Incensus
1509 2919 1585 2970 ira,
1602 2930 1740 2970 equum
1751 2918 1791 2958 in
1805 2930 1891 2959 eum
1907 2914 2137 2967 concitavit]

1253 2980 1512 3021 Plutarchus
1546 2981 1601 3021 ob
1633 2982 1676 3021 id
1708 2978 1886 3033 factum,
1912 2978 2136 3032 Pelopidae

1254 3043 1509 3083 temeritatis
1526 3048 1672 3083 notam
1693 3042 1838 3082 inurit.
1883 3042 2002 3092 Mag.

1311 3106 1496 3156 Cony'ecln
1537 3106 1700 3146 telorum
1735 3104 1946 3158 confossus,
1976 3103 2138 3156 cecidit]

1254 3167 1541 3208 Plutarchus:
1579 3167 1629 3208 Οἱ
1659 3166 1701 3208 δὲ
1728 3167 1870 3208 πολλοὶ
1900 3169 1982 3210 τοῖς
2006 3166 2138 3221 δόρασι

1254 3228 1441 3282 πόρῤωθεν
1463 3229 1525 3270 διὰ
1541 3233 1618 3271 τῶν
1634 3230 1770 3271 ὅπλων
1785 3230 1994 3272 τύπτοντες
2007 3228 2140 3283 αὐτὸν,

1256 3292 1625 3347 κατετραυμάτιζον.
1661 3294 1841 3335 Lambin.

1308 3356 1484 3398 Secunda
1509 3357 1705 3409 Victoria]
1732 3357 1800 3397 Ita
1818 3355 1951 3395 edunt
1970 3367 2138 3407 omnes;

1255 3425 1381 3460 notat
1400 3426 1543 3460 tamen
1570 3419 1800 3459 Lambinus
1815 3418 1985 3470 placere
2004 3418 2139 3470 magis

1254 3485 1420 3524 secunda
1437 3495 1583 3536 pugna.
1627 3480 1713 3522 Sed
1733 3480 1960 3533 legendum
1973 3483 2138 3522 secunda
