2306 3900
295 244 404 298 536

357 379 414 419 Ut
431 390 472 419 se
490 391 510 419 e
525 378 725 431 superiore
739 383 857 432 parte
873 380 1018 421 <edium
1035 380 1180 432 dejece-

295 441 374 492 rit]
433 442 658 483 Plutarch.
693 444 706 466 ‘
727 444 766 483 E
787 448 904 484 tecto
924 455 970 484 se
990 443 1031 483 in
1051 448 1182 496 caput

295 504 506 556 dejiciens
530 504 684 556 periit)
730 505 853 546 Idem
873 506 916 546 in
939 506 1062 547 Orat.
1081 518 1182 546 con-

295 567 420 607 solat.
457 567 511 606 ad
544 566 836 619 Apollonium,
868 569 1092 621 delapsum
1121 569 1182 610 ait

294 630 479 670 Dionem
494 642 590 670 cum
608 631 754 672 amicis
772 631 1010 683 sedentem,
1025 631 1182 672 nuncio

295 693 350 733 de
383 693 508 745 hujus
537 701 676 735 morte
707 695 853 736 audito
882 695 983 735 nibil
1013 700 1181 747 pertur-

295 757 442 797 batum
475 763 550 799 aut
579 759 834 810 perculsum,
863 757 1062 798 defuncti
1089 757 1182 811 qui-

295 821 394 862 dem
433 833 590 874 corpus
626 822 679 862 ad
711 822 946 873 legitimam
978 821 1088 861 tradi
1116 832 1181 861 se·

294 886 512 937 pulturam
538 886 734 938 jussisse,
761 885 898 938 ipsum
918 897 1022 925 vero
1041 884 1183 925 neuti-

294 963 422 1004 quam
451 950 566 1003 quod
600 962 697 990 cum
728 949 874 990 amicis
901 948 1182 1001 deliberabat,

294 1013 533 1067 reliquisse.
581 1012 760 1064 Magius.

316 1098 320 1104 ·
347 1078 479 1131 Atque
510 1078 569 1117 ita
604 1075 824 1128 interierit]
879 1077 1002 1116 Duos
1035 1074 1184 1116 habuit

293 1140 405 1181 filios
453 1141 583 1189 Dion,
623 1136 939 1192 Hipparionem
986 1145 1033 1181 et
1077 1138 1183 1179 Are-

293 1212 453 1246 t‘aeum:
497 1204 633 1257 major
661 1216 763 1245 vero
797 1210 903 1245 natu
940 1203 1182 1256 Hipparion

294 1270 350 1311 de
370 1270 590 1322 superiore
617 1274 743 1322 parte
763 1269 919 1310 aedium
940 1281 985 1310 se
1006 1269 1181 1322 dejecit.

292 1334 415 1374 Voco
435 1339 578 1374 autem
609 1344 704 1374 eum
740 1333 1071 1386 Hipparionem,
1096 1346 1182 1374 non

294 1397 605 1451 Hipparinum,
654 1397 915 1438 auctoritate
972 1396 1184 1450 Polyaeni,

294 1462 368 1515 qui
389 1462 465 1503 lib.
484 1473 528 1504 V.
561 1461 605 1501 in
626 1460 851 1514 Dionysio,
881 1460 1121 1501 Comment.
1142 1463 1181 1501 8.

293 1527 395 1566 Μιᾶς
413 1523 456 1565 δὲ
485 1525 713 1575 ἐπιστολῆς,
752 1523 907 1577 inquit,
933 1521 1070 1574 ἔξωθεν
1095 1521 1182 1574 ἐγέ-

291 1604 465 1643 γραπτο,
494 1590 599 1644 παρὰ
621 1589 885 1642 Ἱππαρίωνος,
910 1590 1029 1629 τοῦτο
1061 1588 1103 1630 δὲ
1133 1588 1184 1638 ἦν

294 1653 417 1705 ὄνομα
443 1655 500 1705 τῷ
530 1653 675 1694 Δίωνος
693 1653 774 1704 vicii.
831 1652 1037 1696 Quamvis
1055 1652 1183 1693 aliter

292 1719 338 1759 in
360 1719 502 1758 Dione
521 1718 797 1759 Plutarchus.
839 1716 966 1758 Gebh.

351 1782 432 1823 Sed
450 1782 543 1822 illuc
561 1781 755 1833 revertor]
779 1781 967 1833 Elegans
986 1778 1185 1833 ἑπανοδὸς,

294 1846 341 1887 in
361 1859 446 1900 qua
465 1846 630 1887 vitatur
651 1843 895 1898 μακρολογία
914 1844 1185 1898 Quintiliani,

293 1909 370 1950 lib.
391 1919 494 1950 vm.
514 1913 554 1949 3.
595 1907 718 1949 Infra
742 1908 961 1948 Eumene:
990 1908 1003 1930 ‘
1022 1907 1109 1948 Sed
1128 1907 1183 1948 ad

292 1974 391 2015 illos
425 1973 663 2014 revertari.’
695 1971 838 2013 Poeta
857 1971 994 2012 dixit:
1023 1973 1036 1994 ‘
1057 1970 1185 2023 Illuc,

294 2037 412 2078 unde
428 2037 529 2089 abii,
548 2034 706 2077 redeo?
751 2034 879 2078 Quod
903 2047 957 2075 ex
985 2035 1185 2077 Menecb.

294 2100 525 2141 Plautina:
567 2100 581 2123 ‘
602 2099 713 2140 Illuc
747 2099 895 2150 redeo,
925 2098 1039 2139 unde
1070 2097 1184 2140 abii?

297 2164 570 2215 Hesychius:
606 2160 889 2214 Ἀναβήσομαι,
922 2160 1180 2202 ἐπανελεύσο·

295 2242 365 2277 μαι
383 2226 446 2267 ἐπὶ
463 2226 515 2267 τὰ
534 2227 573 2278 ἐξ
592 2225 732 2279 ἀρχῆς.
769 2227 967 2268 Julianus
995 2226 1121 2267 Orat.
1142 2230 1182 2268 7.

296 2288 471 2340 ἐπανάξω
500 2289 588 2330 ὅθεν
611 2287 762 2340 ἐξέβην.
811 2289 946 2329 Idem.
969 2292 1035 2330 11.
1054 2289 1184 2330 ἐπανι-

295 2353 388 2395 τέον
419 2353 461 2395 δὲ
492 2353 581 2394 ὅθεν
612 2354 789 2405 ἐξῆλθον.
861 2354 919 2393 Et
943 2352 986 2392 in
1007 2351 1182 2406 reliquis

297 2417 430 2470 epist.
448 2418 502 2458 de
518 2416 790 2458 Sacerdotio.
822 2413 945 2457 Ὅθεν
963 2414 1116 2468 ἐξέβην,
1129 2414 1184 2457 εἷς

294 2483 415 2522 τοῦτο
434 2479 621 2532 ἐπανήξω.
663 2479 864 2521 Kenchen.

314 2560 320 2564 ·
354 2547 467 2587 CM».
494 2550 534 2587 5.
570 2542 824 2595 Heraclides]
856 2542 1000 2584 Homo
1031 2541 1182 2584 turbu-

297 2610 454 2661 lentus,
471 2608 713 2660 seditiosus,
730 2607 913 2659 mobilis,
930 2605 1101 2661 infidus,
1120 2607 1183 2648 rei

298 2672 496 2714 militaris
514 2671 752 2725 imperitus.
781 2670 989 2712 Plutarch.

355 2737 468 2784 Quod
479 2737 688 2778 multorum
699 2747 889 2776 annorum
899 2734 1098 2788 tyrannis]
1112 2734 1184 2776 Sic
1209 2784 1213 2788 ι

297 2799 558 2853 legendum:
597 2811 697 2851 non,
723 2803 772 2839 ut
803 2798 945 2850 vulgo,
974 2798 1186 2838 multorum

296 2876 488 2904 annorum
514 2867 720 2916 tyrannus.
778 2863 877 2903 Non
903 2861 1016 2902 enim
1046 2865 1184 2914 tyran·

297 2939 385 2977 nus,
413 2927 488 2966 sed
519 2925 699 2978 tyrannis
725 2929 811 2965 erat
840 2925 1049 2965 multorum
1066 2935 1184 2964 anno-

290 2982 400 3030 rum.
458 2988 605 3041 Atque
637 2989 744 3028 hanc
776 2988 1003 3028 lectionem
1032 2986 1185 3028 confir-

299 3057 433 3105 mant,
445 3064 541 3106 quae
559 3065 659 3093 mox
678 3052 892 3092 dicemus:
915 3057 961 3092 et
975 3064 1070 3105 quae
1091 3051 1185 3103 ipse

299 3116 471 3157 Probus
491 3116 553 3157 ait
579 3114 716 3157 infra:
745 3116 758 3138 ‘
779 3115 1089 3169 quinquaginta
1112 3126 1185 3155 an-

298 3191 449 3220 norum
469 3178 720 3232 imperium.'
746 3178 928 3219 Lambin.

355 3244 598 3293 Magnarum
622 3242 754 3295 opum]
786 3241 939 3295 Itaque
956 3241 1186 3294 Dionysius

300 3306 440 3358 major
459 3306 646 3357 dicebat,
674 3318 720 3346 se
746 3305 986 3359 relinquere
1011 3304 1100 3346 filio
1120 3313 1189 3358 ty-

301 3367 521 3408 rannidem
542 3368 770 3409 adamante
790 3380 866 3409 seu
887 3366 1068 3409 vinculis
1084 3367 1186 3411 ada·

302 3430 501 3473 mantiuis
525 3431 727 3473 vinctam.
781 3430 1006 3473 Plutarch.
1036 3430 1080 3472 in
1109 3430 1187 3473 Di-

658 262 837 300 NOTAE
883 259 1215 300 vARlORUM
1259 259 1323 299 IN
1370 260 1424 300 C.
1466 261 1732 300 NEPOTJS

1243 379 1533 432 one‚Diodor.
1563 379 1729 420 Siculus
1742 378 1817 420 lib.
1835 391 1908 420 xv.
1936 379 2126 423 AElianus

1245 436 1317 484 lib.
1336 454 1401 484 vt.
1457 442 1533 483 Καὶ
1560 441 1715 483 τούτοις
1745 443 1955 495 ἐπιθαῤῥῶν
1986 444 2008 483 ὁ
2038 449 2127 485 Διο-

1242 504 1387 558 νύσιος,
1420 504 1611 558 ἀδάμαντι
1657 505 1862 556 δεδεμένην
1913 507 2011 558 ᾤετο
2050 507 2127 557 τὴν

1243 569 1370 623 ἀρχὴν
1387 572 1610 619 κεκτῆσθαι.
1641 571 1764 612 Idem.

1298 634 1424 675 Pauci
1441 637 1494 676 ad
1510 634 1753 686 societatem]
1781 634 2026 676 Diodorusz
2055 640 2129 676 Τα-

1242 696 1298 748 χὺ
1324 696 1367 738 δὲ
1402 699 1564 739 πολλῶν
1593 696 1876 750 ὑπακουόντων,
1903 700 1986 739 &c.
2040 697 2128 738 Sed

1244 760 1315 801 dic
1345 773 1502 814 paucos
1530 761 1677 814 fuisse,
1703 767 1903 814 spectata
1931 761 2130 813 Dionysii

1246 826 1455 879 potentia,
1477 826 1681 866 adversus
1697 838 1823 879 quem
1839 826 1997 866 bellum
2017 837 2131 866 com·

1244 888 1492 941 parabatur,
1519 889 1677 928 multos
1696 900 1751 928 ex
1775 901 1960 941 persona
1978 888 2130 928 Dionis

1245 950 1419 1004 profugi
1440 957 1486 992 et
1508 951 1670 992 exulis:
1702 951 1772 991 vel
1789 952 1950 1003 potius,
1967 963 2129 1003 paucos

1243 1013 1377 1055 fuisse
1406 1015 1698 1067 Syracusanos
1729 1013 1893 1063 exules,
1919 1014 1991 1067 qui
2017 1014 2130 1066 peri-

1244 1077 1331 1118 culi
1375 1078 1629 1118 societatem
1681 1089 1780 1117 cum
1828 1077 1968 1118 Dione
2012 1077 2130 1118 coire

1244 1140 1483 1181 voluerint:
1522 1140 1680 1180 multos
1708 1138 1850 1180 fuisse
1877 1153 1932 1180 ex
1966 1141 2131 1194 reliqna

1245 1208 1434 1249 Graecia.
1489 1207 1645 1248 Tradit
1664 1207 1777 1247 enim
1795 1206 2029 1259 Diodorus,
2054 1206 2130 1247 tri-

1244 1270 1364 1322 ginta
1397 1271 1708 1322 Syracusanos,
1737 1270 1811 1323 qui
1841 1270 1884 1310 in
1913 1270 2129 1322 Pelopon·

1243 1346 1347 1374 neso
1364 1334 1614 1388 exulabant,
1628 1334 1813 1375 Dionem
1830 1339 2003 1375 secutos
2022 1345 2132 1374 esse.

1243 1399 1370 1439 Idem.

1299 1463 1394 1504 Non
1412 1466 1495 1503 tam
1511 1462 1596 1503 suis
1611 1461 1752 1514 copiis]
1774 1462 1882 1504 Quae
1896 1464 2023 1502 erant
2043 1459 2132 1500 exi-

1244 1538 1342 1578 guae
1381 1532 1428 1567 et
1463 1530 1628 1577 tenues,
1664 1526 1699 1566 si
1746 1523 1992 1578 tyrannicas
2027 1535 2132 1575 opes

1243 1594 1441 1641 spectes;
1471 1601 1585 1642 quae,
1613 1588 1761 1643 quales
1789 1594 1835 1629 et
1864 1591 2036 1641 quantae
2065 1598 2131 1626 es·

1244 1659 1357 1705 sent,
1384 1667 1411 1694 a
1427 1654 1625 1696 Diodoro
1642 1653 1831 1695 refertur
1850 1653 1923 1694 lib.
1942 1663 2023 1692 xv.

1301 1717 1432 1764 Quam
1460 1719 1548 1758 odio
1572 1718 1755 1770 tyranni]
1783 1717 1928 1759 Probe
1952 1716 2132 1768 indagat

1244 1792 1395 1821 causas
1427 1781 1661 1822 eversionis
1691 1774 1982 1834 Dionysiacoe‚
2011 1791 2134 1833 quas,

1243 1844 1321 1885 sed
1334 1845 1504 1885 easdem
1518 1856 1699 1898 quoque,
1709 1856 1762 1885 ex
1767 1844 1900 1897 plicat
1911 1842 2132 1884 Diodorus

1244 1908 1322 1950 lib.
1342 1919 1442 1949 xvi.
1497 1906 1612 1948 Αἷτία
1634 1908 1666 1948 δ’
1683 1908 1833 1960 ὑπῆρχε
1850 1909 1908 1958 τῷ
1924 1905 2041 1947 Δίωνι
2053 1907 2133 1946 τῶν

1244 1970 1546 2025 προτερημάτων
1573 1971 1751 2024 μάλιστα
1774 1970 1848 2022 μὲν
1874 1970 1901 2020 ἦ
1931 1970 2009 2011 ἰδία
2030 1977 2132 2020 λαμ-

1245 2035 1392 2089 πρότης
1405 2039 1478 2086 τῆς
1495 2039 1639 2090 ψυχῆς,
1658 2036 1723 2077 καὶ
1742 2035 1909 2089 ἀνδρεία,
1922 2033 1990 2076 καὶ
2009 2034 2036 2084 ἡ
2051 2036 2132 2074 τῶν

1246 2101 1541 2155 ἐλευθεροῦσθαι
1568 2099 1797 2152 μελλόντων
1829 2100 1970 2140 εὔνοια.
2007 2097 2056 2138 τὸ
2087 2097 2131 2139 δὲ

1243 2164 1395 2206 τούτων
1412 2164 1592 2207 ἁπάντων
1614 2163 1752 2216 μεῖζον
1767 2163 1794 2213 ἥ
1810 2179 1859 2204 τε
1885 2162 2039 2216 ἀνδρεία
2057 2162 2130 2202 τοῦ

1243 2228 1430 2282 τυράννου
1457 2229 1523 2271 καὶ
1548 2229 1596 2270 τὸ
1624 2227 1849 2283 ἀρχομένων
1875 2226 1972 2280 πρὸς
2010 2224 2132 2267 αὐτὸν

1243 2295 1368 2343 μῖσος.
1402 2293 1530 2334 Gebh.

1298 2355 1466 2396 Duabus
1493 2354 1686 2396 onerariis
1713 2353 1893 2405 navibus]
1934 2351 1997 2393 At
2026 2352 2133 2393 Plu·

1244 2419 1420 2460 tarchus
1451 2419 1575 2472 hujus
1608 2431 1740 2458 naves
1776 2418 1965 2471 quinque
1998 2415 2132 2458 fuisse

1244 2484 1452 2537 scriptum
1471 2483 1670 2537 reliquit:
1701 2483 1793 2535 ejus
1824 2482 1935 2522 enim
1955 2480 2134 2532 milites,

1245 2548 1318 2602 qui
1337 2546 1581 2600 octingenti
1602 2546 1825 2599 pauciores
1851 2550 2007 2595 essent,
2032 2543 2135 2584 dua-

1244 2610 1324 2651 bus
1357 2609 1551 2650 rotundis
1576 2608 1770 2660 navibus,
1797 2612 1843 2648 et
1868 2607 1999 2648 tertio
2028 2619 2133 2660 quo·

1247 2673 1344 2714 dam
1381 2673 1494 2714 haud
1524 2672 1692 2725 ingenti
1722 2670 1895 2723 navigio
1931 2675 2135 2723 receptos

1247 2737 1330 2777 ait:
1361 2749 1458 2778 cum
1485 2735 1553 2777 his
1582 2736 1686 2776 duas
1714 2739 1929 2787 praeterea
1957 2733 2136 2787 triginta

1247 2811 1458 2840 remorum
1480 2811 1611 2840 naves
1639 2810 1732 2839 esse
1766 2796 2014 2850 perductas,
2042 2795 2135 2850 qui-

1247 2863 1326 2904 bus
1347 2875 1465 2904 arma
1483 2875 1533 2903 ac
1554 2862 1641 2903 tela
1655 2860 1834 2902 missilia
1851 2865 1898 2900 et
1915 2859 2135 2910 viaticum,

1247 2927 1364 2981 quod
1395 2925 1565 2968 abunde
1584 2924 1819 2975 sufficeret,
1847 2923 2133 2963 conveheren-

1249 2995 1336 3032 tur.
1367 2991 1485 3040 Mag.
2045 2999 2049 3002 ’

1309 3051 1465 3103 Visum]
1495 3051 1602 3092 Mss.
1620 3049 1743 3090 Leid.
1769 3061 1920 3099 ausum,
1941 3046 2137 3089 fortassis

1248 3126 1333 3155 non
1368 3115 1493 3155 male.
1539 3114 1696 3165 Virgil.
1739 3112 1910 3153 AEneid.
1941 3123 2007 3153 vr.
2038 3114 2134 3153 624.

1247 3179 1260 3200 ⁴
1283 3188 1471 3230 ausoque
1489 3175 1642 3229 potiti?
1687 3175 1811 3216 Idem
1843 3177 1856 3199 ‘
1874 3175 2002 3216 fortia
2017 3174 2135 3215 susa'

1248 3238 1360 3279 dixit
1387 3238 1485 3279 AEn.
1518 3249 1585 3279 1x.
1620 3241 1715 3281 281.
1772 3238 1903 3280 Ovid.
1931 3238 1944 3261 ⁴
1969 3238 2133 3290 magnis

1248 3309 1392 3344 tamen
1411 3302 1575 3344 excidit
1593 3302 1734 3343 ausis.'

1301 3366 1410 3407 Adeo
1418 3366 1546 3416 facile
1558 3365 1743 3418 perculit]
1760 3364 1949 3406 Evertit.
1980 3365 2132 3406 Utitur

1247 3430 1328 3472 hoc
1346 3430 1476 3472 verbo
1493 3428 1723 3481 Pelopida.
1762 3427 1969 3470 Datame:
2001 3429 2013 3452 ‘
2034 3429 2131 3471 Tali
