2306 3900
329 250 441 312 674

331 384 444 424 Viris
478 382 749 423 Inlustribus:
791 385 803 404 ‘
826 382 927 434 Ipse
958 382 1214 436 quadragies

333 453 486 500 quater
506 451 744 496 accusatus,
763 445 945 497 gloriose
966 445 1215 488 absolutus-⁹

334 514 470 552 (lausa
500 515 610 558 erat,
630 508 744 562 quod
777 509 968 551 odiosum
1004 510 1212 551 Censurae

333 575 628 627 magistratum
664 573 857 624 gesserit.
898 573 1094 616 Poucher.
1158 574 1216 615 A·

333 639 433 678 liam
471 636 802 689 probabiliorem
833 637 980 679 intulit
1007 643 1107 679 aute
1127 638 1216 680 Ne·

335 714 425 754 pos.
454 701 634 751 Magius-
967 718 1000 727 '⁶

391 765 504 805 cu.
535 767 575 805 3.
618 764 667 804 In
698 762 872 804 omnibus
895 762 1007 806 rebus
1022 763 1218 814 singulari

323 821 413 876 fuit
441 822 655 880 prudentia
685 833 724 868 et
757 827 976 879 industria]
1017 826 1069 868 In
1103 839 1238 868 coms

335 903 462 933 mune
481 892 631 933 bonus.
661 892 860 932 Lucanus
879 903 931 932 11.
1071 942 1075 944 s

390 957 580 1008 Agricola
609 956 748 1008 solers]
777 955 948 1009 Γεωργὸς
967 954 1098 997 δεινός.
1127 956 1218 996 De-

334 1021 499 1060 clarant
545 1020 640 1072 ejus
677 1020 775 1060 libri
822 1021 893 1060 De
944 1033 991 1060 re
1039 1020 1217 1060 rustica.

335 1083 473 1124 Lamb.
505 1085 624 1126 Quos
643 1095 696 1124 ex
717 1084 884 1125 Graecis
903 1082 1099 1125 fontibus
1117 1085 1220 1124 hau-

336 1147 406 1188 sit.
434 1146 587 1188 Schott.
641 1147 694 1187 In
714 1148 1025 1201 quibus,·teste
1045 1149 1218 1189 Plutar-

337 1211 432 1262 cho,
450 1210 557 1250 adeo
577 1210 716 1251 laudis
748 1211 898 1251 avidus
927 1211 1043 1251 visus
1071 1215 1154 1263 est,
1172 1215 1222 1252 ut

336 1274 378 1313 in
400 1274 575 1326 singulis
593 1274 733 1325 rebus,
747 1274 1159 1327 proprius,e1egans,
1175 1280 1222 1317 et

338 1336 532 1389 copiosus
549 1349 643 1378 esse
664 1338 861 1379 voluerit.
891 1339 1009 1390 Mag.
1042 1338 1217 1380 Livius:

338 1403 349 1425 ‘
396 1402 594 1443 Urbanas
632 1403 900 1456 rusticasque
945 1413 1013 1444 res
1058 1402 1222 1455 pariter

338 1465 555 1506 callebat.’
610 1465 724 1506 Vide
764 1466 880 1506 Plin.
926 1465 1001 1507 lib.
1044 1477 1129 1508 vn.
1175 1470 1223 1508 et

340 1528 539 1574 Ciceron.
557 1528 601 1568 in
621 1529 799 1570 Catone.

345 1607 348 1610 ·
395 1593 638 1645 Reipublicae
659 1592 828 1646 peritus]
857 1591 1078 1634 Πολιτικός.
1135 1594 1224 1634 De·

338 1656 508 1696 clarant
522 1657 561 1708 ej
569 1669 616 1696 us
635 1656 677 1697 in
696 1655 864 1708 republ.
880 1657 1225 1698 administranda

339 1719 530 1771 consilia,
548 1719 680 1771 dicta,
700 1725 747 1761 et
763 1719 895 1761 facta.
921 1719 1103 1761 Lambiu.

392 1782 726 1836 Jurisconsultus]
765 1783 862 1825 Val.
897 1783 1019 1824 Max.
1046 1795 1149 1825 vm.
1179 1788 1221 1825 7.

338 1846 350 1868 ⁴
375 1847 569 1898 Cumque
602 1846 848 1899 eloquentia
892 1858 1089 1898 magnam
1132 1846 1224 1899 jam

341 1908 516 1960 gloriam
551 1914 716 1960 partam
743 1908 940 1959 liaberet,
970 1909 1013 1949 id
1041 1909 1147 1962 egit,
1176 1914 1226 1951 ut

337 1972 445 2025 juris
484 1973 622 2013 civilis
660 1985 829 2026 quoque
871 1978 987 2013 esset
1017 1973 1224 2026 peritissi-

341 2035 463 2077 mus?
518 2037 576 2077 Et
615 2037 772 2078 Cicero
810 2036 992 2089 fatetur,
1037 2037 1224 2078 omnium

334 2100 755 2153 jurisperitissimum
791 2113 878 2141 suae
911 2094 1053 2141 aetatis
1078 2099 1225 2142 fuisse.

340 2165 605 2216 Pomponius
622 2177 790 2218 quoque
804 2164 831 2205 J
837 2165 1133 2206 urisconsultis
1153 2177 1224 2206 ac·

341 2232 507 2279 censet,
525 2228 648 2280 cujus
682 2233 729 2268 et
762 2228 896 2268 libros
928 2233 1103 2269 exstare
1123 2229 1224 2269 scri-

340 2291 420 2331 bit.
449 2292 650 2332 Keuchen.
707 2291 767 2331 Hi
788 2298 890 2333 sunt
917 2293 1225 2333 Commentarii

341 2353 459 2395 Jnris
480 2354 640 2394 Civilis.
669 2354 851 2395 Lambin.

397 2416 572 2466 Magnus
600 2417 840 2470 Imperator]
882 2416 1151 2470 Argumento
1185 2418 1224 2458 ei

343 2478 407 2517 rei
425 2483 524 2518 sunt
546 2490 612 2519 res
633 2479 689 2520 ab
719 2492 770 2520 eo
801 2479 845 2520 in
874 2480 1055 2533 imperio
1076 2486 1226 2533 gestae,

343 2546 390 2580 et
406 2540 645 2594 triumphus
661 2555 714 2582 ex
729 2543 941 2596 Hispania
957 2543 1226 2597 deportatus.

345 2602 518 2644 Citetnr
551 2610 695 2646 tamen
730 2605 853 2647 testis
885 2607 1063 2657 Cicero;
1105 2608 1227 2661 cujus

343 2666 438 2706 haee
459 2668 588 2708 verba
607 2673 708 2710 sunt
727 2669 806 2709 sub
839 2682 1024 2721 persona
1043 2671 1228 2723 Pompo-

345 2730 405 2770 nii
425 2729 566 2772 Attici
587 2732 630 2772 in
649 2733 813 2774 Bruto:
855 2735 868 2757 ‘
891 2735 986 2786 Ego
1016 2734 1129 2775 enim
1150 2735 1229 2776 Ca-

346 2799 490 2833 tonem⁴
507 2799 644 2847 tuum,
664 2801 713 2836 ut
733 2796 887 2849 civem,
906 2804 954 2838 ut
974 2804 1229 2851 senatorem,

346 2863 392 2897 ut
428 2858 751 2910 imperatorem,
784 2869 833 2902 ut
868 2862 1005 2902 virum
1041 2861 1230 2916 denique

345 2932 440 2959 cum
489 2921 717 2972 prudentia
758 2929 804 2965 et
842 2923 1082 2977 diligentia,
1141 2931 1230 2966 tum

346 2983 462 3023 omni
509 2984 669 3025 virtute
724 2988 1014 3028 excellentem
1044 2988 1232 3041 probo-⁹

344 3046 481 3088 Lamb.
538 3048 664 3091 Quod
704 3049 833 3089 etiam
871 3048 1096 3091 declarant
1134 3051 1231 3092 libri

346 3111 438 3163 ejus
471 3110 526 3153 de
565 3111 795 3165 disciplina
829 3114 1020 3155 militari.
1078 3115 1232 3168 Veget.

347 3176 420 3215 lib.
453 3188 484 3216 1.
517 3180 555 3218 8.
611 3179 682 3218 De
710 3178 862 3231 quibus
894 3180 1010 3230 apud
1039 3180 1233 3230 Festum,

347 3240 552 3289 Nonium,
590 3246 636 3282 et
668 3242 866 3295 antiquos
899 3243 1229 3284 Grammaticos.

349 3301 413 3339 Ex
436 3302 516 3342 illis
533 3302 818 3356 fragmentum
836 3306 946 3346 citat
961 3306 1013 3347 ad
1030 3307 1233 3359 Georgic-

348 3374 402 3403 ιι.
442 3364 631 3406 Servius.
690 3368 809 3408 Idem
846 3369 1100 3421 Orationem
1133 3382 1232 3411 con-

348 3425 536 3477 scripsit,
556 3428 610 3467 de
631 3431 776 3480 praeda
808 3432 1013 3473 militibus
1042 3432 1232 3473 dividen-

350 3487 419 3529 da.
480 3489 643 3530 Nonius
674 3491 716 3531 in
746 3493 857 3545 Fite,
881 3493 1072 3546 Agellius
1092 3507 1140 3538 11.
1164 3499 1231 3536 18.

717 262 895 305 No'rAE
935 262 1266 304 VARIORUM
1312 264 1373 304 ΙΝ
1419 266 1469 304 C.
1506 264 1771 306 NEPOTIS

1277 381 1350 423 ubi
1394 384 1606 435 posterior
1651 385 1779 427 verba
1817 385 2009 438 CatoniS,
2041 388 2157 441 quod

1276 443 1468 496 impense
1498 446 1581 488 sibi
1608 448 1885 500 placuissent,
1915 450 2158 503 exscripsit.

1277 508 1432 550 Exstat
1451 510 1559 551 alius
1576 513 1735 553 mentio
1754 513 1868 565 apud
1889 513 2162 556 Priscianum

1277 573 1350 615 lib..
1370 579 1580 616 extremo.
1609 578 1810 618 Keuchen.

1335 636 1555 678 Probabilis
1588 640 1757 694 Orator]
1805 640 1858 681 In
1894 640 1983 681 Ms.
2012 644 2162 683 nostro

1278 699 1438 741 Codice
1469 702 1764 756 conscriptum
1797 705 1924 757 lego:
1954 707 1995 744 et
2021 702 2162 757 proba-

1279 764 1452 805 tissimus
1472 766 1632 807 Orator.
1662 767 1828 808 Bosius.
1874 767 2028 821 Itaque
2048 763 2164 809 com-

1281 832 1406 878 parat
1433 840 1530 869 eum
1565 841 1664 870 cum
1697 829 1828 882 Lysia
1854 831 1919 870 M.
1938 830 2101 873 Tullius
2117 831 2164 872 in

1280 891 1439 942 Bruto,
1467 902 1708 945 quanquam
1739 892 2020 934 dissentiente
2047 892 2165 935 Atti·

1281 966 1346 995 co.
1405 955 1501 995 Nec
1535 955 1798 996 Plutarchus
1834 955 1884 995 iis
1918 956 2165 1007 assentitur,

1283 1017 1355 1070 qni
1374 1017 1554 1058 Catonis
1586 1018 1800 1059 orationes
1830 1017 1971 1071 Lysiae
1993 1018 2166 1060 Oratio-

1282 1080 1408 1121 nibus
1427 1080 1587 1122 similes
1616 1093 1711 1122 esse
1741 1080 1906 1122 dicunt.
1960 1081 2033 1123 Sic
2051 1081 2167 1123 enim

1282 1144 1524 1189 illev‘OOev
1542 1145 1612 1185 οὐκ
1631 1142 1716 1186 οἶδα
1741 1144 1781 1186 τί
1798 1144 2033 1187 πεπόνθασιν
2058 1145 2095 1186 οἱ
2110 1148 2168 1198 τῷ·
2193 1152 2195 1154 ’

1282 1208 1426 1250 Λυσίου
1441 1208 1549 1260 λόγῳ
1566 1207 1743 1260 μάλιστα
1766 1208 1930 1261 φάμενοι
1946 1209 2169 1263 προσεοικέ-

1284 1287 1346 1314 ναι
1362 1272 1434 1315 τὸν
1451 1271 1645 1315 Κάτωνος.
1658 1272 1704 1313 οὐ
1720 1271 1797 1324 μὴν
1813 1271 1923 1314 ἀλλὰ
1937 1273 2065 1315 ταῦτα
2079 1271 2171 1324 μὲν,

1283 1335 1341 1379 οῖς
1359 1337 1514 1386 μᾶλλον
1531 1335 1632 1379 ἰδέας
1650 1335 1783 1387 λόγων
1798 1334 2170 1387 Ῥωμαῐκῶναῖσθά-

1284 1404 1415 1442 recreat
1447 1399 1649 1453 προσήκει,
1682 1401 1943 1454 διακρινοῦσιν.
1983 1400 2174 1442 lambin:

1285 1464 1394 1506 Cato
1415 1470 1504 1506 tres
1524 1477 1708 1505 summas
1727 1465 1770 1505 in
1785 1465 1955 1527 lgomiue
1970 1477 2040 1505 res
2059 1477 2170 1518 prae-

1284 1527 1447 1570 stitisse
1466 1526 1738 1570 existimatus
1756 1535 1839 1579 est,
1863 1529 2047 1581 optimus
2062 1524 2172 1570 Or'a·

1284 1598 1366 1644 tor,
1383 1593 1570 1646 optimus
1602 1592 1864 1645 Imperator,
1891 1593 2078 1646 optimus
2093 1594 2171 1636 Se-

1284 1661 1423 1696 nator.
1451 1656 1620 1697 Plinius
1640 1668 1724 1697 vu.
1770 1658 1904 1711 Cujus
1936 1658 2076 1699 locum
2096 1671 2170 1700 ex-

1285 1720 1422 1773 plicat
1458 1720 1665 1761 Claudius
1709 1722 1942 1762 Salmasius
1976 1722 2032 1764 ad
2063 1723 2172 1764 Soli·

1285 1796 1401 1826 num.
1458 1784 1574 1836 Lege
1606 1784 1739 1825 etiam
1757 1785 1956 1826 Vossium
1986 1785 2044 1826 de
2071 1785 2175 1828 His·

1287 1848 1433 1890 toricis
1453 1849 1631 1891 Latinis.
1737 1858 1742 1859 ⁷

1340 1914 1398 1954 Et
1415 1914 1691 1966 cupidissimus
1716 1914 1942 1967 literarum]
1982 1908 2047 1958 M.
2077 1915 2176 1957 Tul-

1285 1976 1366 2017 lius
1401 1978 1471 2017 De
1502 1977 1658 2018 finibus
1690 1978 1765 2020 lib.
1786 1989 1858 2019 111.
1915 1980 1930 2002 ‘
1949 1979 2048 2022 Quo
2073 1991 2172 2020 cum

1286 2040 1509 2092 venissem,
1528 2040 1592 2082 M.
1614 2042 1840 2092 Catonem,
1861 2053 1987 2095 quem
2006 2041 2066 2083 ibi
2076 2054 2173 2084 esse

1285 2103 1540 2155 nescieram,
1558 2104 1645 2144 vidi
1664 2104 1706 2144 in
1741 2104 2006 2147 bibliotheca
2024 2106 2176 2147 seden-

1287 2170 1393 2218 tem,
1411 2167 1557 2208 multis
1590 2167 1894 2209 circumfusum
1927 2169 2174 2217 Stoicorum

1287 2229 1425 2270 libris.
1483 2231 1591 2272 Erat
1610 2231 1739 2283 enim,
1770 2237 1820 2273 nt
1840 2232 1938 2284 scis,
1966 2233 2011 2273 in
2040 2245 2093 2275 eo
2110 2233 2183 2275 in·-

1287 2292 1497 2334 exhausta
1516 2293 1698 2335 aviditas
1720 2295 1907 2347 legendi,
1922 2307 2004 2336 nec
2024 2296 2175 2337 satiari

1288 2361 1487 2408 poterat:
1516 2357 1675 2410 quippe
1704 2358 1778 2411 qui
1803 2370 1859 2399 ne
1879 2359 2174 2411 reprehensio-

1288 2431 1385 2459 nem
1420 2419 1594 2473 quidem
1627 2421 1742 2474 vulgi
1774 2421 1945 2464 inanem
1978 2421 2175 2463 reformi-

1288 2482 1408 2530 dans,
1447 2483 1491 2524 in
1529 2484 1625 2536 ipsa
1663 2484 1783 2526 curia
1825 2486 1986 2527 soleret
2027 2486 2176 2539 legere

1289 2558 1422 2600 saepe,
1453 2547 1554 2588 dum
1583 2549 1765 2589 Senatus
1799 2555 2043 2603 cogeretur,
2071 2550 2177 2591 nihil

1289 2623 1433 2663 operae
1469 2611 1722 2664 reipublicae
1762 2612 2004 2655 detrahens.
2076 2615 2176 2657 Quo

1290 2675 1425 2726 magis
1458 2679 1549 2716 tum
1579 2675 1622 2715 in
1656 2688 1820 2716 summo
1851 2677 2177 2729 otio,maxima-

1290 2749 1374 2790 que
1401 2738 1545 2790 copia,
1576 2738 1698 2791 quasi
1728 2739 1871 2780 helluo
1899 2740 2120 2793 librorum,
2139 2741 2176 2782 si

1290 2801 1371 2842 hoc
1391 2801 1522 2842 verbo
1542 2802 1586 2842 in
1621 2807 1710 2842 tam
1743 2803 1951 2855 praeclara
1980 2816 2028 2846 re
2055 2810 2180 2846 uten-

1293 2864 1394 2906 dum
1415 2871 1499 2918 est,
1517 2865 1777 2907 videbatur!
1804 2866 1984 2909 Lambin.

1347 2929 1490 2970 Senior
1506 2929 1749 2981 arripuerat]
1792 2931 1982 2971 Maxime
1999 2929 2178 2973 Graeea-

1294 3004 1400 3033 rum.
1471 2992 1624 3033 Cicero
1660 2992 1702 3032 in
1740 2994 1935 3034 Catone:
1981 2994 1995 3018 ⁴
2018 2994 2101 3037 Qui
2134 2995 2178 3036 si

1292 3054 1500 3095 eruditius
1531 3055 1749 3096 videbitur
1778 3055 2019 3109 disputare,
2048 3070 2178 3110 quam

1294 3117 1520 3158 consuevit
1552 3117 1646 3170 ipse
1677 3119 1718 3158 in
1755 3119 1841 3160 suis
1874 3120 2009 3171 libris,
2031 3156 2034 3157 γ
2054 3120 2177 3161 attri-

1295 3179 1419 3220 buito
1455 3180 1621 3221 Graccis
1669 3181 1824 3233 literis,
1859 3194 2036 3236 quarum
2073 3194 2176 3223 con-

1294 3247 1383 3282 stat
1414 3254 1512 3283 eum
1541 3245 1862 3294 perstudiosum
1894 3244 2028 3286 fuisse
2048 3244 2090 3284 in
2110 3257 2176 3286 se-

1294 3305 1500 3347 nectute!
1514 3308 1610 3348 Val.
1625 3308 1839 3350 Maximus
1854 3320 1950 3349 vm.
1961 3312 2002 3348 7.
2022 3314 2035 3332 ‘
2052 3309 2176 3349 Idem

1295 3370 1463 3411 Graecis
1514 3371 1651 3411 literis
1697 3372 1861 3412 erudiri
1902 3371 2173 3424 concupivit:

1294 3444 1420 3485 quam
1457 3445 1568 3485 sero,
1603 3433 1703 3473 inde
1753 3433 2026 3483 aestimemus,
2061 3435 2176 3487 quod

1295 3495 1425 3536 etiam
1445 3496 1621 3537 Latinas
1655 3508 1778 3549 penex
1795 3496 1886 3548 jam
1919 3508 2050 3537 senex
2069 3497 2176 3540 didi·
