2306 3900
756 256 976 295 RERUM
1023 257 1096 295 ET
1140 256 1507 299 VERBORUM.

270 379 326 419 tio
344 379 507 433 (incisa)
526 379 591 427 vii,
612 384 639 421 6
677 380 803 433 (conf.
824 381 944 428 vii,4.
991 381 1095 422 Nam

272 438 284 454 ‘
301 433 478 473 scribere’
508 447 587 472 non
608 440 759 472 tantum
788 433 933 473 dicitur
959 433 1006 482 is,
1027 435 1095 487 qui

267 487 418 526 calamo
436 494 505 525 aut
533 487 638 539 stylo
656 486 802 534 scribit,
822 501 951 526 verum
976 490 1093 528 etiam

269 539 339 591 qui
355 541 454 580 coelo
471 555 480 563 ·
524 553 604 578 non
623 545 773 579 tantum
791 541 837 586 is,
860 542 925 593 qui
945 542 1092 594 aliquid

267 592 368 644 nigri
386 594 446 633 vel
465 593 541 632 albi
561 595 703 632 chartae
732 601 803 632 aut
829 595 934 644 ligno
960 595 1093 643 illinit,

267 660 400 686 verum
432 647 562 692 etiam,
582 646 649 698 qui
675 647 889 698 sculpendo
920 654 989 686 aut
1015 661 1093 687 coe-

268 700 388 739 lando
420 700 549 739 literas
574 700 635 739 vel
661 706 839 739 extantes
857 702 918 740 vel
937 702 1093 752 depres-

269 752 449 802 sasfacit.
470 752 587 793 Conf.
614 753 667 799 iv,
683 758 720 794 1.
740 754 860 800 Quod
877 755 982 795 idem
997 756 1092 807 quin

268 813 311 845 et
340 805 470 846 Graeci
496 805 660 859 γράφειν
691 807 839 854 dicant,
865 808 959 847 nihil
978 809 1093 847 dubi·

270 861 433 898 tandum
462 859 644 910 videtur;
685 860 759 900 etsi
796 861 859 901 Cl.
890 861 1093 910 Salmasio‚

269 911 386 952 Praef.
413 913 498 952 libri
527 915 579 953 de
607 914 724 952 modo
744 927 886 953 usurar.
905 928 1017 954 secus
1034 916 1092 954 vi·

268 979 368 1006 sum.
420 966 564 1019 Neque
610 973 753 1014 tamen,
790 969 897 1020 quod
942 967 1092 1008 Pilatus

269 1019 340 1060 τὸν
355 1019 492 1060 τίτλον
507 1019 746 1072 γεγραφέναι
762 1020 804 1060 in
818 1020 922 1060 Hist.
944 1021 1092 1076 Evang.

271 1073 425 1125 legitur,
444 1074 485 1112 id
511 1087 600 1112 cum
631 1073 797 1114 Heinsio
826 1076 877 1114 de
909 1076 1092 1115 coelatura

267 1126 548 1177 intellexerim3
575 1129 643 1167 sed
669 1141 756 1168 cum
782 1128 970 1168 Salmasio
989 1129 1092 1181 poti-

267 1193 313 1220 us
331 1181 381 1220 de
393 1181 549 1220 alterius
562 1180 712 1233 generis
726 1182 927 1234 scriptura.
943 1182 1092 1235 Vorst.)

210 1232 440 1285 -Scriptitare
468 1248 528 1274 res
546 1234 744 1276 Romanas
764 1235 952 1289 (scribere
970 1237 1091 1276 histo-

266 1288 361 1326 riam
379 1287 535 1339 Rom),
552 1288 614 1327 Fr.
635 1293 660 1329 3

214 1339 428 1393 Scriptores
447 1341 661 1394 (historici)
689 1356 751 1390 xv,
769 1346 797 1383 4

207 1393 433 1446 Scriptura:
461 1396 536 1435 hoc
569 1409 692 1447 genus
727 1396 941 1448 scripture,
974 1395 1090 1435 Praef.

265 1447 431 1542 t(iVellei.
460 1449 502 1496 ii,
520 1452 588 1495 52,
603 1454 630 1490 2
673 1455 685 1471 ‘
700 1449 763 1489 hic
794 1450 991 1502 scripturae
1010 1462 1093 1487 mo-

295 1501 352 1541 us!

213 1501 382 1594 Seruari
398 1554 567 1608 aliquem
597 1555 711 1610 (aute
740 1557 978 1609 colloquium
1012 1557 1092 1610 sc.)

265 1609 347 1656 xiv,
366 1613 415 1650 11
463 1611 570 1662 (mos
602 1611 675 1650 iste
699 1611 817 1650 etiam
844 1611 884 1649 in
903 1611 1001 1651 aulis
1020 1612 1091 1650 ali-

269 1664 443 1715 quando,
463 1669 508 1702 ut
539 1669 823 1711 excuterentur,
847 1665 916 1716 qui
948 1666 1090 1716 princi-

264 1730 354 1768 pem
373 1717 547 1755 adibant.
578 1730 615 1756 v.
634 1718 740 1769 Lips.
760 1719 810 1757 ad
830 1718 977 1761 ll.‚A.
995 1719 1089 1758 Tac.

266 1770 405 1811 Boecl.
451 1771 558 1809 Add.
604 1771 798 1824 Bemegg.
844 1773 894 1810 ad
938 1771 1085 1812 sustin.

209 1857 212 1861 .
264 1823 422 1870 xxxviii,
442 1827 480 1870 l,
499 1827 540 1864 8.
567 1831 607 1862 et
626 1824 756 1864 Gebh.
771 1826 820 1864 ad
841 1826 879 1864 h.
898 1824 948 1876 1.)

211 1877 361 1984 Segnis)
381 1892 420 1924 v,
439 1881 466 1918 2
519 1877 676 1932 (Insula
711 1892 789 1918 uua
820 1893 868 1919 ex
905 1879 1091 1932 Cycladi-

293 1944 338 1971 us

260 1985 371 2038 ytale
397 1983 623 2038 (σκυτάλη)
651 1986 704 2034 iv,
725 1989 750 2026 3
797 1985 1091 2039 (clandestinae

254 2039 402 2084 literae,
420 2038 563 2091 quibus
580 2041 632 2079 ad
649 2041 772 2080 duces
796 2053 886 2081 suos
903 2040 1091 2080 Lacedae·

266 2091 388 2133 monii
417 2094 639 2140 utebantur,
670 2095 722 2134 de
739 2093 881 2146 quibus
910 2108 946 2132 v.
965 2093 1090 2133 Gelli-

265 2158 333 2185 um
358 2147 478 2192 xxvii,
511 2151 551 2186 9.
593 2147 745 2199 longior
775 2154 836 2188 est
865 2147 1090 2199 descriptio,

266 2211 386 2250 quam
422 2206 467 2238 ut
499 2200 563 2239 hic
598 2200 764 2240 exscribi
808 2201 964 2240 debeat.
999 2200 1091 2240 Vid.

264 2252 432 2293 Meursii
467 2252 614 2292 Lacon.
641 2253 699 2300 iii,
727 2258 767 2294 4.
807 2254 920 2306 Crag.
949 2254 999 2293 de
1033 2267 1092 2293 re-

264 2307 375 2358 publ.
392 2306 613 2346 Lacedaem.
642 2307 696 2354 iv,
714 2311 754 2348 7.
809 2307 999 2359 Exempla
1025 2321 1091 2347 oc-

264 2360 382 2400 cultoe
400 2360 531 2412 script.
551 2373 615 2412 ap.
634 2360 769 2400 Herm.
783 2360 891 2413 Hug.
905 2362 956 2400 de
970 2361 1092 2413 prima

266 2413 380 2454 scrib.
413 2413 510 2466 orig.
547 2427 635 2466 cap.
673 2419 738 2454 15.
797 2428 920 2466 reper.
955 2414 1091 2454 Boecl.

267 2467 429 2506 leonem
447 2481 487 2506 sc
520 2467 617 2506 tales
644 2468 763 2507 habes
779 2466 821 2506 in
840 2474 923 2507 not.
941 2468 1090 2507 Sebast.

265 2519 383 2572 Migii
403 2520 453 2559 ad
506 2526 601 2560 ortae
620 2519 785 2572 magiam
804 2526 886 2560 nat.
906 2521 1046 2573 Locc.)

211 2573 371 2626 Scythae
390 2580 570 2625 premunt
587 2573 751 2614 Darium
778 2574 807 2622 i,
825 2578 851 2615 8

207 2626 414 2679 Scythissa
438 2626 518 2673 xiv,
539 2631 562 2668 1

206 2681 375 2721 Secius:
421 2694 550 2732 neque
580 2694 628 2721 eo
657 2681 782 2721 secius
800 2680 971 2734 (minus)
999 2681 1028 2728 i,
1047 2684 1087 2722 2.

266 2748 356 2782 xxv,
375 2737 402 2774 2
443 2734 566 2774 nihilo
583 2735 708 2775 secius
734 2735 788 2783 ix,
806 2739 848 2775 2.
876 2749 915 2782 x,
932 2739 972 2776 8.
999 2749 1089 2782 xxv,

265 2792 321 2829 22
368 2787 434 2829 Sic
447 2789 551 2830 oaes.
571 2789 621 2828 Β.
641 2787 728 2829 Civ.
755 2789 796 2836 ii,
815 2792 883 2830 26.
911 2787 1062 2839 Gebh.)

208 2842 341 2883 Secun
372 2856 444 2881 us:
473 2843 646 2883 secunda
673 2843 829 2882 fortuna
855 2843 1089 2884 adversario-

266 2909 352 2936 rum
369 2896 476 2949 capti
503 2897 530 2944 i,
549 2900 576 2937 2
603 2896 777 2936 secunda
792 2896 948 2936 fortuna
965 2897 1090 2936 elatus

266 2948 380 3043 vind}
422 2951 606 3045 secundas(
621 2950 971 3043 somnadfundtpii
996 2949 1091 2989 emit

267 3015 311 3042 in
381 3017 442 3044 em
470 3018 559 3051 xxv.
651 3017 767 3044 secun
799 3016 860 3043 am
911 3018 934 3043 ο
974 3016 1088 3045 unam

269 3057 463 3109 sapienter
487 3058 584 3098 ferre
613 3071 675 3104 xx,
695 3061 717 3098 1
765 3058 797 3096 si
813 3057 908 3110 quid
927 3056 1090 3097 secundi

266 3109 462 3150 evenisset
485 3112 554 3158 vii.
571 3115 597 3151 8
641 3112 716 3151 hoc
741 3111 913 3151 secunda
930 3110 1091 3150 victoria

266 3163 412 3203 accidit
437 3164 515 3210 xvi,
534 3170 559 3204 5
608 3165 781 3204 secunda
815 3177 982 3217 persona
1016 3164 1088 3213 (de

268 3216 402 3263 altera,
422 3218 491 3256 sed
505 3217 705 3280 inferiore)
723 3217 803 3264 xvi,
817 3221 844 3258 4
870 3218 931 3269 (v.
942 3216 1088 3268 Alter).

269 3271 439 3311 secunda
458 3283 590 3310 mensa
617 3268 712 3317 xvii,
728 3274 755 3310 8
782 3270 843 3324 (v.
862 3268 1025 3321 Mensa)

206 3322 356 3366 ‘Secura
373 3324 453 3363 vita
466 3324 571 3377 (sine
589 3322 682 3363 odio
700 3329 741 3362 et
757 3322 894 3373 insid.)
916 3336 956 3370 v,
973 3325 1001 3362 Δ

213 3375 358 3418 Sedare
393 3377 535 3432 (lenire
566 3374 774 3428 invidiam)
813 3390 852 3422 x,
885 3379 912 3416 8
956 3374 1089 3414 sedare

268 3430 415 3470 bellurn
433 3432 509 3485 (sc.
525 3429 644 3491 pace)
671 3430 750 3477 xiv,
768 3434 794 3470 8
823 3428 1090 3470 lassitudinem

216 3524 221 3529 ,
270 3483 433 3524 militum
462 3484 610 3532 xviii,9

1860 249 2035 302 cxx-xi

1157 384 1298 424 Sedere
1329 386 1395 424 diu
1431 398 1508 424 uno
1528 385 1615 426 loco
1643 383 1819 438 (morari,
1837 385 2036 440 desidere)

1210 439 1287 484 xiv,
1307 442 1333 478 8
1360 438 1402 477 in
1421 451 1485 477 ara
1501 438 1718 491 supplicem
1747 439 1800 486 iv,
1818 442 1844 479 4

1156 491 1306 530 Seditio
1325 493 1515 531 exercitus
1543 493 1648 539 xviii,
1670 496 1722 532 12

1155 544 1320 595 Segnius
1340 560 1349 583 ι
1410 545 1533 584 nihilo
1578 546 1733 598 segnius
1779 546 2036 596 perseveravit

1210 599 1370 650 (eadem
1389 598 1534 637 alaerit.
1553 605 1593 638 et
1612 597 1798 649 industr.)
1826 599 1905 645 xiv,
1924 603 1950 639 2

1155 649 1353 703 Segregari
1382 664 1408 690 a
1437 651 1609 692 consiliis
1641 652 1742 705 (non
1761 651 1934 700 adhiberi
1953 665 2034 691 am-

1209 704 1335 757 plius)
1362 704 1470 751 xxiii,
1488 709 1515 746 2

1155 756 1392 810 Sejungere:
1421 757 1545 810 Alpes
1563 759 1613 797 ab
1631 757 1762 798 Gallia
1789 758 1941 797 Italiam
1973 772 2033 798 se-

1204 810 1380 864 jungunt
1406 812 1511 858 xxiii,
1549 816 1573 852 3
1629 812 1776 851 nullam
1818 811 2034 864 sejunctam

1209 864 1281 903 sibi
1312 865 1362 904 ab
1393 878 1441 904 eo
1472 866 1629 905 fortuna
1659 866 1816 905 volebat
1833 878 1917 904 esse
1944 879 2034 913 xxv,

1154 969 1382 1022 Sejunctum
1400 984 1424 1010 a
1440 985 1482 1012 re
1498 971 1698 1024 proposita
1724 971 1803 1016 xvi,
1819 974 1844 1011 3

1155 1024 1341 1064 Seleucus
1366 1024 1474 1074 xviii,
1494 1031 1534 1066 5.
1553 1030 1606 1067 10
1650 1039 1674 1064 a
1692 1025 1908 1065 Ptolemaeo
1942 1025 2034 1064 dolo

1209 1078 1436 1118 interfectus
1461 1080 1540 1127 xxi,
1560 1083 1585 1120 3

1155 1131 1260 1185 Sella
1277 1144 1393 1171 aurea
1425 1131 1547 1186 (inter
1564 1131 1733 1185 insignia
1751 1131 1851 1184 reg.)
1881 1132 1985 1178 xviii,
2006 1135 2031 1172 7

1154 1183 1399 1225 Semianimis
1425 1187 1479 1234 ἰν,
1499 1191 1523 1227 5
1552 1187 1645 1226 alibi
1664 1201 1672 1224 :
1693 1185 1899 1226 semivivus
1927 1184 2034 1231 xviii,

1155 1292 1405 1344 Sempronius
1421 1291 1646 1333 Gracchus:
1666 1292 1745 1332 vid.
1759 1292 1926 1332 Gracch.
1974 1311 1977 1315 ·

1155 1347 1257 1386 Sena
1284 1347 1388 1392 xxiv,
1417 1349 1439 1386 1
1488 1346 1648 1399 (Piceni
1678 1347 1758 1385 sive
1782 1345 1956 1385 Umbriae
1991 1345 2033 1384 in

1211 1398 1326 1438 Italia
1344 1399 1534 1451 oppidum
1563 1405 1638 1447 est,
1668 1413 1763 1446 non,
1800 1405 1845 1438 ut
1873 1398 2034 1451 quidam

1209 1451 1342 1503 inepte
1366 1454 1624 1499 contendunt,
1659 1453 1837 1499 Caesena,
1870 1456 1921 1491 de
1953 1465 2033 1504 quo

1206 1512 1317 1598 >1{sistat
1349 1506 1552 1558 peculiaris
1575 1506 1810 1546 Exercitatio
1841 1505 2034 1546 Gabrielis

1249 1561 1374 1599 audaei

1154 1613 1318 1652 Senatus
1337 1559 1452 1652 da)tur
1466 1612 1602 1664 legatis
1623 1612 1729 1659 xxiii,
1748 1616 1772 1652 7
1816 1612 1876 1667 (v.
1891 1611 2033 1663 Dare).

1207 1673 1364 1706 senatus
1399 1666 1647 1719 populusque
1675 1665 1879 1705 Romanus
1923 1666 2034 1712 xxiii,

1207 1724 1232 1760 7
1273 1720 1656 1760 Senatusconsultum
1687 1720 1759 1773 (de
1786 1733 1958 1772 respons.
1977 1720 2033 1759 le-

1205 1774 1304 1825 gatis
1345 1769 1512 1827 dando),
1543 1773 1638 1813 ibid.
1693 1778 1828 1813 senatu
1874 1779 2032 1826 peracto

1203 1827 1305 1875 xxiv,
1323 1830 1349 1868 2

1151 1880 1358 1921 Senescere
1377 1880 1598 1934 (eleganter
1616 1881 1667 1920 de
1685 1879 1862 1933 potentia
1880 1881 2033 1920 decres-

1206 1935 1342 1988 cente)
1370 1935 1438 1983 vii,
1457 1940 1482 1975 5
1526 1934 1699 1988 (Seneca
1716 1933 1843 1986 Epist.
1862 1938 1911 1975 91
1945 1939 1958 1958 ‘
1971 1947 2032 1973 ur-

1207 1987 1330 2035 bium,
1360 1988 1622 2041 imperiorum,
1642 1987 1816 2040 gentium
1837 2000 1943 2027 nunc
1960 1988 2031 2028 flo-

1207 2049 1266 2081 ret
1278 2042 1447 2089 fortuna,
1466 2055 1572 2082 nunc
1591 2042 1772 2088 senescit,
1790 2048 1896 2081 nun'c
1915 2042 2032 2080 inter-

1205 2095 1265 2134 it.'
1292 2098 1462 2149 metaph.
1493 2109 1515 2135 a
1545 2109 1681 2136 senum
1711 2095 1823 2134 virib.
1841 2095 2029 2135 deficien-

1207 2149 1277 2187 tib.
1296 2150 1437 2202 Locc.)

1152 2202 1278 2242 Senex
1315 2203 1432 2242 tristis
1463 2210 1518 2243 et.
1539 2215 1695 2242 severus
1723 2215 1787 2249 n,
1824 2205 1851 2241 2
1906 2202 2032 2241 senior

1207 2255 1309 2307 (jam
1328 2254 1467 2310 senex)
1494 2257 1598 2303 xxiv,
1617 2260 1642 2297 3
1675 2253 1678 2256 ’

1152 2309 1341 2349 Senectus
1376 2317 1547 2350 extrema
1589 2323 1682 2357 xxv,
1717 2313 1769 2350 21

1207 2363 1311 2402 diem
1325 2365 1432 2403 obire
1460 2364 1537 2411 xxi,
1560 2366 1582 2403 1

1151 2417 1327 2456 Sentire:
1376 2424 1524 2470 quanto
1557 2417 1629 2455 sibi
1668 2421 1771 2455 esset
1806 2421 2033 2462 ornamento

1206 2471 1399 2509 sentiebat
1425 2484 1465 2518 x,
1500 2474 1526 2510 2
1571 2475 1781 2522 postquam
1817 2481 1907 2508 eum
1943 2481 2034 2508 cum

1204 2535 1347 2576 magna
1371 2522 1541 2577 pecunia
1566 2523 1719 2562 venisse
1737 2527 1940 2562 senserunt
1965 2522 2033 2569 vii,

1205 2580 1232 2617 9
1279 2579 1399 2616 sensit
1417 2576 1491 2616 sibi
1513 2577 1753 2629 pereundum
1779 2576 1822 2623 ii,
1842 2579 1868 2616 8
1914 2575 2034 2615 sensit

1205 2643 1246 2669 se
1266 2630 1348 2682 peti
1368 2629 1474 2676 xxiii,
1494 2634 1545 2670 12
1572 2630 1677 2669 idem
1695 2629 1836 2669 sentire
1849 2629 1922 2681 (de
1938 2642 2035 2669 con-

1205 2683 1379 2737 spiratis)
1406 2685 1484 2731 xvi‚
1509 2688 1536 2724 2
1575 2683 1718 2723 sentire.
1742 2696 1831 2722 cum
1849 2683 1941 2735 aliq.
1960 2682 2035 2736 (de

1206 2737 1398 2788 factione)
1438 2738 1517 2784 xix,
1554 2741 1579 2778 8
1644 2737 1828 2776 adversus
1866 2737 2035 2788 aliquem

1206 2791 1389 2845 (diversae
1414 2790 1594 2831 factionis
1620 2790 1727 2842 esse)
1755 2804 1795 2837 x,
1820 2794 1845 2830 7
1893 2791 2035 2829 sentire

1206 2845 1284 2885 alia
1306 2850 1388 2897 atq.
1419 2851 1535 2885 antea
1564 2844 1704 2898 (fidem
1734 2850 1904 2883 mutasse
1935 2842 2034 2896 διο.)

1207 2898 1314 2945 xxiii,
1333 2903 1360 2939 2

1153 2953 1294 2993 Sensus
1311 2967 1320 2989 =
1341 2952 1448 3006 quod
1460 2951 1605 2992 inimici
1624 2950 1709 3003 ejus
1721 2949 1926 2990 dissidenti
1945 2963 2034 2988 suos

1207 3018 1342 3045 sensus
1377 3006 1546 3058 aperturi
1575 3005 1706 3045 forent
1736 3003 1828 3056 (sua
1859 3003 2034 3050 consilia,

1151 3087 1153 3090 ι
1207 3072 1318 3098 suum
1338 3058 1602 3112 propositum)
1617 3072 1656 3105 x,
1675 3062 1701 3098 8
1724 3058 1810 3110 (Sic
1827 3055 2034 3096 Terentius

1207 3112 1382 3164 Adelph.
1409 3112 1463 3159 iv,
1484 3117 1522 3158 1,
1544 3116 1593 3152 17
1633 3117 1644 3134 ‘
1662 3124 1736 3162 ego
1756 3110 1860 3149 illius
1878 3122 2034 3149 sensum

1208 3166 1368 3217 pulchre
1411 3165 1563 3204 calleo.'
1639 3162 1832 3203 Ovidius:
1893 3168 1905 3186 ⁴
1923 3162 2036 3202 fateri

1207 3218 1324 3257 alicui
1355 3231 1445 3258 suos
1474 3217 1636 3258 sensus.'
1681 3216 1820 3257 Cicero
1855 3216 1931 3269 Ep.
1961 3215 2035 3256 Fa·

1206 3270 1286 3309 mil.
1315 3271 1342 3316 i,
1357 3275 1384 3311 9
1427 3276 1438 3294 ⁴
1456 3283 1555 3310 unus
1572 3282 1707 3310 sensus
1724 3269 1897 3308 omnium
1911 3271 2034 3309 bono·

1206 3323 1317 3362 rum.'
1346 3323 1398 3361 Et
1411 3323 1512 3372 alii).
1555 3323 1699 3363 Sensus
1717 3322 1803 3376 ejus
1822 3335 1846 3362 a
1863 3323 2033 3363 nonnul·

1208 3375 1255 3414 lis
1283 3376 1534 3429 optimatibus
1566 3377 1918 3429 reprehendebatur
1943 3390 2031 3420 xxv,

1205 3432 1234 3470 9
1260 3429 1337 3482 (sic
1362 3428 1540 3469 nonnulli
1565 3430 1796 3479 ediderunt3
1825 3430 1910 3469 Nos
1928 3442 2031 3472 vero.

1209 3488 1220 3505 ⁶
1238 3482 1377 3523 sensim
1397 3483 1428 3522 is
1462 3496 1483 3523 a
1503 3484 1678 3523 nonnull.
1700 3492 1781 3535 opt.
1801 3482 1933 3534 repr-7
1952 3487 2034 3520 erat

1831 2314 2033 2348 senectute
