<?xml version="1.0" encoding="UTF-8"?>
<!DOCTYPE html PUBLIC "-//W3C//DTD XHTML 1.0 Transitional//EN"
    "http://www.w3.org/TR/xhtml1/DTD/xhtml1-transitional.dtd">
<html xmlns="http://www.w3.org/1999/xhtml" xml:lang="en" lang="en">
 <head>
  <title>
</title>
<meta http-equiv="Content-Type" content="text/html;charset=utf-8" />
  <meta name='ocr-system' content='tesseract 3.04.00' />
  <meta name='ocr-capabilities' content='ocr_page ocr_carea ocr_par ocr_line ocrx_word'/>
</head>
<body>
  <div class='ocr_page' id='page_1' title='image "./vitaeexcellentiu02nepouoft_0032.png"; bbox 0 0 2326 3944; ppageno 0'>
   <div class='ocr_carea' id='block_1_1' title="bbox 307 280 416 332">
    <p class='ocr_par' dir='ltr' id='par_1_1' title="bbox 307 280 416 332">
     <span class='ocr_line' id='line_1_1' title="bbox 307 280 416 332; baseline 0.009 -1"><span class='ocrx_word' id='word_1_1' title='bbox 307 280 416 332; x_wconf 78' lang='lat'><strong>454</strong></span> 
     </span>
    </p>
   </div>
   <div class='ocr_carea' id='block_1_2' title="bbox 300 407 1216 3579">
    <p class='ocr_par' dir='ltr' id='par_1_2' title="bbox 300 407 1214 1666">
     <span class='ocr_line' id='line_1_2' title="bbox 302 407 1197 454; baseline -0.002 -2"><span class='ocrx_word' id='word_1_2' title='bbox 302 411 466 454; x_wconf 31' lang='lat' dir='ltr'><strong>&#39;stantis</strong></span> <span class='ocrx_word' id='word_1_3' title='bbox 485 411 634 453; x_wconf 84' lang='lat' dir='ltr'><strong>formae</strong></span> <span class='ocrx_word' id='word_1_4' title='bbox 651 411 841 452; x_wconf 75' lang='lat' dir='ltr'><strong>mulieris·</strong></span> <span class='ocrx_word' id='word_1_5' title='bbox 856 409 1087 452; x_wconf 74' lang='lat' dir='ltr'><strong>coi-rivales</strong></span> <span class='ocrx_word' id='word_1_6' title='bbox 1103 407 1197 451; x_wconf 75' lang='lat' dir='ltr'><strong>fue·</strong></span> 
     </span>
     <span class='ocr_line' id='line_1_3' title="bbox 301 473 1198 528; baseline -0.002 -12"><span class='ocrx_word' id='word_1_7' title='bbox 301 482 412 517; x_wconf 71' lang='lat' dir='ltr'><strong>⁴runt</strong></span> <span class='ocrx_word' id='word_1_8' title='bbox 429 490 439 516; x_wconf 76' lang='grc' dir='ltr'><strong>ε</strong></span> <span class='ocrx_word' id='word_1_9' title='bbox 462 476 505 516; x_wconf 89' lang='lat' dir='ltr'><strong>id</strong></span> <span class='ocrx_word' id='word_1_10' title='bbox 524 489 628 517; x_wconf 91' lang='lat' dir='ltr'><strong>vero</strong></span> <span class='ocrx_word' id='word_1_11' title='bbox 648 488 702 516; x_wconf 84' lang='lat' dir='ltr'><strong>ex</strong></span> <span class='ocrx_word' id='word_1_12' title='bbox 722 475 927 516; x_wconf 83' lang='lat' dir='ltr'>Aristone</span> <span class='ocrx_word' id='word_1_13' title='bbox 944 473 1198 528; x_wconf 86' lang='lat' dir='ltr'><strong>philosopho</strong></span> 
     </span>
     <span class='ocr_line' id='line_1_4' title="bbox 300 538 1196 580; baseline -0.001 -1"><span class='ocrx_word' id='word_1_14' title='bbox 300 538 501 580; x_wconf 58' lang='lat' dir='ltr'><strong>adducit.</strong></span> <span class='ocrx_word' id='word_1_15' title='bbox 557 540 664 579; x_wconf 88' lang='lat' dir='ltr'><strong>Mox</strong></span> <span class='ocrx_word' id='word_1_16' title='bbox 697 550 868 579; x_wconf 83' lang='lat' dir='ltr'><strong>causam</strong></span> <span class='ocrx_word' id='word_1_17' title='bbox 899 538 944 578; x_wconf 90' lang='lat' dir='ltr'><strong>in</strong></span> <span class='ocrx_word' id='word_1_18' title='bbox 974 538 1196 579; x_wconf 85' lang='lat' dir='ltr'><strong>diversita-</strong></span> 
     </span>
     <span class='ocr_line' id='line_1_5' title="bbox 311 598 1214 653; baseline -0.002 -12"><span class='ocrx_word' id='word_1_19' title='bbox 311 604 399 641; x_wconf 87' lang='lat' dir='ltr'><strong>tem</strong></span> <span class='ocrx_word' id='word_1_20' title='bbox 434 601 701 653; x_wconf 82' lang='lat' dir='ltr'><strong>ingeniorum</strong></span> <span class='ocrx_word' id='word_1_21' title='bbox 734 599 945 652; x_wconf 87' lang='lat' dir='ltr'><strong>conjicit:</strong></span> <span class='ocrx_word' id='word_1_22' title='bbox 982 598 1214 640; x_wconf 86' lang='lat' dir='ltr'><strong>Aristides</strong></span> 
     </span>
     <span class='ocr_line' id='line_1_6' title="bbox 311 662 1195 717; baseline 0.001 -15"><span class='ocrx_word' id='word_1_23' title='bbox 311 665 421 703; x_wconf 85' lang='lat' dir='ltr'><strong>enim</strong></span> <span class='ocrx_word' id='word_1_24' title='bbox 449 663 643 717; x_wconf 84' lang='lat' dir='ltr'><strong>placidus</strong></span> <span class='ocrx_word' id='word_1_25' title='bbox 673 669 720 704; x_wconf 90' lang='lat' dir='ltr'><strong>et</strong></span> <span class='ocrx_word' id='word_1_26' title='bbox 748 663 889 704; x_wconf 88' lang='lat' dir='ltr'><strong>animo</strong></span> <span class='ocrx_word' id='word_1_27' title='bbox 917 662 1195 716; x_wconf 85' lang='lat' dir='ltr'><strong>tranquillus:</strong></span> 
     </span>
     <span class='ocr_line' id='line_1_7' title="bbox 309 725 1197 777; baseline -0.002 -10"><span class='ocrx_word' id='word_1_28' title='bbox 309 727 615 768; x_wconf 80' lang='lat' dir='ltr'><strong>Themistocles</strong></span> <span class='ocrx_word' id='word_1_29' title='bbox 630 739 654 768; x_wconf 90' lang='lat' dir='ltr'><strong>e</strong></span> <span class='ocrx_word' id='word_1_30' title='bbox 671 727 886 768; x_wconf 87' lang='lat' dir='ltr'><strong>contrario</strong></span> <span class='ocrx_word' id='word_1_31' title='bbox 902 725 1090 777; x_wconf 87' lang='lat' dir='ltr'><strong>fervens,</strong></span> <span class='ocrx_word' id='word_1_32' title='bbox 1109 736 1197 766; x_wconf 90' lang='lat' dir='ltr'><strong>am-</strong></span> 
     </span>
     <span class='ocr_line' id='line_1_8' title="bbox 308 789 1197 844; baseline -0.001 -13"><span class='ocrx_word' id='word_1_33' title='bbox 308 791 506 844; x_wconf 89' lang='lat' dir='ltr'><strong>bitiosus,</strong></span> <span class='ocrx_word' id='word_1_34' title='bbox 535 797 581 832; x_wconf 87' lang='lat' dir='ltr'><strong>et</strong></span> <span class='ocrx_word' id='word_1_35' title='bbox 601 804 809 833; x_wconf 89' lang='lat' dir='ltr'><strong>novarum</strong></span> <span class='ocrx_word' id='word_1_36' title='bbox 838 803 994 843; x_wconf 74' lang='lat' dir='ltr'><strong>rerumv</strong></span> <span class='ocrx_word' id='word_1_37' title='bbox 1015 789 1197 843; x_wconf 90' lang='lat' dir='ltr'><strong>cupidus</strong></span> 
     </span>
     <span class='ocr_line' id='line_1_9' title="bbox 310 854 1199 906; baseline -0.002 -11"><span class='ocrx_word' id='word_1_38' title='bbox 310 854 444 896; x_wconf 87' lang='lat' dir='ltr'><strong>fuisse</strong></span> <span class='ocrx_word' id='word_1_39' title='bbox 481 855 656 897; x_wconf 89' lang='lat' dir='ltr'><strong>dicitur.</strong></span> <span class='ocrx_word' id='word_1_40' title='bbox 701 856 833 906; x_wconf 82' lang='lat' dir='ltr'><strong>Long.</strong></span> <span class='ocrx_word' id='word_1_41' title='bbox 888 854 976 895; x_wconf 89' lang='lat' dir='ltr'><strong>Sed</strong></span> <span class='ocrx_word' id='word_1_42' title='bbox 1008 857 1075 894; x_wconf 86' lang='lat' dir='ltr'><strong>est</strong></span> <span class='ocrx_word' id='word_1_43' title='bbox 1107 854 1199 894; x_wconf 90' lang='lat' dir='ltr'><strong>ani-</strong></span> 
     </span>
     <span class='ocr_line' id='line_1_10' title="bbox 311 917 1196 971; baseline -0.003 -12"><span class='ocrx_word' id='word_1_44' title='bbox 311 919 682 967; x_wconf 89' lang='lat' dir='ltr'><strong>madvertendum,</strong></span> <span class='ocrx_word' id='word_1_45' title='bbox 714 917 996 971; x_wconf 79' lang='lat' dir='ltr'><strong>Plutarchum</strong></span> <span class='ocrx_word' id='word_1_46' title='bbox 1028 928 1123 958; x_wconf 90' lang='lat' dir='ltr'><strong>cum</strong></span> <span class='ocrx_word' id='word_1_47' title='bbox 1153 917 1196 956; x_wconf 90' lang='lat' dir='ltr'><strong>in</strong></span> 
     </span>
     <span class='ocr_line' id='line_1_11' title="bbox 311 977 1199 1035; baseline -0.005 -13"><span class='ocrx_word' id='word_1_48' title='bbox 311 982 635 1035; x_wconf 83' lang='lat' dir='ltr'>Themistoclis,</span> <span class='ocrx_word' id='word_1_49' title='bbox 667 987 761 1023; x_wconf 91' lang='lat' dir='ltr'><strong>tum</strong></span> <span class='ocrx_word' id='word_1_50' title='bbox 792 982 836 1021; x_wconf 89' lang='lat' dir='ltr'><strong>in</strong></span> <span class='ocrx_word' id='word_1_51' title='bbox 867 977 1074 1033; x_wconf 75' lang='lat' dir='ltr'><strong>Aristidis</strong></span> <span class='ocrx_word' id='word_1_52' title='bbox 1096 979 1199 1031; x_wconf 90' lang='lat' dir='ltr'><strong>vita,</strong></span> 
     </span>
     <span class='ocr_line' id='line_1_12' title="bbox 312 1043 1200 1098; baseline -0.002 -12"><span class='ocrx_word' id='word_1_53' title='bbox 312 1045 368 1086; x_wconf 91' lang='lat' dir='ltr'><strong>de</strong></span> <span class='ocrx_word' id='word_1_54' title='bbox 387 1058 540 1098; x_wconf 90' lang='lat' dir='ltr'><strong>puero,</strong></span> <span class='ocrx_word' id='word_1_55' title='bbox 570 1057 656 1086; x_wconf 91' lang='lat' dir='ltr'><strong>non</strong></span> <span class='ocrx_word' id='word_1_56' title='bbox 676 1044 730 1084; x_wconf 89' lang='lat' dir='ltr'><strong>de</strong></span> <span class='ocrx_word' id='word_1_57' title='bbox 759 1044 939 1085; x_wconf 87' lang='lat' dir='ltr'><strong>muliere</strong></span> <span class='ocrx_word' id='word_1_58' title='bbox 960 1048 1035 1084; x_wconf 89' lang='lat' dir='ltr'><strong>aut</strong></span> <span class='ocrx_word' id='word_1_59' title='bbox 1055 1043 1200 1096; x_wconf 83' lang='lat' dir='ltr'><strong>puella</strong></span> 
     </span>
     <span class='ocr_line' id='line_1_13' title="bbox 314 1107 1199 1150; baseline -0.003 0"><span class='ocrx_word' id='word_1_60' title='bbox 314 1121 408 1150; x_wconf 82' lang='lat' dir='ltr'><strong>esse</strong></span> <span class='ocrx_word' id='word_1_61' title='bbox 446 1110 652 1150; x_wconf 91' lang='lat' dir='ltr'><strong>locutum.</strong></span> <span class='ocrx_word' id='word_1_62' title='bbox 706 1109 778 1149; x_wconf 90' lang='lat' dir='ltr'><strong>Sic</strong></span> <span class='ocrx_word' id='word_1_63' title='bbox 830 1108 943 1149; x_wconf 89' lang='lat' dir='ltr'><strong>enim</strong></span> <span class='ocrx_word' id='word_1_64' title='bbox 990 1107 1121 1149; x_wconf 88' lang='lat' dir='ltr'><strong>habet</strong></span> <span class='ocrx_word' id='word_1_65' title='bbox 1153 1107 1199 1147; x_wconf 88' lang='lat' dir='ltr'><strong>in</strong></span> 
     </span>
     <span class='ocr_line' id='line_1_14' title="bbox 312 1170 1201 1227; baseline -0.003 -13"><span class='ocrx_word' id='word_1_66' title='bbox 312 1173 626 1214; x_wconf 84' lang='lat' dir='ltr'>Themistocle:</span> <span class='ocrx_word' id='word_1_67' title='bbox 667 1170 918 1225; x_wconf 78' lang='grc' dir='ltr'><strong><em>Ἠράσθησαν</em></strong></span> <span class='ocrx_word' id='word_1_68' title='bbox 935 1171 1013 1227; x_wconf 69' lang='grc' dir='ltr'><strong>’γὰρ</strong></span> <span class='ocrx_word' id='word_1_69' title='bbox 1031 1170 1201 1223; x_wconf 79' lang='grc' dir='ltr'><strong><em>ἀμφότε-</em></strong></span> 
     </span>
     <span class='ocr_line' id='line_1_15' title="bbox 313 1225 1204 1290; baseline 0.001 -15"><span class='ocrx_word' id='word_1_70' title='bbox 313 1250 373 1290; x_wconf 86' lang='grc' dir='ltr'><strong>ροι</strong></span> <span class='ocrx_word' id='word_1_71' title='bbox 401 1236 473 1276; x_wconf 79' lang='grc' dir='ltr'><strong>τοῦ</strong></span> <span class='ocrx_word' id='word_1_72' title='bbox 508 1237 632 1277; x_wconf 79' lang='grc' dir='ltr'><strong><em>καλοῦ</em></strong></span> <span class='ocrx_word' id='word_1_73' title='bbox 662 1235 866 1284; x_wconf 79' lang='grc' dir='ltr'>Στησίλεω</span> <span class='ocrx_word' id='word_1_74' title='bbox 892 1234 984 1276; x_wconf 79' lang='grc' dir='ltr'><strong><em>Τίου</em></strong></span> <span class='ocrx_word' id='word_1_75' title='bbox 998 1225 1060 1275; x_wconf 70' lang='grc' dir='ltr'><strong>Ιτὸ</strong></span> <span class='ocrx_word' id='word_1_76' title='bbox 1088 1233 1204 1285; x_wconf 74' lang='grc' dir='ltr'><strong><em>’γένος</em></strong></span> 
     </span>
     <span class='ocr_line' id='line_1_16' title="bbox 315 1297 1203 1352; baseline -0.002 -12"><span class='ocrx_word' id='word_1_77' title='bbox 315 1298 539 1352; x_wconf 63' lang='grc' dir='ltr'><strong><em>ὄντος-,δῖα</em></strong></span> <span class='ocrx_word' id='word_1_78' title='bbox 593 1301 648 1340; x_wconf 91' lang='lat' dir='ltr'><strong>In</strong></span> <span class='ocrx_word' id='word_1_79' title='bbox 678 1300 871 1340; x_wconf 81' lang='lat' dir='ltr'><strong>Aristide</strong></span> <span class='ocrx_word' id='word_1_80' title='bbox 902 1312 1028 1340; x_wconf 86' lang='lat' dir='ltr'><strong>vero:</strong></span> <span class='ocrx_word' id='word_1_81' title='bbox 1058 1297 1203 1347; x_wconf 77' lang='grc' dir='ltr'><strong><em>Στησί-</em></strong></span> 
     </span>
     <span class='ocr_line' id='line_1_17' title="bbox 314 1359 1203 1417; baseline -0.002 -13"><span class='ocrx_word' id='word_1_82' title='bbox 314 1370 395 1404; x_wconf 84' lang='grc' dir='ltr'><strong>λεω</strong></span> <span class='ocrx_word' id='word_1_83' title='bbox 408 1363 503 1417; x_wconf 73' lang='grc' dir='ltr'><strong>γὰρ,</strong></span> <span class='ocrx_word' id='word_1_84' title='bbox 533 1362 576 1403; x_wconf 75' lang='grc' dir='ltr'><strong>ὃς</strong></span> <span class='ocrx_word' id='word_1_85' title='bbox 607 1361 658 1412; x_wconf 80' lang='grc' dir='ltr'><strong>ῆν</strong></span> <span class='ocrx_word' id='word_1_86' title='bbox 684 1361 790 1414; x_wconf 72' lang='grc' dir='ltr'><strong><em>γένει</em></strong></span> <span class='ocrx_word' id='word_1_87' title='bbox 810 1364 937 1414; x_wconf 80' lang='grc' dir='ltr'><strong><em>Κεῖος,</em></strong></span> <span class='ocrx_word' id='word_1_88' title='bbox 960 1359 1203 1414; x_wconf 77' lang='grc' dir='ltr'><strong><em>ἠράσθησαν.</em></strong></span> 
     </span>
     <span class='ocr_line' id='line_1_18' title="bbox 311 1425 1203 1480; baseline -0.004 -12"><span class='ocrx_word' id='word_1_89' title='bbox 311 1427 452 1468; x_wconf 80' lang='lat' dir='ltr'><strong>&#39;Vides</strong></span> <span class='ocrx_word' id='word_1_90' title='bbox 464 1426 689 1480; x_wconf 85' lang='lat' dir='ltr'>utrobique</span> <span class='ocrx_word' id='word_1_91' title='bbox 702 1426 757 1466; x_wconf 90' lang='lat' dir='ltr'><strong>de</strong></span> <span class='ocrx_word' id='word_1_92' title='bbox 772 1438 904 1477; x_wconf 88' lang='lat' dir='ltr'><strong>puero</strong></span> <span class='ocrx_word' id='word_1_93' title='bbox 919 1425 1203 1474; x_wconf 79' lang='lat' dir='ltr'><strong>Plutarchum</strong></span> 
     </span>
     <span class='ocr_line' id='line_1_19' title="bbox 317 1489 1202 1541; baseline -0.003 -10"><span class='ocrx_word' id='word_1_94' title='bbox 317 1489 526 1531; x_wconf 88' lang='lat' dir='ltr'><strong>scribere.</strong></span> <span class='ocrx_word' id='word_1_95' title='bbox 578 1489 665 1531; x_wconf 86' lang='lat' dir='ltr'><strong>Sed</strong></span> <span class='ocrx_word' id='word_1_96' title='bbox 685 1490 726 1530; x_wconf 92' lang='lat' dir='ltr'><strong>in</strong></span> <span class='ocrx_word' id='word_1_97' title='bbox 745 1489 1029 1529; x_wconf 79' lang='lat' dir='ltr'><strong>Themistocle</strong></span> <span class='ocrx_word' id='word_1_98' title='bbox 1057 1489 1202 1541; x_wconf 87' lang='lat' dir='ltr'><strong>legen-</strong></span> 
     </span>
     <span class='ocr_line' id='line_1_20' title="bbox 319 1549 1203 1603; baseline -0.003 -10"><span class='ocrx_word' id='word_1_99' title='bbox 319 1554 420 1593; x_wconf 91' lang='lat' dir='ltr'><strong>dum</strong></span> <span class='ocrx_word' id='word_1_100' title='bbox 441 1552 614 1593; x_wconf 87' lang='lat' dir='ltr'><strong>videtur</strong></span> <span class='ocrx_word' id='word_1_101' title='bbox 633 1550 743 1603; x_wconf 75' lang='grc' dir='ltr'><strong><em>Κίου,</em></strong></span> <span class='ocrx_word' id='word_1_102' title='bbox 775 1551 843 1593; x_wconf 88' lang='lat' dir='ltr'><strong>vel</strong></span> <span class='ocrx_word' id='word_1_103' title='bbox 864 1549 995 1603; x_wconf 74' lang='grc' dir='ltr'><strong><em>Κείου,</em></strong></span> <span class='ocrx_word' id='word_1_104' title='bbox 1025 1563 1110 1592; x_wconf 89' lang='lat' dir='ltr'><strong>non</strong></span> <span class='ocrx_word' id='word_1_105' title='bbox 1131 1560 1203 1591; x_wconf 89' lang='lat' dir='ltr'><strong>au-</strong></span> 
     </span>
     <span class='ocr_line' id='line_1_21' title="bbox 319 1613 681 1666; baseline 0 -11"><span class='ocrx_word' id='word_1_106' title='bbox 319 1620 405 1655; x_wconf 88' lang='lat' dir='ltr'><strong>tem</strong></span> <span class='ocrx_word' id='word_1_107' title='bbox 425 1613 528 1655; x_wconf 79' lang='grc' dir='ltr'><strong><em>Τίον.</em></strong></span> <span class='ocrx_word' id='word_1_108' title='bbox 562 1615 681 1666; x_wconf 82' lang='lat' dir='ltr'><strong>Mag.</strong></span> 
     </span>
    </p>

    <p class='ocr_par' dir='ltr' id='par_1_3' title="bbox 309 1674 1216 3579">
     <span class='ocr_line' id='line_1_22' title="bbox 376 1674 1203 1729; baseline -0.004 -10"><span class='ocrx_word' id='word_1_109' title='bbox 376 1678 657 1720; x_wconf 79' lang='lat' dir='ltr'><strong>obtrectarunt</strong></span> <span class='ocrx_word' id='word_1_110' title='bbox 687 1677 798 1718; x_wconf 74' lang='lat' dir='ltr'><strong>&#39;inter</strong></span> <span class='ocrx_word' id='word_1_111' title='bbox 836 1676 897 1729; x_wconf 81' lang='lat' dir='ltr'><strong>se]</strong></span> <span class='ocrx_word' id='word_1_112' title='bbox 950 1674 1203 1717; x_wconf 79' lang='grc' dir='ltr'><strong><em>Διεπολιτεῦ-</em></strong></span> 
     </span>
     <span class='ocr_line' id='line_1_23' title="bbox 318 1741 1205 1795; baseline -0.006 -8"><span class='ocrx_word' id='word_1_113' title='bbox 318 1754 455 1787; x_wconf 81' lang='grc' dir='ltr'><strong><em>σαντο·</em></strong></span> <span class='ocrx_word' id='word_1_114' title='bbox 485 1743 726 1785; x_wconf 88' lang='lat' dir='ltr'><strong>contrarias</strong></span> <span class='ocrx_word' id='word_1_115' title='bbox 745 1742 789 1782; x_wconf 90' lang='lat' dir='ltr'><strong>in</strong></span> <span class='ocrx_word' id='word_1_116' title='bbox 818 1741 1037 1795; x_wconf 84' lang='lat' dir='ltr'><strong>republica</strong></span> <span class='ocrx_word' id='word_1_117' title='bbox 1058 1747 1205 1794; x_wconf 85' lang='lat' dir='ltr'><strong>partes</strong></span> 
     </span>
     <span class='ocr_line' id='line_1_24' title="bbox 319 1807 1206 1862; baseline -0.002 -12"><span class='ocrx_word' id='word_1_118' title='bbox 319 1808 535 1851; x_wconf 86' lang='lat' dir='ltr'><strong>foverunt.</strong></span> <span class='ocrx_word' id='word_1_119' title='bbox 606 1808 930 1862; x_wconf 85' lang='lat' dir='ltr'><strong>Epaminonda:</strong></span> <span class='ocrx_word' id='word_1_120' title='bbox 992 1808 1005 1831; x_wconf 87' lang='lat'>‘</span> <span class='ocrx_word' id='word_1_121' title='bbox 1036 1807 1206 1849; x_wconf 84' lang='lat' dir='ltr'><strong>Habuit</strong></span> 
     </span>
     <span class='ocr_line' id='line_1_25' title="bbox 319 1871 1206 1924; baseline -0.003 -10"><span class='ocrx_word' id='word_1_122' title='bbox 319 1873 664 1914; x_wconf 84' lang='lat' dir='ltr'><strong>obtrectatorem</strong></span> <span class='ocrx_word' id='word_1_123' title='bbox 722 1871 1015 1912; x_wconf 89' lang='lat' dir='ltr'><strong>Meneclidem</strong></span> <span class='ocrx_word' id='word_1_124' title='bbox 1077 1883 1206 1924; x_wconf 84' lang='lat' dir='ltr'><strong>quen-</strong></span> 
     </span>
     <span class='ocr_line' id='line_1_26' title="bbox 321 1934 1206 1988; baseline -0.002 -11"><span class='ocrx_word' id='word_1_125' title='bbox 321 1936 438 1986; x_wconf 86' lang='lat' dir='ltr'><strong>dam,</strong></span> <span class='ocrx_word' id='word_1_126' title='bbox 474 1935 664 1976; x_wconf 89' lang='lat' dir='ltr'><strong>indidem</strong></span> <span class='ocrx_word' id='word_1_127' title='bbox 699 1934 872 1988; x_wconf 85' lang='lat' dir='ltr'><strong>Thebis,</strong></span> <span class='ocrx_word' id='word_1_128' title='bbox 917 1935 1206 1976; x_wconf 86' lang='lat' dir='ltr'><strong>adversarium</strong></span> 
     </span>
     <span class='ocr_line' id='line_1_27' title="bbox 310 1997 1211 2050; baseline 0 -11"><span class='ocrx_word' id='word_1_129' title='bbox 310 1998 366 2040; x_wconf 45' lang='lat' dir='ltr'><strong>rin</strong></span> <span class='ocrx_word' id='word_1_130' title='bbox 388 1998 725 2039; x_wconf 88' lang='lat' dir='ltr'><strong>administranda</strong></span> <span class='ocrx_word' id='word_1_131' title='bbox 745 1997 999 2050; x_wconf 68' lang='lat' dir='ltr'><strong>republica!</strong></span> <span class='ocrx_word' id='word_1_132' title='bbox 1052 1999 1211 2039; x_wconf 87' lang='lat' dir='ltr'><strong>Pater-</strong></span> 
     </span>
     <span class='ocr_line' id='line_1_28' title="bbox 321 2061 1208 2103; baseline 0.001 -1"><span class='ocrx_word' id='word_1_133' title='bbox 321 2063 445 2103; x_wconf 88' lang='lat' dir='ltr'><strong>culus</strong></span> <span class='ocrx_word' id='word_1_134' title='bbox 463 2061 535 2103; x_wconf 87' lang='lat' dir='ltr'><strong>lib.</strong></span> <span class='ocrx_word' id='word_1_135' title='bbox 556 2074 609 2102; x_wconf 89' lang='lat'><strong>11.</strong></span> <span class='ocrx_word' id='word_1_136' title='bbox 630 2065 699 2103; x_wconf 82' lang='grc'><strong>43.</strong></span> <span class='ocrx_word' id='word_1_137' title='bbox 728 2061 970 2102; x_wconf 85' lang='lat' dir='ltr'><strong>istiusmodi</strong></span> <span class='ocrx_word' id='word_1_138' title='bbox 990 2061 1208 2103; x_wconf 87' lang='lat' dir='ltr'><strong>obtrecta-</strong></span> 
     </span>
     <span class='ocr_line' id='line_1_29' title="bbox 322 2124 1209 2167; baseline 0.001 -2"><span class='ocrx_word' id='word_1_139' title='bbox 322 2126 464 2166; x_wconf 85' lang='lat' dir='ltr'><strong>tiones</strong></span> <span class='ocrx_word' id='word_1_140' title='bbox 494 2130 622 2165; x_wconf 87' lang='lat' dir='ltr'><strong>vocat</strong></span> <span class='ocrx_word' id='word_1_141' title='bbox 658 2126 670 2148; x_wconf 89' lang='lat'>‘</span> <span class='ocrx_word' id='word_1_142' title='bbox 694 2124 853 2166; x_wconf 85' lang='lat' dir='ltr'><strong>Civiles</strong></span> <span class='ocrx_word' id='word_1_143' title='bbox 880 2124 1209 2167; x_wconf 67' lang='lat' dir='ltr'><strong>contentiones!</strong></span> 
     </span>
     <span class='ocr_line' id='line_1_30' title="bbox 322 2188 1210 2229; baseline 0.001 -2"><span class='ocrx_word' id='word_1_144' title='bbox 322 2189 524 2229; x_wconf 88' lang='lat' dir='ltr'><strong>Valerius</strong></span> <span class='ocrx_word' id='word_1_145' title='bbox 551 2188 624 2229; x_wconf 90' lang='lat' dir='ltr'><strong>lib.</strong></span> <span class='ocrx_word' id='word_1_146' title='bbox 644 2198 718 2228; x_wconf 86' lang='lat'><strong>111.</strong></span> <span class='ocrx_word' id='word_1_147' title='bbox 750 2191 790 2228; x_wconf 88' lang='grc'><strong>8.</strong></span> <span class='ocrx_word' id='word_1_148' title='bbox 823 2193 952 2228; x_wconf 89' lang='lat' dir='ltr'><strong>vocat</strong></span> <span class='ocrx_word' id='word_1_149' title='bbox 981 2189 993 2210; x_wconf 90' lang='lat'>‘</span> <span class='ocrx_word' id='word_1_150' title='bbox 1012 2188 1210 2228; x_wconf 82' lang='lat' dir='ltr'><strong>acerrimi</strong></span> 
     </span>
     <span class='ocr_line' id='line_1_31' title="bbox 322 2249 1210 2302; baseline -0.001 -11"><span class='ocrx_word' id='word_1_151' title='bbox 322 2251 455 2291; x_wconf 83' lang='lat' dir='ltr'><strong>studii</strong></span> <span class='ocrx_word' id='word_1_152' title='bbox 489 2250 532 2290; x_wconf 91' lang='lat' dir='ltr'><strong>in</strong></span> <span class='ocrx_word' id='word_1_153' title='bbox 563 2249 934 2290; x_wconf 80' lang='lat' dir='ltr'><strong>administratione</strong></span> <span class='ocrx_word' id='word_1_154' title='bbox 967 2250 1095 2302; x_wconf 88' lang='lat' dir='ltr'><strong>Reip.</strong></span> <span class='ocrx_word' id='word_1_155' title='bbox 1126 2250 1210 2290; x_wconf 91' lang='lat' dir='ltr'><strong>dis·</strong></span> 
     </span>
     <span class='ocr_line' id='line_1_32' title="bbox 323 2314 1210 2369; baseline 0 -14"><span class='ocrx_word' id='word_1_156' title='bbox 323 2314 465 2356; x_wconf 88' lang='lat' dir='ltr'><strong>sidia.’</strong></span> <span class='ocrx_word' id='word_1_157' title='bbox 518 2315 740 2369; x_wconf 72' lang='lat' dir='ltr'><strong>EJusmodi</strong></span> <span class='ocrx_word' id='word_1_158' title='bbox 776 2315 1119 2357; x_wconf 88' lang='lat' dir='ltr'><strong>obtrectationes</strong></span> <span class='ocrx_word' id='word_1_159' title='bbox 1151 2315 1210 2355; x_wconf 90' lang='lat' dir='ltr'><strong>ci-</strong></span> 
     </span>
     <span class='ocr_line' id='line_1_33' title="bbox 324 2377 1210 2435; baseline 0.003 -19"><span class='ocrx_word' id='word_1_160' title='bbox 324 2380 433 2420; x_wconf 88' lang='lat' dir='ltr'><strong>viles</strong></span> <span class='ocrx_word' id='word_1_161' title='bbox 467 2377 695 2435; x_wconf 86' lang='lat' dir='ltr'><strong>viguerunt</strong></span> <span class='ocrx_word' id='word_1_162' title='bbox 725 2378 841 2419; x_wconf 88' lang='lat' dir='ltr'><strong>inter</strong></span> <span class='ocrx_word' id='word_1_163' title='bbox 871 2379 925 2420; x_wconf 89' lang='lat' dir='ltr'><strong>P.</strong></span> <span class='ocrx_word' id='word_1_164' title='bbox 959 2377 1210 2421; x_wconf 85' lang='lat' dir='ltr'><strong>Africanum</strong></span> 
     </span>
     <span class='ocr_line' id='line_1_34' title="bbox 323 2441 1211 2498; baseline -0.005 -14"><span class='ocrx_word' id='word_1_165' title='bbox 323 2442 601 2495; x_wconf 88' lang='lat' dir='ltr'><strong>Superiorem</strong></span> <span class='ocrx_word' id='word_1_166' title='bbox 620 2446 666 2483; x_wconf 90' lang='lat' dir='ltr'><strong>et</strong></span> <span class='ocrx_word' id='word_1_167' title='bbox 682 2441 782 2483; x_wconf 87' lang='lat' dir='ltr'><strong>Tib.</strong></span> <span class='ocrx_word' id='word_1_168' title='bbox 802 2441 1064 2498; x_wconf 80' lang='lat' dir='ltr'><strong>Gracchum,</strong></span> <span class='ocrx_word' id='word_1_169' title='bbox 1081 2447 1132 2482; x_wconf 90' lang='lat' dir='ltr'><strong>ut</strong></span> <span class='ocrx_word' id='word_1_170' title='bbox 1149 2441 1211 2481; x_wconf 86' lang='lat' dir='ltr'><strong>vi-</strong></span> 
     </span>
     <span class='ocr_line' id='line_1_35' title="bbox 310 2504 1211 2559; baseline -0.004 -11"><span class='ocrx_word' id='word_1_171' title='bbox 310 2506 432 2559; x_wconf 81' lang='lat' dir='ltr'><strong>¹dere</strong></span> <span class='ocrx_word' id='word_1_172' title='bbox 450 2510 517 2547; x_wconf 89' lang='lat' dir='ltr'><strong>est</strong></span> <span class='ocrx_word' id='word_1_173' title='bbox 534 2517 589 2546; x_wconf 86' lang='lat' dir='ltr'><strong>ex</strong></span> <span class='ocrx_word' id='word_1_174' title='bbox 607 2504 664 2546; x_wconf 88' lang='lat' dir='ltr'><strong>A.</strong></span> <span class='ocrx_word' id='word_1_175' title='bbox 680 2504 815 2546; x_wconf 86' lang='lat' dir='ltr'><strong>Gellii</strong></span> <span class='ocrx_word' id='word_1_176' title='bbox 833 2504 912 2546; x_wconf 91' lang='lat' dir='ltr'><strong>lib.</strong></span> <span class='ocrx_word' id='word_1_177' title='bbox 933 2515 1020 2545; x_wconf 76' lang='lat' dir='ltr'><strong>xri.</strong></span> <span class='ocrx_word' id='word_1_178' title='bbox 1040 2508 1078 2546; x_wconf 87' lang='lat'><strong>8.</strong></span> <span class='ocrx_word' id='word_1_179' title='bbox 1110 2504 1211 2544; x_wconf 84' lang='lat' dir='ltr'><strong>Geb-</strong></span> 
     </span>
     <span class='ocr_line' id='line_1_36' title="bbox 325 2571 438 2612; baseline 0.009 -1"><span class='ocrx_word' id='word_1_180' title='bbox 325 2571 438 2612; x_wconf 82' lang='lat' dir='ltr'><strong>hard.</strong></span> 
     </span>
     <span class='ocr_line' id='line_1_37' title="bbox 309 2634 1211 2688; baseline -0.002 -11"><span class='ocrx_word' id='word_1_181' title='bbox 309 2643 323 2682; x_wconf 70' lang='lat' dir='ltr'><em>T</em></span> <span class='ocrx_word' id='word_1_182' title='bbox 384 2635 545 2682; x_wconf 83' lang='lat' dir='ltr'><strong>Quanto</strong></span> <span class='ocrx_word' id='word_1_183' title='bbox 562 2634 774 2677; x_wconf 79' lang='lat' dir='ltr'><strong>antistaret</strong></span> <span class='ocrx_word' id='word_1_184' title='bbox 799 2634 1016 2688; x_wconf 75' lang='lat' dir='ltr'><strong>eloquentia</strong></span> <span class='ocrx_word' id='word_1_185' title='bbox 1032 2634 1211 2675; x_wconf 76' lang='lat' dir='ltr'><strong>innocen-</strong></span> 
     </span>
     <span class='ocr_line' id='line_1_38' title="bbox 326 2692 1214 2753; baseline -0.002 -12"><span class='ocrx_word' id='word_1_186' title='bbox 326 2692 416 2753; x_wconf 71' lang='lat' dir='ltr'><strong>tiae]</strong></span> <span class='ocrx_word' id='word_1_187' title='bbox 458 2701 634 2744; x_wconf 85' lang='lat' dir='ltr'><strong>Quanto</strong></span> <span class='ocrx_word' id='word_1_188' title='bbox 671 2699 902 2749; x_wconf 86' lang='lat' dir='ltr'><strong>intervallo</strong></span> <span class='ocrx_word' id='word_1_189' title='bbox 939 2698 1214 2753; x_wconf 78' lang='lat' dir='ltr'><strong>praecederet</strong></span> 
     </span>
     <span class='ocr_line' id='line_1_39' title="bbox 328 2762 1212 2817; baseline 0 -13"><span class='ocrx_word' id='word_1_190' title='bbox 328 2776 380 2804; x_wconf 88' lang='lat' dir='ltr'><strong>ac</strong></span> <span class='ocrx_word' id='word_1_191' title='bbox 395 2767 621 2817; x_wconf 88' lang='lat' dir='ltr'><strong>superaret</strong></span> <span class='ocrx_word' id='word_1_192' title='bbox 647 2763 935 2803; x_wconf 88' lang='lat' dir='ltr'><strong>innocentiam</strong></span> <span class='ocrx_word' id='word_1_193' title='bbox 951 2762 1212 2816; x_wconf 86' lang='lat' dir='ltr'><strong>eloquentia.</strong></span> 
     </span>
     <span class='ocr_line' id='line_1_40' title="bbox 313 2825 1212 2879; baseline -0.002 -11"><span class='ocrx_word' id='word_1_194' title='bbox 313 2826 491 2878; x_wconf 25' lang='lat' dir='ltr'><strong>,Ennius</strong></span> <span class='ocrx_word' id='word_1_195' title='bbox 528 2826 778 2879; x_wconf 84' lang='lat' dir='ltr'><strong>Iphigenia:</strong></span> <span class='ocrx_word' id='word_1_196' title='bbox 819 2827 833 2849; x_wconf 92' lang='lat'>‘</span> <span class='ocrx_word' id='word_1_197' title='bbox 856 2826 1017 2871; x_wconf 88' lang='lat' dir='ltr'><strong>Plebes</strong></span> <span class='ocrx_word' id='word_1_198' title='bbox 1049 2825 1094 2866; x_wconf 89' lang='lat' dir='ltr'><strong>in</strong></span> <span class='ocrx_word' id='word_1_199' title='bbox 1129 2826 1212 2866; x_wconf 88' lang='lat' dir='ltr'><strong>hoc</strong></span> 
     </span>
     <span class='ocr_line' id='line_1_41' title="bbox 326 2889 1216 2944; baseline 0 -14"><span class='ocrx_word' id='word_1_200' title='bbox 326 2890 422 2941; x_wconf 84' lang='lat' dir='ltr'><strong>regi</strong></span> <span class='ocrx_word' id='word_1_201' title='bbox 441 2890 650 2942; x_wconf 85' lang='lat' dir='ltr'><strong>antistat;</strong></span> <span class='ocrx_word' id='word_1_202' title='bbox 680 2890 786 2931; x_wconf 87' lang='lat' dir='ltr'><strong>licet</strong></span> <span class='ocrx_word' id='word_1_203' title='bbox 805 2890 1066 2944; x_wconf 84' lang='lat' dir='ltr'><strong>Lacrumare</strong></span> <span class='ocrx_word' id='word_1_204' title='bbox 1081 2889 1216 2943; x_wconf 88' lang='lat' dir='ltr'><strong>plebi,</strong></span> 
     </span>
     <span class='ocr_line' id='line_1_42' title="bbox 316 2951 1212 3004; baseline 0.003 -13"><span class='ocrx_word' id='word_1_205' title='bbox 316 2952 424 3004; x_wconf 12' lang='lat' dir='ltr'><strong>,regi</strong></span> <span class='ocrx_word' id='word_1_206' title='bbox 454 2951 634 2994; x_wconf 88' lang='lat' dir='ltr'><strong>honeste</strong></span> <span class='ocrx_word' id='word_1_207' title='bbox 659 2964 745 2993; x_wconf 89' lang='lat' dir='ltr'><strong>non</strong></span> <span class='ocrx_word' id='word_1_208' title='bbox 773 2952 907 2994; x_wconf 90' lang='lat' dir='ltr'><strong>licet.’</strong></span> <span class='ocrx_word' id='word_1_209' title='bbox 962 2953 1106 2995; x_wconf 85' lang='lat' dir='ltr'><strong>Tacit.</strong></span> <span class='ocrx_word' id='word_1_210' title='bbox 1124 2952 1212 2998; x_wconf 82' lang='lat' dir='ltr'><strong>An-</strong></span> 
     </span>
     <span class='ocr_line' id='line_1_43' title="bbox 329 3015 1214 3070; baseline 0.001 -13"><span class='ocrx_word' id='word_1_211' title='bbox 329 3017 414 3058; x_wconf 85' lang='lat' dir='ltr'><strong>nal.</strong></span> <span class='ocrx_word' id='word_1_212' title='bbox 435 3027 489 3059; x_wconf 90' lang='lat'><strong>11.</strong></span> <span class='ocrx_word' id='word_1_213' title='bbox 507 3020 576 3057; x_wconf 77' lang='lat'><strong>33.</strong></span> <span class='ocrx_word' id='word_1_214' title='bbox 595 3015 726 3070; x_wconf 88' lang='lat' dir='ltr'><strong>Apul.</strong></span> <span class='ocrx_word' id='word_1_215' title='bbox 737 3017 1035 3069; x_wconf 6' lang='lat' dir='ltr'><strong>,Metamorplu</strong></span> <span class='ocrx_word' id='word_1_216' title='bbox 1054 3016 1127 3058; x_wconf 89' lang='lat' dir='ltr'><strong>lib.</strong></span> <span class='ocrx_word' id='word_1_217' title='bbox 1147 3027 1214 3062; x_wconf 74' lang='lat' dir='ltr'><strong>tv.</strong></span> 
     </span>
     <span class='ocr_line' id='line_1_44' title="bbox 319 3079 1214 3136; baseline 0 -14"><span class='ocrx_word' id='word_1_218' title='bbox 319 3080 344 3136; x_wconf 85' lang='lat'><strong>.‘</strong></span> <span class='ocrx_word' id='word_1_219' title='bbox 364 3082 485 3122; x_wconf 85' lang='lat' dir='ltr'><strong>Tunc</strong></span> <span class='ocrx_word' id='word_1_220' title='bbox 521 3080 637 3121; x_wconf 87' lang='lat' dir='ltr'><strong>inter</strong></span> <span class='ocrx_word' id='word_1_221' title='bbox 673 3091 746 3120; x_wconf 88' lang='lat' dir='ltr'><strong>eos</strong></span> <span class='ocrx_word' id='word_1_222' title='bbox 782 3091 907 3131; x_wconf 86' lang='lat' dir='ltr'><strong>unus,</strong></span> <span class='ocrx_word' id='word_1_223' title='bbox 951 3080 1025 3133; x_wconf 86' lang='lat' dir='ltr'><strong>qui</strong></span> <span class='ocrx_word' id='word_1_224' title='bbox 1061 3079 1214 3122; x_wconf 85' lang='lat' dir='ltr'><strong>robore</strong></span> 
     </span>
     <span class='ocr_line' id='line_1_45' title="bbox 318 3142 1212 3194; baseline -0.002 -8"><span class='ocrx_word' id='word_1_225' title='bbox 318 3144 503 3194; x_wconf 52' lang='lat' dir='ltr'><strong>,caeteris</strong></span> <span class='ocrx_word' id='word_1_226' title='bbox 536 3142 804 3194; x_wconf 63' lang='lat' dir='ltr'><strong>antistabat!</strong></span> <span class='ocrx_word' id='word_1_227' title='bbox 860 3142 984 3187; x_wconf 86' lang='lat' dir='ltr'><strong>Idem</strong></span> <span class='ocrx_word' id='word_1_228' title='bbox 1016 3143 1088 3184; x_wconf 88' lang='lat' dir='ltr'><strong>lib.</strong></span> <span class='ocrx_word' id='word_1_229' title='bbox 1107 3154 1212 3186; x_wconf 83' lang='lat' dir='ltr'><strong>vm.</strong></span> 
     </span>
     <span class='ocr_line' id='line_1_46' title="bbox 330 3208 1214 3264; baseline 0.001 -13"><span class='ocrx_word' id='word_1_230' title='bbox 330 3209 343 3231; x_wconf 92' lang='lat'>‘</span> <span class='ocrx_word' id='word_1_231' title='bbox 365 3211 620 3264; x_wconf 81' lang='lat' dir='ltr'><strong>Quanquam</strong></span> <span class='ocrx_word' id='word_1_232' title='bbox 649 3208 818 3251; x_wconf 88' lang='lat' dir='ltr'><strong>caeteris</strong></span> <span class='ocrx_word' id='word_1_233' title='bbox 846 3209 1038 3250; x_wconf 87' lang='lat' dir='ltr'><strong>omnibus</strong></span> <span class='ocrx_word' id='word_1_234' title='bbox 1070 3209 1106 3250; x_wconf 92' lang='lat' dir='ltr'><strong>is</strong></span> <span class='ocrx_word' id='word_1_235' title='bbox 1140 3221 1214 3262; x_wconf 83' lang='lat' dir='ltr'><strong>ge-</strong></span> 
     </span>
     <span class='ocr_line' id='line_1_47' title="bbox 319 3270 1214 3318; baseline -0.002 -4"><span class='ocrx_word' id='word_1_236' title='bbox 319 3285 438 3318; x_wconf 69' lang='lat' dir='ltr'><strong>,nere</strong></span> <span class='ocrx_word' id='word_1_237' title='bbox 454 3274 555 3313; x_wconf 89' lang='lat' dir='ltr'><strong>viris</strong></span> <span class='ocrx_word' id='word_1_238' title='bbox 570 3270 833 3314; x_wconf 85' lang='lat' dir='ltr'><strong>antistaret.’</strong></span> <span class='ocrx_word' id='word_1_239' title='bbox 861 3273 968 3313; x_wconf 86' lang='lat' dir='ltr'><strong>Cum</strong></span> <span class='ocrx_word' id='word_1_240' title='bbox 985 3271 1214 3313; x_wconf 88' lang='lat' dir='ltr'><strong>accusandi</strong></span> 
     </span>
     <span class='ocr_line' id='line_1_48' title="bbox 318 3335 1215 3389; baseline 0 -13"><span class='ocrx_word' id='word_1_241' title='bbox 318 3349 458 3377; x_wconf 72' lang='lat' dir='ltr'><strong>casu:</strong></span> <span class='ocrx_word' id='word_1_242' title='bbox 496 3338 552 3379; x_wconf 80' lang='lat' dir='ltr'><strong>Q.</strong></span> <span class='ocrx_word' id='word_1_243' title='bbox 574 3337 782 3378; x_wconf 86' lang='lat' dir='ltr'><strong>Metellus</strong></span> <span class='ocrx_word' id='word_1_244' title='bbox 809 3335 1066 3377; x_wconf 90' lang='lat' dir='ltr'><strong>Numidicus</strong></span> <span class='ocrx_word' id='word_1_245' title='bbox 1099 3335 1215 3389; x_wconf 86' lang='lat' dir='ltr'><strong>apud</strong></span> 
     </span>
     <span class='ocr_line' id='line_1_49' title="bbox 334 3399 1215 3453; baseline -0.002 -11"><span class='ocrx_word' id='word_1_246' title='bbox 334 3399 524 3442; x_wconf 88' lang='lat' dir='ltr'><strong>Gellium</strong></span> <span class='ocrx_word' id='word_1_247' title='bbox 541 3414 552 3440; x_wconf 71' lang='grc' dir='ltr'><strong><em>ι</em></strong></span> <span class='ocrx_word' id='word_1_248' title='bbox 583 3401 595 3423; x_wconf 88' lang='lat'>‘</span> <span class='ocrx_word' id='word_1_249' title='bbox 613 3401 711 3442; x_wconf 85' lang='lat' dir='ltr'><strong>Qua</strong></span> <span class='ocrx_word' id='word_1_250' title='bbox 729 3401 772 3440; x_wconf 90' lang='lat' dir='ltr'><strong>in</strong></span> <span class='ocrx_word' id='word_1_251' title='bbox 793 3412 840 3441; x_wconf 92' lang='lat' dir='ltr'><strong>re</strong></span> <span class='ocrx_word' id='word_1_252' title='bbox 854 3405 1015 3453; x_wconf 89' lang='lat' dir='ltr'><strong>quanto</strong></span> <span class='ocrx_word' id='word_1_253' title='bbox 1030 3399 1215 3440; x_wconf 83' lang='lat' dir='ltr'><strong>universi</strong></span> 
     </span>
     <span class='ocr_line' id='line_1_50' title="bbox 324 3462 1216 3518; baseline -0.004 -11"><span class='ocrx_word' id='word_1_254' title='bbox 324 3475 412 3518; x_wconf 26' lang='lat' dir='ltr'><strong>*me-</strong></span> <span class='ocrx_word' id='word_1_255' title='bbox 422 3475 553 3503; x_wconf 89' lang='lat' dir='ltr'><strong>unum</strong></span> <span class='ocrx_word' id='word_1_256' title='bbox 571 3462 801 3514; x_wconf 84' lang='lat' dir='ltr'><strong>antistatis,</strong></span> <span class='ocrx_word' id='word_1_257' title='bbox 819 3467 940 3505; x_wconf 84' lang='lat' dir='ltr'><strong>tanto</strong></span> <span class='ocrx_word' id='word_1_258' title='bbox 954 3462 1076 3504; x_wconf 83' lang='lat' dir='ltr'><strong>vobis</strong></span> <span class='ocrx_word' id='word_1_259' title='bbox 1088 3474 1216 3517; x_wconf 83' lang='lat' dir='ltr'><strong>quam</strong></span> 
     </span>
     <span class='ocr_line' id='line_1_51' title="bbox 334 3524 1215 3579; baseline 0 -11"><span class='ocrx_word' id='word_1_260' title='bbox 334 3526 453 3579; x_wconf 89' lang='lat' dir='ltr'><strong>mihi,</strong></span> <span class='ocrx_word' id='word_1_261' title='bbox 471 3525 678 3579; x_wconf 85' lang='lat' dir='ltr'><strong>majorem</strong></span> <span class='ocrx_word' id='word_1_262' title='bbox 696 3524 893 3578; x_wconf 88' lang='lat' dir='ltr'><strong>injuriam</strong></span> <span class='ocrx_word' id='word_1_263' title='bbox 914 3531 1045 3579; x_wconf 85' lang='lat' dir='ltr'><strong>atque</strong></span> <span class='ocrx_word' id='word_1_264' title='bbox 1065 3531 1215 3569; x_wconf 89' lang='lat' dir='ltr'><strong>contu-</strong></span> 
     </span>
    </p>
   </div>
   <div class='ocr_carea' id='block_1_3' title="bbox 694 285 1752 332">
    <p class='ocr_par' dir='ltr' id='par_1_4' title="bbox 694 285 1752 332">
     <span class='ocr_line' id='line_1_52' title="bbox 694 285 1752 332; baseline 0 -1"><span class='ocrx_word' id='word_1_265' title='bbox 694 285 872 331; x_wconf 76' lang='lat' dir='ltr'>NOTAE</span> <span class='ocrx_word' id='word_1_266' title='bbox 914 292 1245 331; x_wconf 82' lang='lat' dir='ltr'><strong>VARIORUM</strong></span> <span class='ocrx_word' id='word_1_267' title='bbox 1289 291 1354 331; x_wconf 80' lang='lat' dir='ltr'><strong>IN</strong></span> <span class='ocrx_word' id='word_1_268' title='bbox 1396 293 1448 332; x_wconf 81' lang='lat' dir='ltr'><strong>G.</strong></span> <span class='ocrx_word' id='word_1_269' title='bbox 1489 293 1752 331; x_wconf 72' lang='lat' dir='ltr'><strong>N‘EPOTIS</strong></span> 
     </span>
    </p>
   </div>
   <div class='ocr_carea' id='block_1_4' title="bbox 1255 409 2158 3562">
    <p class='ocr_par' dir='ltr' id='par_1_5' title="bbox 1255 409 2138 580">
     <span class='ocr_line' id='line_1_53' title="bbox 1257 409 2134 462; baseline -0.001 -11"><span class='ocrx_word' id='word_1_270' title='bbox 1257 409 1426 451; x_wconf 86' lang='lat' dir='ltr'><strong>meliam</strong></span> <span class='ocrx_word' id='word_1_271' title='bbox 1439 409 1584 452; x_wconf 50' lang='lat' dir='ltr'><strong>facit!⁴</strong></span> <span class='ocrx_word' id='word_1_272' title='bbox 1603 409 1730 451; x_wconf 74' lang='lat' dir='ltr'><strong>Gebh‘.</strong></span> <span class='ocrx_word' id='word_1_273' title='bbox 1782 409 1981 451; x_wconf 86' lang='lat' dir='ltr'><strong>Sidonius</strong></span> <span class='ocrx_word' id='word_1_274' title='bbox 1994 409 2134 462; x_wconf 82' lang='lat' dir='ltr'><strong>Epist.</strong></span> 
     </span>
     <span class='ocr_line' id='line_1_54' title="bbox 1256 473 2138 528; baseline 0 -14"><span class='ocrx_word' id='word_1_275' title='bbox 1256 473 1332 516; x_wconf 90' lang='lat' dir='ltr'><strong>lib.</strong></span> <span class='ocrx_word' id='word_1_276' title='bbox 1353 486 1435 516; x_wconf 86' lang='lat' dir='ltr'><strong>vn.</strong></span> <span class='ocrx_word' id='word_1_277' title='bbox 1466 478 1532 516; x_wconf 79' lang='lat'><strong>14.</strong></span> <span class='ocrx_word' id='word_1_278' title='bbox 1569 474 1716 528; x_wconf 89' lang='lat' dir='ltr'><strong>ibique</strong></span> <span class='ocrx_word' id='word_1_279' title='bbox 1753 474 1887 515; x_wconf 84' lang='lat' dir='ltr'><strong>multa</strong></span> <span class='ocrx_word' id='word_1_280' title='bbox 1919 475 2138 526; x_wconf 84' lang='lat' dir='ltr'><strong>congessi·</strong></span> 
     </span>
     <span class='ocr_line' id='line_1_55' title="bbox 1255 538 1557 580; baseline 0 -1"><span class='ocrx_word' id='word_1_281' title='bbox 1255 549 1365 580; x_wconf 79' lang='lat' dir='ltr'><strong>mus.</strong></span> <span class='ocrx_word' id='word_1_282' title='bbox 1393 538 1557 579; x_wconf 79' lang='lat' dir='ltr'><strong>Savaro.</strong></span> 
     </span>
    </p>

    <p class='ocr_par' dir='ltr' id='par_1_6' title="bbox 1256 598 2142 1084">
     <span class='ocr_line' id='line_1_56' title="bbox 1315 598 2139 654; baseline -0.002 -12"><span class='ocrx_word' id='word_1_283' title='bbox 1315 602 1546 654; x_wconf 78' lang='lat' dir='ltr'><strong>Quanquam</strong></span> <span class='ocrx_word' id='word_1_284' title='bbox 1558 601 1661 642; x_wconf 82' lang='lat' dir='ltr'><strong>enim</strong></span> <span class='ocrx_word' id='word_1_285' title='bbox 1674 601 1788 653; x_wconf 87' lang='lat' dir='ltr'><strong>adeo]</strong></span> <span class='ocrx_word' id='word_1_286' title='bbox 1817 601 1870 641; x_wconf 91' lang='lat' dir='ltr'><strong>In</strong></span> <span class='ocrx_word' id='word_1_287' title='bbox 1892 598 2139 653; x_wconf 87' lang='lat' dir='ltr'><strong>Excerptis,</strong></span> 
     </span>
     <span class='ocr_line' id='line_1_57' title="bbox 1256 664 2139 716; baseline 0 -13"><span class='ocrx_word' id='word_1_288' title='bbox 1256 675 1344 703; x_wconf 83' lang='lat' dir='ltr'><strong>cum</strong></span> <span class='ocrx_word' id='word_1_289' title='bbox 1360 677 1448 704; x_wconf 85' lang='lat' dir='ltr'><strong>cum</strong></span> <span class='ocrx_word' id='word_1_290' title='bbox 1464 664 1568 705; x_wconf 82' lang='lat' dir='ltr'><strong>enim</strong></span> <span class='ocrx_word' id='word_1_291' title='bbox 1584 666 1679 705; x_wconf 82' lang='lat' dir='ltr'><strong>adeo</strong></span> <span class='ocrx_word' id='word_1_292' title='bbox 1691 678 1708 713; x_wconf 91' lang='lat'><strong>,·</strong></span> <span class='ocrx_word' id='word_1_293' title='bbox 1735 669 1782 704; x_wconf 89' lang='lat' dir='ltr'><strong>et</strong></span> <span class='ocrx_word' id='word_1_294' title='bbox 1809 664 1852 704; x_wconf 91' lang='lat' dir='ltr'><strong>in</strong></span> <span class='ocrx_word' id='word_1_295' title='bbox 1883 665 2038 716; x_wconf 87' lang='lat' dir='ltr'><strong>glossa,</strong></span> <span class='ocrx_word' id='word_1_296' title='bbox 2059 675 2139 715; x_wconf 90' lang='lat' dir='ltr'><strong>pro</strong></span> 
     </span>
     <span class='ocr_line' id='line_1_58' title="bbox 1259 726 2138 779; baseline 0 -13"><span class='ocrx_word' id='word_1_297' title='bbox 1259 739 1492 779; x_wconf 77' lang='lat' dir='ltr'><strong>quanquam.</strong></span> <span class='ocrx_word' id='word_1_298' title='bbox 1545 727 1618 768; x_wconf 90' lang='lat' dir='ltr'><strong>Sic</strong></span> <span class='ocrx_word' id='word_1_299' title='bbox 1649 728 1750 768; x_wconf 83' lang='lat' dir='ltr'><strong>unde</strong></span> <span class='ocrx_word' id='word_1_300' title='bbox 1785 729 1886 768; x_wconf 80' lang='lat' dir='ltr'><strong>unde</strong></span> <span class='ocrx_word' id='word_1_301' title='bbox 1916 726 2138 775; x_wconf 87' lang='lat' dir='ltr'><strong>dicebant,</strong></span> 
     </span>
     <span class='ocr_line' id='line_1_59' title="bbox 1258 788 2140 832; baseline -0.001 -3"><span class='ocrx_word' id='word_1_302' title='bbox 1258 789 1398 831; x_wconf 77' lang='grc' dir='ltr'><strong><em>ὁπόθεν</em></strong></span> <span class='ocrx_word' id='word_1_303' title='bbox 1415 789 1494 832; x_wconf 72' lang='grc' dir='ltr'><strong><em>οὖν.</em></strong></span> <span class='ocrx_word' id='word_1_304' title='bbox 1549 791 1726 832; x_wconf 87' lang='lat' dir='ltr'><strong>Terent.</strong></span> <span class='ocrx_word' id='word_1_305' title='bbox 1745 791 1881 832; x_wconf 82' lang='lat' dir='ltr'><strong>Andr.</strong></span> <span class='ocrx_word' id='word_1_306' title='bbox 1894 802 1960 831; x_wconf 81' lang='grc' dir='ltr'><strong>ιν.</strong></span> <span class='ocrx_word' id='word_1_307' title='bbox 1981 794 2019 830; x_wconf 84' lang='grc'><strong>2.</strong></span> <span class='ocrx_word' id='word_1_308' title='bbox 2035 790 2046 811; x_wconf 88' lang='lat'>‘</span> <span class='ocrx_word' id='word_1_309' title='bbox 2067 788 2140 828; x_wconf 90' lang='lat' dir='ltr'><strong>ubi</strong></span> 
     </span>
     <span class='ocr_line' id='line_1_60' title="bbox 1258 851 2142 905; baseline -0.001 -12"><span class='ocrx_word' id='word_1_310' title='bbox 1258 853 1334 893; x_wconf 93' lang='lat' dir='ltr'><strong>ubi</strong></span> <span class='ocrx_word' id='word_1_311' title='bbox 1370 852 1484 904; x_wconf 86' lang='lat' dir='ltr'><strong>erit,’</strong></span> <span class='ocrx_word' id='word_1_312' title='bbox 1511 854 1897 905; x_wconf 78' lang='lat' dir='ltr'><strong>quemadmodum,</strong></span> <span class='ocrx_word' id='word_1_313' title='bbox 1946 853 1959 875; x_wconf 88' lang='lat'>‘</span> <span class='ocrx_word' id='word_1_314' title='bbox 1979 855 2028 893; x_wconf 90' lang='lat' dir='ltr'><strong>ut</strong></span> <span class='ocrx_word' id='word_1_315' title='bbox 2062 851 2142 900; x_wconf 87' lang='lat' dir='ltr'><strong>nt,&#39;</strong></span> 
     </span>
     <span class='ocr_line' id='line_1_61' title="bbox 1257 914 2142 970; baseline 0 -14"><span class='ocrx_word' id='word_1_316' title='bbox 1257 917 1270 940; x_wconf 89' lang='lat'>‘</span> <span class='ocrx_word' id='word_1_317' title='bbox 1292 928 1377 970; x_wconf 90' lang='lat' dir='ltr'><strong>qua</strong></span> <span class='ocrx_word' id='word_1_318' title='bbox 1407 914 1524 969; x_wconf 88' lang='lat' dir='ltr'><strong>qua,’</strong></span> <span class='ocrx_word' id='word_1_319' title='bbox 1557 923 1604 956; x_wconf 89' lang='lat' dir='ltr'><strong>et</strong></span> <span class='ocrx_word' id='word_1_320' title='bbox 1634 915 1798 956; x_wconf 83' lang='lat' dir='ltr'><strong>similia.</strong></span> <span class='ocrx_word' id='word_1_321' title='bbox 1851 916 1966 957; x_wconf 90' lang='lat' dir='ltr'><strong>Vide</strong></span> <span class='ocrx_word' id='word_1_322' title='bbox 1993 916 2142 956; x_wconf 88' lang='lat' dir='ltr'><strong>Dona-</strong></span> 
     </span>
     <span class='ocr_line' id='line_1_62' title="bbox 1261 978 2141 1032; baseline -0.002 -12"><span class='ocrx_word' id='word_1_323' title='bbox 1261 985 1366 1021; x_wconf 89' lang='lat' dir='ltr'><strong>tum.</strong></span> <span class='ocrx_word' id='word_1_324' title='bbox 1410 979 1612 1021; x_wconf 76' lang='lat' dir='ltr'><strong>Keuchen.</strong></span> <span class='ocrx_word' id='word_1_325' title='bbox 1667 978 1853 1020; x_wconf 83' lang='lat' dir='ltr'><strong>Videtur</strong></span> <span class='ocrx_word' id='word_1_326' title='bbox 1887 978 2048 1032; x_wconf 88' lang='lat' dir='ltr'><strong>aliquid</strong></span> <span class='ocrx_word' id='word_1_327' title='bbox 2081 979 2141 1018; x_wconf 60' lang='lat' dir='ltr'><strong>la»</strong></span> 
     </span>
     <span class='ocr_line' id='line_1_63' title="bbox 1261 1048 1372 1084; baseline -0.009 0"><span class='ocrx_word' id='word_1_328' title='bbox 1261 1048 1372 1084; x_wconf 91' lang='lat' dir='ltr'><strong>tere.</strong></span> 
     </span>
    </p>

    <p class='ocr_par' dir='ltr' id='par_1_7' title="bbox 1262 1102 2154 1910">
     <span class='ocr_line' id='line_1_64' title="bbox 1317 1102 2142 1155; baseline -0.004 -9"><span class='ocrx_word' id='word_1_329' title='bbox 1317 1106 1550 1148; x_wconf 78' lang='lat' dir='ltr'><strong>Excellebat</strong></span> <span class='ocrx_word' id='word_1_330' title='bbox 1577 1105 1779 1147; x_wconf 76' lang='lat' dir='ltr'><strong>Aristides</strong></span> <span class='ocrx_word' id='word_1_331' title='bbox 1805 1102 2060 1155; x_wconf 74' lang='lat' dir='ltr'><strong>abstinentia]</strong></span> <span class='ocrx_word' id='word_1_332' title='bbox 2089 1103 2142 1144; x_wconf 88' lang='lat' dir='ltr'><strong>Id</strong></span> 
     </span>
     <span class='ocr_line' id='line_1_65' title="bbox 1263 1166 2142 1222; baseline -0.005 -12"><span class='ocrx_word' id='word_1_333' title='bbox 1263 1174 1346 1219; x_wconf 87' lang='lat' dir='ltr'><strong>est,</strong></span> <span class='ocrx_word' id='word_1_334' title='bbox 1358 1169 1624 1220; x_wconf 77' lang='lat' dir='ltr'><strong>integritate,</strong></span> <span class='ocrx_word' id='word_1_335' title='bbox 1641 1180 1775 1222; x_wconf 87' lang='lat' dir='ltr'><strong>eaque</strong></span> <span class='ocrx_word' id='word_1_336' title='bbox 1790 1167 1969 1218; x_wconf 87' lang='lat' dir='ltr'><strong>virtute,</strong></span> <span class='ocrx_word' id='word_1_337' title='bbox 1983 1179 2080 1220; x_wconf 80' lang='lat' dir='ltr'><strong>quae</strong></span> <span class='ocrx_word' id='word_1_338' title='bbox 2098 1166 2142 1206; x_wconf 87' lang='lat' dir='ltr'><strong>in</strong></span> 
     </span>
     <span class='ocr_line' id='line_1_66' title="bbox 1263 1230 2144 1284; baseline -0.001 -12"><span class='ocrx_word' id='word_1_339' title='bbox 1263 1244 1315 1272; x_wconf 88' lang='lat' dir='ltr'><strong>eo</strong></span> <span class='ocrx_word' id='word_1_340' title='bbox 1335 1233 1548 1284; x_wconf 83' lang='lat' dir='ltr'><strong>consistit,</strong></span> <span class='ocrx_word' id='word_1_341' title='bbox 1573 1238 1624 1273; x_wconf 92' lang='lat' dir='ltr'><strong>ut</strong></span> <span class='ocrx_word' id='word_1_342' title='bbox 1641 1233 1747 1272; x_wconf 90' lang='lat' dir='ltr'><strong>nulli</strong></span> <span class='ocrx_word' id='word_1_343' title='bbox 1765 1230 1843 1271; x_wconf 90' lang='lat' dir='ltr'><strong>fiat</strong></span> <span class='ocrx_word' id='word_1_344' title='bbox 1861 1231 2034 1284; x_wconf 84' lang='lat' dir='ltr'><strong>injuria,</strong></span> <span class='ocrx_word' id='word_1_345' title='bbox 2052 1231 2144 1271; x_wconf 88' lang='lat' dir='ltr'><strong>nul-</strong></span> 
     </span>
     <span class='ocr_line' id='line_1_67' title="bbox 1262 1296 2144 1350; baseline -0.001 -14"><span class='ocrx_word' id='word_1_346' title='bbox 1262 1297 1379 1350; x_wconf 90' lang='lat' dir='ltr'><strong>lique</strong></span> <span class='ocrx_word' id='word_1_347' title='bbox 1391 1303 1554 1338; x_wconf 72' lang='lat' dir='ltr'><strong>res&#39;sua</strong></span> <span class='ocrx_word' id='word_1_348' title='bbox 1569 1297 1807 1337; x_wconf 87' lang='lat' dir='ltr'><strong>auferatur.</strong></span> <span class='ocrx_word' id='word_1_349' title='bbox 1825 1296 2006 1337; x_wconf 83' lang='lat' dir='ltr'><strong>Lambin.</strong></span> <span class='ocrx_word' id='word_1_350' title='bbox 2045 1297 2144 1338; x_wconf 83' lang='lat' dir='ltr'><strong>Quo</strong></span> 
     </span>
     <span class='ocr_line' id='line_1_68' title="bbox 1264 1360 2145 1412; baseline -0.003 -10"><span class='ocrx_word' id='word_1_351' title='bbox 1264 1362 1395 1402; x_wconf 83' lang='lat' dir='ltr'><strong>etiam</strong></span> <span class='ocrx_word' id='word_1_352' title='bbox 1432 1361 1601 1401; x_wconf 89' lang='lat' dir='ltr'><strong>nomine</strong></span> <span class='ocrx_word' id='word_1_353' title='bbox 1636 1361 1756 1401; x_wconf 90' lang='lat' dir='ltr'><strong>illum</strong></span> <span class='ocrx_word' id='word_1_354' title='bbox 1802 1360 2014 1412; x_wconf 85' lang='lat' dir='ltr'><strong>praedicat</strong></span> <span class='ocrx_word' id='word_1_355' title='bbox 2047 1360 2145 1400; x_wconf 85' lang='lat' dir='ltr'><strong>Val.</strong></span> 
     </span>
     <span class='ocr_line' id='line_1_69' title="bbox 1264 1421 2145 1475; baseline -0.003 -10"><span class='ocrx_word' id='word_1_356' title='bbox 1264 1424 1501 1475; x_wconf 86' lang='lat' dir='ltr'><strong>Maximus,</strong></span> <span class='ocrx_word' id='word_1_357' title='bbox 1534 1424 1590 1464; x_wconf 87' lang='lat' dir='ltr'><strong>de</strong></span> <span class='ocrx_word' id='word_1_358' title='bbox 1621 1423 1884 1464; x_wconf 88' lang='lat' dir='ltr'><strong>abstinentia</strong></span> <span class='ocrx_word' id='word_1_359' title='bbox 1914 1423 2048 1463; x_wconf 87' lang='lat' dir='ltr'><strong>verba</strong></span> <span class='ocrx_word' id='word_1_360' title='bbox 2081 1421 2145 1462; x_wconf 86' lang='lat' dir='ltr'><strong>fa-</strong></span> 
     </span>
     <span class='ocr_line' id='line_1_70' title="bbox 1265 1482 2146 1539; baseline -0.001 -11"><span class='ocrx_word' id='word_1_361' title='bbox 1265 1487 1395 1538; x_wconf 86' lang='lat' dir='ltr'><strong>ciens,</strong></span> <span class='ocrx_word' id='word_1_362' title='bbox 1425 1487 1504 1528; x_wconf 87' lang='lat' dir='ltr'><strong>lib.</strong></span> <span class='ocrx_word' id='word_1_363' title='bbox 1524 1498 1569 1529; x_wconf 86' lang='lat' dir='ltr'><strong>v.</strong></span> <span class='ocrx_word' id='word_1_364' title='bbox 1602 1490 1644 1527; x_wconf 87' lang='grc'><strong>4.</strong></span> <span class='ocrx_word' id='word_1_365' title='bbox 1700 1485 1767 1527; x_wconf 89' lang='lat' dir='ltr'><strong>Ac</strong></span> <span class='ocrx_word' id='word_1_366' title='bbox 1800 1486 1855 1526; x_wconf 88' lang='lat' dir='ltr'><strong>de</strong></span> <span class='ocrx_word' id='word_1_367' title='bbox 1885 1482 2146 1539; x_wconf 81' lang='lat' dir='ltr'><strong>paupertate</strong></span> 
     </span>
     <span class='ocr_line' id='line_1_71' title="bbox 1266 1547 2147 1604; baseline -0.003 -13"><span class='ocrx_word' id='word_1_368' title='bbox 1266 1551 1362 1604; x_wconf 87' lang='lat' dir='ltr'><strong>ejus</strong></span> <span class='ocrx_word' id='word_1_369' title='bbox 1393 1552 1545 1603; x_wconf 88' lang='lat' dir='ltr'><strong>Nepos</strong></span> <span class='ocrx_word' id='word_1_370' title='bbox 1577 1549 1700 1591; x_wconf 85' lang='lat' dir='ltr'><strong>infra.</strong></span> <span class='ocrx_word' id='word_1_371' title='bbox 1727 1549 1881 1590; x_wconf 79' lang='lat' dir='ltr'><strong>Schott.</strong></span> <span class='ocrx_word' id='word_1_372' title='bbox 1936 1547 2147 1601; x_wconf 86' lang='lat' dir='ltr'><strong>Apuleius</strong></span> 
     </span>
     <span class='ocr_line' id='line_1_72' title="bbox 1264 1613 2149 1667; baseline -0.002 -13"><span class='ocrx_word' id='word_1_373' title='bbox 1264 1614 1309 1654; x_wconf 91' lang='lat' dir='ltr'><strong>in</strong></span> <span class='ocrx_word' id='word_1_374' title='bbox 1330 1613 1566 1667; x_wconf 85' lang='lat' dir='ltr'><strong>Apologia:</strong></span> <span class='ocrx_word' id='word_1_375' title='bbox 1594 1615 1607 1636; x_wconf 89' lang='lat'>‘</span> <span class='ocrx_word' id='word_1_376' title='bbox 1630 1613 1791 1654; x_wconf 78' lang='lat' dir='ltr'><strong>Eadem</strong></span> <span class='ocrx_word' id='word_1_377' title='bbox 1822 1617 1890 1653; x_wconf 91' lang='lat' dir='ltr'><strong>est</strong></span> <span class='ocrx_word' id='word_1_378' title='bbox 1914 1617 2149 1665; x_wconf 79' lang='lat' dir='ltr'><strong>paupertas</strong></span> 
     </span>
     <span class='ocr_line' id='line_1_73' title="bbox 1264 1674 2148 1729; baseline 0 -13"><span class='ocrx_word' id='word_1_379' title='bbox 1264 1676 1384 1729; x_wconf 85' lang='lat' dir='ltr'><strong>apud</strong></span> <span class='ocrx_word' id='word_1_380' title='bbox 1418 1675 1599 1717; x_wconf 65' lang='lat' dir='ltr'><strong>Graecos</strong></span> <span class='ocrx_word' id='word_1_381' title='bbox 1633 1676 1678 1717; x_wconf 87' lang='lat' dir='ltr'><strong>in</strong></span> <span class='ocrx_word' id='word_1_382' title='bbox 1713 1674 1912 1717; x_wconf 84' lang='lat' dir='ltr'><strong>Aristide</strong></span> <span class='ocrx_word' id='word_1_383' title='bbox 1937 1676 2075 1728; x_wconf 86' lang='lat' dir='ltr'><strong>justa,</strong></span> <span class='ocrx_word' id='word_1_384' title='bbox 2103 1676 2148 1716; x_wconf 85' lang='lat' dir='ltr'><strong>in</strong></span> 
     </span>
     <span class='ocr_line' id='line_1_74' title="bbox 1266 1735 2151 1792; baseline -0.002 -11"><span class='ocrx_word' id='word_1_385' title='bbox 1266 1740 1489 1782; x_wconf 88' lang='lat' dir='ltr'><strong>Phocione</strong></span> <span class='ocrx_word' id='word_1_386' title='bbox 1523 1740 1724 1792; x_wconf 84' lang='lat' dir='ltr'><strong>benigna,</strong></span> <span class='ocrx_word' id='word_1_387' title='bbox 1767 1739 1814 1779; x_wconf 90' lang='lat' dir='ltr'><strong>in</strong></span> <span class='ocrx_word' id='word_1_388' title='bbox 1850 1735 2151 1792; x_wconf 73' lang='lat' dir='ltr'><strong>Epaminonda</strong></span> 
     </span>
     <span class='ocr_line' id='line_1_75' title="bbox 1265 1803 2154 1856; baseline -0.001 -11"><span class='ocrx_word' id='word_1_389' title='bbox 1265 1811 1458 1856; x_wconf 87' lang='lat' dir='ltr'><strong>strenua,</strong></span> <span class='ocrx_word' id='word_1_390' title='bbox 1487 1804 1532 1844; x_wconf 72' lang='lat' dir='ltr'><strong>i&#39;n</strong></span> <span class='ocrx_word' id='word_1_391' title='bbox 1555 1804 1741 1853; x_wconf 22' lang='lat' dir='ltr'><strong>*Socrate</strong></span> <span class='ocrx_word' id='word_1_392' title='bbox 1769 1803 1957 1856; x_wconf 81' lang='lat' dir='ltr'><strong>sapiens,</strong></span> <span class='ocrx_word' id='word_1_393' title='bbox 1982 1803 2029 1844; x_wconf 86' lang='lat' dir='ltr'><strong>in</strong></span> <span class='ocrx_word' id='word_1_394' title='bbox 2059 1803 2154 1844; x_wconf 82' lang='lat' dir='ltr'><strong>Ho-</strong></span> 
     </span>
     <span class='ocr_line' id='line_1_76' title="bbox 1263 1867 1589 1910; baseline 0 0"><span class='ocrx_word' id='word_1_395' title='bbox 1263 1881 1382 1910; x_wconf 87' lang='lat' dir='ltr'><strong>mero</strong></span> <span class='ocrx_word' id='word_1_396' title='bbox 1399 1867 1589 1910; x_wconf 68' lang='lat' dir='ltr'><strong>diserta!</strong></span> 
     </span>
    </p>

    <p class='ocr_par' dir='ltr' id='par_1_8' title="bbox 1265 1930 2158 3376">
     <span class='ocr_line' id='line_1_77' title="bbox 1335 1930 2152 1985; baseline -0.002 -13"><span class='ocrx_word' id='word_1_397' title='bbox 1335 1932 1577 1983; x_wconf 72' lang='lat' dir='ltr'><strong>cognomine</strong></span> <span class='ocrx_word' id='word_1_398' title='bbox 1620 1930 1649 1973; x_wconf 86' lang='lat' dir='ltr'>J</span> <span class='ocrx_word' id='word_1_399' title='bbox 1654 1935 1772 1972; x_wconf 88' lang='lat' dir='ltr'><strong>ustus</strong></span> <span class='ocrx_word' id='word_1_400' title='bbox 1817 1930 1872 1971; x_wconf 83' lang='lat' dir='ltr'><strong>sit</strong></span> <span class='ocrx_word' id='word_1_401' title='bbox 1917 1930 2152 1985; x_wconf 82' lang='lat' dir='ltr'><strong>appellatus]</strong></span> 
     </span>
     <span class='ocr_line' id='line_1_78' title="bbox 1270 1995 2152 2047; baseline -0.005 -9"><span class='ocrx_word' id='word_1_402' title='bbox 1270 1995 1399 2038; x_wconf 81' lang='lat' dir='ltr'><strong>Quod</strong></span> <span class='ocrx_word' id='word_1_403' title='bbox 1417 2000 1513 2036; x_wconf 83' lang='lat' dir='ltr'><strong>erat</strong></span> <span class='ocrx_word' id='word_1_404' title='bbox 1530 1999 1857 2047; x_wconf 85' lang='lat' dir='ltr'><strong>cognomentum</strong></span> <span class='ocrx_word' id='word_1_405' title='bbox 1881 1995 2065 2035; x_wconf 83' lang='lat' dir='ltr'><strong>maxime</strong></span> <span class='ocrx_word' id='word_1_406' title='bbox 2084 2007 2152 2035; x_wconf 87' lang='lat' dir='ltr'><strong>re-</strong></span> 
     </span>
     <span class='ocr_line' id='line_1_79' title="bbox 1271 2057 2151 2112; baseline 0 -13"><span class='ocrx_word' id='word_1_407' title='bbox 1271 2059 1388 2112; x_wconf 87' lang='lat' dir='ltr'><strong>gium</strong></span> <span class='ocrx_word' id='word_1_408' title='bbox 1408 2063 1454 2099; x_wconf 89' lang='lat' dir='ltr'><strong>et</strong></span> <span class='ocrx_word' id='word_1_409' title='bbox 1471 2058 1795 2099; x_wconf 88' lang='lat' dir='ltr'><strong>divinissimum.</strong></span> <span class='ocrx_word' id='word_1_410' title='bbox 1827 2057 1945 2100; x_wconf 81' lang='lat' dir='ltr'><strong>Alex.</strong></span> <span class='ocrx_word' id='word_1_411' title='bbox 1962 2058 2011 2099; x_wconf 86' lang='lat' dir='ltr'><strong>ab</strong></span> <span class='ocrx_word' id='word_1_412' title='bbox 2029 2059 2151 2099; x_wconf 73' lang='lat' dir='ltr'><strong>Alex.</strong></span> 
     </span>
     <span class='ocr_line' id='line_1_80' title="bbox 1273 2121 2151 2163; baseline -0.002 0"><span class='ocrx_word' id='word_1_413' title='bbox 1273 2123 1493 2163; x_wconf 89' lang='lat' dir='ltr'><strong>Diodorus</strong></span> <span class='ocrx_word' id='word_1_414' title='bbox 1535 2121 1704 2162; x_wconf 88' lang='lat' dir='ltr'><strong>Siculus</strong></span> <span class='ocrx_word' id='word_1_415' title='bbox 1739 2121 1813 2163; x_wconf 91' lang='lat' dir='ltr'><strong>lib.</strong></span> <span class='ocrx_word' id='word_1_416' title='bbox 1845 2132 1912 2162; x_wconf 82' lang='lat' dir='ltr'><strong>xr.</strong></span> <span class='ocrx_word' id='word_1_417' title='bbox 1979 2121 2056 2161; x_wconf 78' lang='grc' dir='ltr'><strong>Καὶ</strong></span> <span class='ocrx_word' id='word_1_418' title='bbox 2088 2121 2151 2162; x_wconf 78' lang='grc' dir='ltr'><strong>διὰ</strong></span> 
     </span>
     <span class='ocr_line' id='line_1_81' title="bbox 1269 2180 2154 2237; baseline -0.001 -12"><span class='ocrx_word' id='word_1_419' title='bbox 1269 2184 1345 2233; x_wconf 76' lang='grc' dir='ltr'><strong>τὴν</strong></span> <span class='ocrx_word' id='word_1_420' title='bbox 1373 2182 1594 2237; x_wconf 78' lang='grc' dir='ltr'><strong><em>ὑπερβολὴν</em></strong></span> <span class='ocrx_word' id='word_1_421' title='bbox 1627 2184 1701 2231; x_wconf 79' lang='grc' dir='ltr'><strong>τῆς</strong></span> <span class='ocrx_word' id='word_1_422' title='bbox 1734 2180 1974 2232; x_wconf 76' lang='grc' dir='ltr'><strong><em>δικαιοσύνης</em></strong></span> <span class='ocrx_word' id='word_1_423' title='bbox 2009 2182 2154 2224; x_wconf 77' lang='grc' dir='ltr'><strong><em>δίκαιος</em></strong></span> 
     </span>
     <span class='ocr_line' id='line_1_82' title="bbox 1271 2245 2152 2300; baseline 0 -12"><span class='ocrx_word' id='word_1_424' title='bbox 1271 2245 1539 2297; x_wconf 79' lang='grc' dir='ltr'><strong><em>ἐπωνομάσθη.</em></strong></span> <span class='ocrx_word' id='word_1_425' title='bbox 1595 2246 1843 2287; x_wconf 89' lang='lat' dir='ltr'><strong>Herodotus</strong></span> <span class='ocrx_word' id='word_1_426' title='bbox 1875 2259 2063 2300; x_wconf 90' lang='lat' dir='ltr'><strong>quoque,</strong></span> <span class='ocrx_word' id='word_1_427' title='bbox 2103 2253 2152 2288; x_wconf 91' lang='lat' dir='ltr'><strong>ut</strong></span> 
     </span>
     <span class='ocr_line' id='line_1_83' title="bbox 1272 2309 2154 2361; baseline -0.001 -8"><span class='ocrx_word' id='word_1_428' title='bbox 1272 2311 1477 2353; x_wconf 88' lang='lat' dir='ltr'><strong>Aristidis</strong></span> <span class='ocrx_word' id='word_1_429' title='bbox 1495 2322 1634 2351; x_wconf 87' lang='lat' dir='ltr'><strong>mores</strong></span> <span class='ocrx_word' id='word_1_430' title='bbox 1653 2309 1837 2361; x_wconf 85' lang='lat' dir='ltr'><strong>accepit,</strong></span> <span class='ocrx_word' id='word_1_431' title='bbox 1859 2321 1958 2350; x_wconf 90' lang='lat' dir='ltr'><strong>eum</strong></span> <span class='ocrx_word' id='word_1_432' title='bbox 1984 2311 2154 2352; x_wconf 85' lang='lat' dir='ltr'><strong>censuit</strong></span> 
     </span>
     <span class='ocr_line' id='line_1_84' title="bbox 1272 2372 2152 2429; baseline -0.005 -12"><span class='ocrx_word' id='word_1_433' title='bbox 1272 2375 1432 2429; x_wconf 71' lang='grc' dir='ltr'><strong><em>ἄριστον</em></strong></span> <span class='ocrx_word' id='word_1_434' title='bbox 1461 2374 1580 2428; x_wconf 71' lang='grc' dir='ltr'><strong><em>ἄνδρα</em></strong></span> <span class='ocrx_word' id='word_1_435' title='bbox 1595 2372 1780 2426; x_wconf 78' lang='grc' dir='ltr'><strong><em>γενέσθαι</em></strong></span> <span class='ocrx_word' id='word_1_436' title='bbox 1816 2374 1859 2415; x_wconf 78' lang='grc' dir='ltr'><strong>ἐν</strong></span> <span class='ocrx_word' id='word_1_437' title='bbox 1886 2372 2070 2429; x_wconf 75' lang='grc' dir='ltr'><strong><em>Ἀθήνῃσι</em></strong></span> <span class='ocrx_word' id='word_1_438' title='bbox 2087 2374 2152 2415; x_wconf 77' lang='grc' dir='ltr'><strong>καὶ</strong></span> 
     </span>
     <span class='ocr_line' id='line_1_85' title="bbox 1270 2437 2154 2491; baseline 0.001 -10"><span class='ocrx_word' id='word_1_439' title='bbox 1270 2438 1529 2489; x_wconf 82' lang='grc' dir='ltr'><strong><em>δικαιότατον,</em></strong></span> <span class='ocrx_word' id='word_1_440' title='bbox 1554 2438 1628 2479; x_wconf 89' lang='lat' dir='ltr'><strong>lib.</strong></span> <span class='ocrx_word' id='word_1_441' title='bbox 1647 2449 1750 2479; x_wconf 85' lang='lat' dir='ltr'><strong>vm.</strong></span> <span class='ocrx_word' id='word_1_442' title='bbox 1767 2441 1836 2479; x_wconf 78' lang='lat'><strong>79.</strong></span> <span class='ocrx_word' id='word_1_443' title='bbox 1889 2437 2046 2479; x_wconf 88' lang='lat' dir='ltr'><strong>Cicero</strong></span> <span class='ocrx_word' id='word_1_444' title='bbox 2072 2449 2154 2491; x_wconf 82' lang='lat' dir='ltr'><strong>pro</strong></span> 
     </span>
     <span class='ocr_line' id='line_1_86' title="bbox 1271 2499 2155 2554; baseline -0.001 -10"><span class='ocrx_word' id='word_1_445' title='bbox 1271 2503 1440 2554; x_wconf 87' lang='lat' dir='ltr'><strong>Sextio,</strong></span> <span class='ocrx_word' id='word_1_446' title='bbox 1455 2507 1502 2543; x_wconf 91' lang='lat' dir='ltr'><strong>et</strong></span> <span class='ocrx_word' id='word_1_447' title='bbox 1517 2501 1690 2543; x_wconf 89' lang='lat' dir='ltr'><strong>Tuscul.</strong></span> <span class='ocrx_word' id='word_1_448' title='bbox 1710 2512 1755 2542; x_wconf 85' lang='lat' dir='ltr'><strong>v.</strong></span> <span class='ocrx_word' id='word_1_449' title='bbox 1781 2501 1794 2524; x_wconf 92' lang='lat'>‘</span> <span class='ocrx_word' id='word_1_450' title='bbox 1813 2499 2031 2542; x_wconf 76' lang='lat' dir='ltr'><strong>Aristides</strong></span> <span class='ocrx_word' id='word_1_451' title='bbox 2050 2513 2155 2543; x_wconf 86' lang='lat' dir='ltr'><strong>non·-</strong></span> 
     </span>
     <span class='ocr_line' id='line_1_87' title="bbox 1271 2565 2154 2619; baseline -0.003 -9"><span class='ocrx_word' id='word_1_452' title='bbox 1271 2581 1325 2610; x_wconf 87' lang='lat' dir='ltr'><strong>ne</strong></span> <span class='ocrx_word' id='word_1_453' title='bbox 1346 2568 1401 2609; x_wconf 94' lang='lat' dir='ltr'><strong>ob</strong></span> <span class='ocrx_word' id='word_1_454' title='bbox 1433 2579 1529 2608; x_wconf 88' lang='lat' dir='ltr'><strong>eam</strong></span> <span class='ocrx_word' id='word_1_455' title='bbox 1558 2578 1732 2607; x_wconf 86' lang='lat' dir='ltr'><strong>causam</strong></span> <span class='ocrx_word' id='word_1_456' title='bbox 1763 2565 1967 2619; x_wconf 87' lang='lat' dir='ltr'><strong>expulsus</strong></span> <span class='ocrx_word' id='word_1_457' title='bbox 1995 2571 2064 2608; x_wconf 86' lang='lat' dir='ltr'><strong>est</strong></span> <span class='ocrx_word' id='word_1_458' title='bbox 2079 2578 2154 2619; x_wconf 83' lang='lat' dir='ltr'><strong>pa-</strong></span> 
     </span>
     <span class='ocr_line' id='line_1_88' title="bbox 1269 2631 2157 2687; baseline -0.006 -11"><span class='ocrx_word' id='word_1_459' title='bbox 1269 2635 1375 2686; x_wconf 85' lang='lat' dir='ltr'><strong>tria,</strong></span> <span class='ocrx_word' id='word_1_460' title='bbox 1405 2633 1519 2687; x_wconf 87' lang='lat' dir='ltr'><strong>quod</strong></span> <span class='ocrx_word' id='word_1_461' title='bbox 1549 2638 1711 2686; x_wconf 78' lang='lat' dir='ltr'><strong>praeter</strong></span> <span class='ocrx_word' id='word_1_462' title='bbox 1733 2632 1903 2672; x_wconf 89' lang='lat' dir='ltr'><strong>modum</strong></span> <span class='ocrx_word' id='word_1_463' title='bbox 1920 2631 2067 2685; x_wconf 82' lang='lat' dir='ltr'><strong>justus</strong></span> <span class='ocrx_word' id='word_1_464' title='bbox 2093 2643 2157 2672; x_wconf 85' lang='lat' dir='ltr'><strong>es·</strong></span> 
     </span>
     <span class='ocr_line' id='line_1_89' title="bbox 1273 2693 2156 2738; baseline -0.005 0"><span class='ocrx_word' id='word_1_465' title='bbox 1273 2703 1339 2738; x_wconf 90' lang='lat' dir='ltr'><strong>set</strong></span> <span class='ocrx_word' id='word_1_466' title='bbox 1356 2697 1386 2737; x_wconf 86' lang='lat'><strong>?&#39;</strong></span> <span class='ocrx_word' id='word_1_467' title='bbox 1439 2696 1553 2737; x_wconf 84' lang='lat' dir='ltr'><strong>vide</strong></span> <span class='ocrx_word' id='word_1_468' title='bbox 1572 2695 1812 2736; x_wconf 71' lang='lat' dir='ltr'><strong>AEschInem</strong></span> <span class='ocrx_word' id='word_1_469' title='bbox 1827 2693 2040 2736; x_wconf 86' lang='lat' dir='ltr'><strong>Oratione</strong></span> <span class='ocrx_word' id='word_1_470' title='bbox 2052 2693 2156 2734; x_wconf 80' lang='grc' dir='ltr'><strong><em>κατὰ</em></strong></span> 
     </span>
     <span class='ocr_line' id='line_1_90' title="bbox 1274 2757 2157 2813; baseline -0.005 -11"><span class='ocrx_word' id='word_1_471' title='bbox 1274 2765 1448 2813; x_wconf 78' lang='grc' dir='ltr'><strong><em>Κτησιφ.</em></strong></span> <span class='ocrx_word' id='word_1_472' title='bbox 1482 2764 1529 2800; x_wconf 90' lang='lat' dir='ltr'><strong>et</strong></span> <span class='ocrx_word' id='word_1_473' title='bbox 1560 2757 1649 2812; x_wconf 73' lang='grc' dir='ltr'><strong>περὶ</strong></span> <span class='ocrx_word' id='word_1_474' title='bbox 1680 2759 1928 2811; x_wconf 79' lang='grc' dir='ltr'><strong><em>παραπρεσβ.</em></strong></span> <span class='ocrx_word' id='word_1_475' title='bbox 1983 2757 2157 2799; x_wconf 86' lang='lat' dir='ltr'><strong>Plutar-</strong></span> 
     </span>
     <span class='ocr_line' id='line_1_91' title="bbox 1274 2821 2156 2874; baseline -0.003 -9"><span class='ocrx_word' id='word_1_476' title='bbox 1274 2825 1397 2866; x_wconf 85' lang='lat' dir='ltr'><strong>chum</strong></span> <span class='ocrx_word' id='word_1_477' title='bbox 1417 2823 1460 2864; x_wconf 90' lang='lat' dir='ltr'><strong>in</strong></span> <span class='ocrx_word' id='word_1_478' title='bbox 1478 2823 1600 2874; x_wconf 84' lang='lat' dir='ltr'><strong>Vita,</strong></span> <span class='ocrx_word' id='word_1_479' title='bbox 1624 2822 1696 2863; x_wconf 89' lang='lat' dir='ltr'><strong>ubi</strong></span> <span class='ocrx_word' id='word_1_480' title='bbox 1714 2823 1850 2867; x_wconf 81' lang='lat' dir='ltr'><strong>multa</strong></span> <span class='ocrx_word' id='word_1_481' title='bbox 1867 2821 2044 2874; x_wconf 77' lang='lat' dir='ltr'><strong>insignis</strong></span> <span class='ocrx_word' id='word_1_482' title='bbox 2061 2821 2156 2873; x_wconf 86' lang='lat' dir='ltr'><strong>ejus</strong></span> 
     </span>
     <span class='ocr_line' id='line_1_92' title="bbox 1265 2883 2157 2942; baseline -0.002 -14"><span class='ocrx_word' id='word_1_483' title='bbox 1265 2886 1450 2942; x_wconf 85' lang='lat' dir='ltr'><strong>justitiae</strong></span> <span class='ocrx_word' id='word_1_484' title='bbox 1469 2885 1669 2938; x_wconf 81' lang='lat' dir='ltr'><strong>exempla</strong></span> <span class='ocrx_word' id='word_1_485' title='bbox 1686 2883 1846 2927; x_wconf 86' lang='lat' dir='ltr'><strong>adfert.</strong></span> <span class='ocrx_word' id='word_1_486' title='bbox 1857 2884 1956 2925; x_wconf 89' lang='lat' dir='ltr'><strong>Val.</strong></span> <span class='ocrx_word' id='word_1_487' title='bbox 1975 2884 2157 2926; x_wconf 82' lang='lat' dir='ltr'><strong>Maxim.</strong></span> 
     </span>
     <span class='ocr_line' id='line_1_93' title="bbox 1274 2945 2156 2998; baseline -0.007 -6"><span class='ocrx_word' id='word_1_488' title='bbox 1274 2961 1320 2992; x_wconf 82' lang='lat' dir='ltr'><strong>v.</strong></span> <span class='ocrx_word' id='word_1_489' title='bbox 1350 2953 1390 2991; x_wconf 82' lang='grc'><strong>4.</strong></span> <span class='ocrx_word' id='word_1_490' title='bbox 1431 2947 1657 2990; x_wconf 77' lang='lat' dir='ltr'><strong>Lambinus.</strong></span> <span class='ocrx_word' id='word_1_491' title='bbox 1688 2947 1854 2998; x_wconf 81' lang='lat' dir='ltr'><strong>Longol.</strong></span> <span class='ocrx_word' id='word_1_492' title='bbox 1903 2945 2025 2986; x_wconf 88' lang='lat' dir='ltr'><strong>Hinc</strong></span> <span class='ocrx_word' id='word_1_493' title='bbox 2063 2951 2156 2987; x_wconf 89' lang='lat' dir='ltr'><strong>tota</strong></span> 
     </span>
     <span class='ocr_line' id='line_1_94' title="bbox 1276 3005 2154 3059; baseline -0.005 -6"><span class='ocrx_word' id='word_1_494' title='bbox 1276 3024 1405 3054; x_wconf 91' lang='lat' dir='ltr'><strong>scena</strong></span> <span class='ocrx_word' id='word_1_495' title='bbox 1421 3011 1463 3051; x_wconf 88' lang='lat' dir='ltr'><strong>in</strong></span> <span class='ocrx_word' id='word_1_496' title='bbox 1482 3009 1722 3051; x_wconf 89' lang='lat' dir='ltr'><strong>Aristidem</strong></span> <span class='ocrx_word' id='word_1_497' title='bbox 1746 3010 1915 3049; x_wconf 86' lang='lat' dir='ltr'><strong>intenta</strong></span> <span class='ocrx_word' id='word_1_498' title='bbox 1931 3005 2028 3059; x_wconf 89' lang='lat' dir='ltr'><strong>fuit,</strong></span> <span class='ocrx_word' id='word_1_499' title='bbox 2056 3020 2154 3051; x_wconf 85' lang='lat' dir='ltr'><strong>cnm</strong></span> 
     </span>
     <span class='ocr_line' id='line_1_95' title="bbox 1275 3071 2156 3116; baseline -0.005 0"><span class='ocrx_word' id='word_1_500' title='bbox 1275 3075 1462 3116; x_wconf 85' lang='lat' dir='ltr'><strong>Athenis</strong></span> <span class='ocrx_word' id='word_1_501' title='bbox 1479 3072 1579 3114; x_wconf 90' lang='lat' dir='ltr'><strong>olim</strong></span> <span class='ocrx_word' id='word_1_502' title='bbox 1609 3071 1897 3112; x_wconf 88' lang='lat' dir='ltr'><strong>recitarentur</strong></span> <span class='ocrx_word' id='word_1_503' title='bbox 1923 3071 1966 3111; x_wconf 89' lang='lat' dir='ltr'><strong>in</strong></span> <span class='ocrx_word' id='word_1_504' title='bbox 1987 3072 2156 3116; x_wconf 86' lang='lat' dir='ltr'><strong>theatro</strong></span> 
     </span>
     <span class='ocr_line' id='line_1_96' title="bbox 1275 3132 2158 3187; baseline -0.005 -8"><span class='ocrx_word' id='word_1_505' title='bbox 1275 3150 1422 3179; x_wconf 86' lang='lat' dir='ltr'><strong>versus</strong></span> <span class='ocrx_word' id='word_1_506' title='bbox 1440 3135 1649 3186; x_wconf 82' lang='lat' dir='ltr'><strong>AEschyli:</strong></span> <span class='ocrx_word' id='word_1_507' title='bbox 1680 3133 1738 3173; x_wconf 78' lang='grc' dir='ltr'><strong>Οὐ</strong></span> <span class='ocrx_word' id='word_1_508' title='bbox 1754 3132 1832 3186; x_wconf 75' lang='grc' dir='ltr'><strong>γὰρ</strong></span> <span class='ocrx_word' id='word_1_509' title='bbox 1856 3135 1983 3174; x_wconf 82' lang='grc' dir='ltr'><strong><em>δοκεῖν</em></strong></span> <span class='ocrx_word' id='word_1_510' title='bbox 1999 3134 2158 3187; x_wconf 81' lang='grc' dir='ltr'><strong><em>δίκαιος,</em></strong></span> 
     </span>
     <span class='ocr_line' id='line_1_97' title="bbox 1269 3191 2157 3248; baseline -0.003 -6"><span class='ocrx_word' id='word_1_511' title='bbox 1269 3191 1370 3242; x_wconf 43' lang='grc' dir='ltr'>’ἀλλ’</span> <span class='ocrx_word' id='word_1_512' title='bbox 1407 3198 1502 3240; x_wconf 80' lang='grc' dir='ltr'><strong><em>εἶναι</em></strong></span> <span class='ocrx_word' id='word_1_513' title='bbox 1542 3196 1664 3248; x_wconf 82' lang='grc' dir='ltr'><strong><em>θέλει,</em></strong></span> <span class='ocrx_word' id='word_1_514' title='bbox 1697 3199 1861 3238; x_wconf 82' lang='grc' dir='ltr'><strong><em>Βαθεῖαν</em></strong></span> <span class='ocrx_word' id='word_1_515' title='bbox 1900 3198 2054 3239; x_wconf 76' lang='grc' dir='ltr'><strong><em>αὔλακα</em></strong></span> <span class='ocrx_word' id='word_1_516' title='bbox 2094 3199 2157 3240; x_wconf 76' lang='grc' dir='ltr'><strong>διὰ</strong></span> 
     </span>
     <span class='ocr_line' id='line_1_98' title="bbox 1275 3258 2158 3317; baseline 0.001 -13"><span class='ocrx_word' id='word_1_517' title='bbox 1275 3262 1412 3317; x_wconf 83' lang='grc' dir='ltr'><strong><em>φρενὸς</em></strong></span> <span class='ocrx_word' id='word_1_518' title='bbox 1446 3259 1721 3315; x_wconf 79' lang='grc' dir='ltr'><strong><em>καρπούμενος,</em></strong></span> <span class='ocrx_word' id='word_1_519' title='bbox 1757 3261 1844 3313; x_wconf 83' lang='grc' dir='ltr'><strong>Ἀφ’</strong></span> <span class='ocrx_word' id='word_1_520' title='bbox 1875 3258 1922 3308; x_wconf 75' lang='grc' dir='ltr'><strong>ἧς</strong></span> <span class='ocrx_word' id='word_1_521' title='bbox 1954 3260 2007 3302; x_wconf 78' lang='grc' dir='ltr'><strong>τὰ</strong></span> <span class='ocrx_word' id='word_1_522' title='bbox 2041 3262 2158 3305; x_wconf 75' lang='grc' dir='ltr'><strong><em>κεδνὰ</em></strong></span> 
     </span>
     <span class='ocr_line' id='line_1_99' title="bbox 1273 3322 1771 3376; baseline -0.006 -8"><span class='ocrx_word' id='word_1_523' title='bbox 1273 3324 1492 3376; x_wconf 78' lang='grc' dir='ltr'><strong><em>βλαστάνει</em></strong></span> <span class='ocrx_word' id='word_1_524' title='bbox 1509 3322 1771 3374; x_wconf 77' lang='grc' dir='ltr'><strong><em>βουλεύματα.</em></strong></span> 
     </span>
    </p>

    <p class='ocr_par' dir='ltr' id='par_1_9' title="bbox 1277 3386 2158 3562">
     <span class='ocr_line' id='line_1_100' title="bbox 1328 3386 2157 3441; baseline -0.002 -9"><span class='ocrx_word' id='word_1_525' title='bbox 1328 3390 1367 3432; x_wconf 82' lang='grc' dir='ltr'><strong><em>Δ</em></strong></span> <span class='ocrx_word' id='word_1_526' title='bbox 1387 3389 1639 3431; x_wconf 78' lang='lat' dir='ltr'><strong>Themistocle</strong></span> <span class='ocrx_word' id='word_1_527' title='bbox 1654 3386 1945 3440; x_wconf 71' lang='lat' dir='ltr'><strong>collabefactus]</strong></span> <span class='ocrx_word' id='word_1_528' title='bbox 1976 3388 2157 3441; x_wconf 85' lang='lat' dir='ltr'><strong>Sparse-</strong></span> 
     </span>
     <span class='ocr_line' id='line_1_101' title="bbox 1277 3450 2158 3504; baseline -0.002 -8"><span class='ocrx_word' id='word_1_529' title='bbox 1277 3461 1347 3496; x_wconf 86' lang='lat' dir='ltr'><strong>rat</strong></span> <span class='ocrx_word' id='word_1_530' title='bbox 1360 3454 1474 3496; x_wconf 92' lang='lat' dir='ltr'><strong>enim</strong></span> <span class='ocrx_word' id='word_1_531' title='bbox 1493 3453 1537 3494; x_wconf 88' lang='lat' dir='ltr'><strong>in</strong></span> <span class='ocrx_word' id='word_1_532' title='bbox 1550 3452 1700 3504; x_wconf 81' lang='lat' dir='ltr'><strong>vulgus</strong></span> <span class='ocrx_word' id='word_1_533' title='bbox 1709 3450 2018 3492; x_wconf 87' lang='lat' dir='ltr'><strong>Themistocles</strong></span> <span class='ocrx_word' id='word_1_534' title='bbox 2036 3452 2158 3494; x_wconf 81' lang='lat' dir='ltr'><strong>Aris·</strong></span> 
     </span>
     <span class='ocr_line' id='line_1_102' title="bbox 1277 3512 2156 3562; baseline -0.005 0"><span class='ocrx_word' id='word_1_535' title='bbox 1277 3518 1413 3562; x_wconf 85' lang='lat' dir='ltr'><strong>tidem</strong></span> <span class='ocrx_word' id='word_1_536' title='bbox 1433 3515 1587 3559; x_wconf 84' lang='lat' dir='ltr'><strong>callide</strong></span> <span class='ocrx_word' id='word_1_537' title='bbox 1615 3512 1761 3559; x_wconf 86' lang='lat' dir='ltr'><strong>efficta</strong></span> <span class='ocrx_word' id='word_1_538' title='bbox 1788 3513 2000 3557; x_wconf 79' lang='lat' dir='ltr'><strong>modestia</strong></span> <span class='ocrx_word' id='word_1_539' title='bbox 2027 3515 2072 3558; x_wconf 90' lang='lat' dir='ltr'><strong>in</strong></span> <span class='ocrx_word' id='word_1_540' title='bbox 2092 3515 2156 3558; x_wconf 90' lang='lat' dir='ltr'><strong>fo·</strong></span> 
     </span>
    </p>
   </div>
  </div>
 </body>
</html>
