2306 3900
639 283 745 322 xv.
809 282 1299 333 ΕΡΑΜιΝοΝῡΑΜ,
1343 284 1479 324 cAP.
1518 270 1572 324 2.
1627 301 1630 304 ,
1715 290 1718 297 ¹

185 404 409 446 'Notarunt
426 414 595 458 quoque
618 403 675 445 1³.
690 403 866 454 Daniel,
894 403 1072 454 Savaro,

189 474 235 508 et
255 468 471 509 Schottus.
522 466 711 518 Diodor.
735 466 808 506 lib.
842 477 920 505 xv.
964 464 1071 505 Εἷκό.

187 547 266 573 τως
299 532 363 572 καὶ
397 530 546 584 πράξεις
583 529 888 581 &coemendas
919 528 1071 570 συνετέ·

189 603 298 636 λεσε.
329 595 531 636 Gebhard.

244 660 357 701 CAP..
377 662 417 700 2.
447 659 587 708 Patre,
611 659 771 698 honesto
785 658 948 709 genere]
968 659 1071 698 'Mc-

147 723 152 731 '
189 719 328 761 diocri
347 726 393 761 et
417 720 579 760 humili.
637 720 749 760 Nam
773 719 937 770 Latini,
969 731 1070 772 quo-

189 795 284 825 rum
303 789 505 836 parentes
523 783 727 824 obscuros
758 782 901 823 dicere
921 782 1073 822 nolunt

190 859 241 887 ac
276 846 397 896 viles,
435 852 593 887 vocant
638 844 895 897 ‘honestos,'
934 845 1074 896 gratia

189 909 372 963 quadam
393 909 619 951 sermonis.
669 909 860 949 AElianus
897 908 1072 960 Polym·

189 973 277 1013 nim
310 971 463 1012 scribit
490 971 686 1021 extitisse
714 970 844 1021 ἀφανῆ
872 971 975 1011 Var.
994 969 1070 1010 lib.

190 1045 278 1075 xu-
315 1039 383 1075 23.
427 1034 502 1074 Καὶ
534 1034 818 1085 ’Ἐπαμινώνδας
856 1033 898 1074 δὲ
926 1032 1073 1086 ’πατρὸς

189 1098 239 1147 ἦν
253 1099 433 1151 ἀφανοῦς.
473 1098 624 1149 Cicero
651 1100 822 1139 Tuscul.
859 1097 1074 1141 Quaestio-

189 1163 279 1203 nih.
306 1162 320 1185 ⁴
341 1156 574 1215 Qui'qunm
600 1168 715 1202 esset
741 1161 863 1201 bonis
883 1162 1071 1213 parenti-

191 1225 270 1266 bus
300 1223 439 1278 atque
463 1224 646 1265 honesto
667 1225 763 1265 loco
780 1224 936 1266 natus.’
968 1219 1071 1265 G'eb·

171 1288 350 1339 blivilas,
380 1278 390 1285 ”

237 1351 442 1393 'Ei-uditus
458 1357 588 1392 autem
608 1351 686 1403 sic]
732 1352 863 1394 Diod.
896 1352 970 1393 lib.
997 1363 1072 1394 xv-

136 1441 139 1444 ·
190 1413 378 1465 Μέτεσχε
401 1413 481 1465 ’γὰρ
509 1414 572 1454 ἐπὶ
602 1413 705 1454 πολὺ
730 1413 861 1463 πάσης
885 1414 1073 1456 παιδείας.

189 1476 388 1518 Justinus
422 1477 492 1517 lib.
518 1489 595 1521 vv1.
614 1481 653 1518 8.
699 1478 822 1520 ‘Jam
851 1478 1071 1518 literarum

190 1539 396 1592 studium,
426 1541 519 1592 jam
558 1540 835 1592 philosophiae
874 1540 1074 1582 doctrina

189 1607 330 1654 tanta,
360 1609 410 1646 ut
453 1603 648 1644 mirabile
682 1604 921 1656 videretur,
958 1603 1072 1645 unde

191 1678 278 1712 tam
311 1670 490 1724 insignis
525 1670 688 1718 militiae
716 1670 895 1712 scientia
915 1670 1073 1711 homini

190 1734 306 1774 inter
342 1733 491 1774 literas
528 1732 661 1774 nato.5
705 1733 905 1774 Gebhard.
936 1733 1073 1773 fVide

193 1796 334 1837 Cicer.
351 1795 406 1836 de
425 1797 552 1837 Orat.
566 1807 640 1836 ιιι.
654 1794 782 1836 Offic.
798 1808 830 1836 ι.
848 1796 1071 1837 Plutarch.

190 1861 236 1900 in
270 1859 497 1912 Pelopida.
554 1859 677 1902 Oros.
715 1872 784 1902 111.
820 1864 885 1903 12.
939 1861 1071 1915 Diog.

193 1924 340 1966 Laert.
360 1924 548 1977 Pythag.

246 1988 400 2028 Doctus
425 1991 484 2027 est
501 1999 526 2027 α
545 1987 758 2040 Dionysio]
788 1988 889 2030 Fuit
904 1988 972 2029 liic
990 1989 1075 2040 Ly-

190 2051 319 2092 ristes
354 2050 584 2091 Thebanus
622 2051 854 2093 excellens.
907 2051 1077 2092 Auctor

191 2113 450 2154 Plutarchus
490 2104 532 2152 in
574 2112 685 2153 libro
723 2115 795 2166 qui
831 2114 1077 2155 inscribitur

192 2175 249 2217 de
268 2175 452 2215 Musica.
478 2175 595 2226 Mag.
623 2175 804 2217 Lambin.
822 2175 923 2218 Vid.
938 2177 1073 2218 Cicer.

190 2236 705 2290 Tuse.Quaest.1.Long.

249 2303 379 2357 Quam
398 2303 557 2343 Damon
569 2309 640 2344 aut
654 2304 866 2357 Lamprus]
902 2268 1083 2345 Damon

191 2364 261 2406 hic
298 2364 384 2407 fnit
415 2365 708 2418 Atheniensis,
723 2380 812 2420 qui,
841 2372 952 2408 teste
970 2367 1074 2408 Plu-

194 2429 341 2470 tarcho
363 2428 482 2483 *libro
513 2429 665 2481 citato,
695 2431 876 2483 Lydiam
908 2431 1075 2471 harmo-

171 2490 308 2533 ‘niam
341 2493 573 2533 -remissam
613 2494 882 2545 excogitasse
922 2492 1075 2536 fertur.

192 2555 398 2609 Ejusdem
419 2556 627 2597 Damonis
640 2558 928 2599 meminerunt
946 2559 1075 2599 Plato

193 2617 363 2670 dialogo
388 2617 444 2658 de
470 2619 635 2670 republ.
667 2631 730 2661 ιν.
757 2625 804 2661 et
822 2619 979 2661 Athen.
1001 2620 1076 2661 lib.

196 2690 293 2720 xiv.
310 2684 377 2721 ll.
398 2682 606 2733 Lamprus
624 2694 649 2722 a
670 2683 903 2724 Plutarcho
923 2684 1075 2724 eodem

194 2743 321 2795 libro,
338 2743 452 2784 inter
466 2755 556 2796 eos,
577 2745 649 2797 qni
671 2746 918 2797 Lyricorum
940 2749 1077 2799 pulsa-

193 2807 354 2847 minum
374 2811 630 2859 praestantes
649 2807 785 2848 habiti
811 2814 925 2859 snut,
944 2809 1077 2849 refer-

195 2874 280 2910 tur.
337 2870 466 2910 Plato
500 2876 644 2912 tamen
680 2871 791 2913 hunc
832 2872 1076 2924 imperitum

195 2931 330 2974 fuisse
365 2933 573 2974 musicum
603 2934 871 2975 demonstrat
906 2935 950 2975 in
983 2936 1078 2976 Me-

194 3009 379 3039 nexeno.
436 2997 614 3051 Lampri
651 2999 754 3040 item
790 3000 986 3040 meminit
1018 3000 1078 3041 A·

116 3075 119 3079 ’
197 3061 315 3101 then.
338 3061 412 3103 lib.
450 3074 482 3102 1.
514 3066 578 3103 16.
597 3069 644 3104 et
663 3075 714 3103 ιι.
736 3066 776 3103 2.
811 3063 1003 3104 scribens
1033 3064 1077 3103 in

196 3124 307 3164 hanc
332 3126 590 3166 sententiam
609 3126 758 3174 ultimo
792 3126 911 3167 loco:
940 3126 1079 3167 ‘Abs-

196 3187 350 3227 temius
369 3185 451 3228 fuit
478 3187 607 3228 etiam
640 3189 848 3240 Lamprus
868 3189 1078 3240 Musicns,

198 3251 254 3291 de
277 3262 361 3304 quo
386 3251 627 3303 Pbrynlcus
654 3251 788 3291 Laros
821 3257 1080 3305 conquestos

199 3325 295 3353 esse
321 3313 428 3363 dicit
452 3313 504 3353 iis
524 3312 689 3361 diebus,
708 3313 860 3365 quibus
882 3319 1079 3372 mortuus

198 3383 264 3416 est
286 3378 507 3429 Lamprus,
526 3376 592 3417 vir
609 3388 730 3429 aquae
746 3380 938 3428 potator,
957 3388 1080 3417 sono·

199 3451 289 3490 rus,
309 3446 355 3480 et
389 3439 514 3480 valde
537 3432 747 3491 sapiens!
775 3438 952 3491 Magius.
1001 3439 1081 3480 So·

157 3543 160 3550 ,
200 3503 320 3542 lebat
340 3509 483 3543 autem
513 3505 682 3544 Damon
706 3502 847 3544 ebrio‘s
878 3514 927 3544 ac
958 3508 1081 3556 petu-

247 3630 250 3634 .
314 3570 455 3622 Daph.
471 3575 510 3610 et
533 3571 627 3611 γαν.
644 3572 750 3612 clas.

1077 3572 1178 3623 Nep.

1910 274 2014 325 577

1132 404 1271 446 lantes
1301 405 1487 457 juvenes
1513 402 1734 444 harmonia
1753 412 1830 455 sua
1850 403 1907 457 ,ud
1930 416 2017 443 mo·

1133 466 1317 509 destiam
1338 468 1561 518 reducere,
1575 464 1933 520 ‘quemadmodum
1954 465 2019 506 fe·

1133 532 1348 570 rocientes
1371 532 1534 571 animos
1554 531 1717 572 mollire
1732 530 2018 584 Pythagoras,

1133 593 1366 633 seditiones
1412 606 1611 634 accensas
1647 593 1838 635 inhibere
1873 588 2021 635 Ascle-

1133 656 1301 707 piades,
1337 657 1616 708 lymphaticos
1647 657 1797 697 morbo
1833 658 2018 698 liberare

1139 719 1424 760 Xenocrates.
1494 720 1565 760 De
1611 720 1765 772 quibus
1802 720 1899 761 vide
1937 723 2020 762 Ca-

1135 783 1292 834 pellam
1316 783 1484 824 Saturae
1510 783 1585 824 lib.
1615 794 1659 824 x.
1702 784 1768 824 Ac
1797 785 2017 838 Pythago-

1136 845 1235 886 raeis
1254 846 1428 899 quidem
1446 847 1577 887 moris
1597 846 1694 898 fuit,
1710 860 1807 888 cum
1824 861 2018 890 somnum

1134 913 1349 960 peterent,
1375 909 1429 949 ad
1458 902 1591 962 ifram
1610 911 1731 963 prins
1750 911 1886 952 lenire
1904 925 2020 952 men—

1136 977 1218 1022 tes,
1246 978 1310 1023 nt,
1349 973 1384 1012 si
1423 972 1526 1026 quid
1556 972 1711 1015 fui-sset
1732 973 2018 1026 'turbaturum

1135 1036 1463 1088 cogitationum,
1507 1044 1830 1090 componerent.
1889 1039 2022 1080 Quin-

1135 1099 1275 1140 tilian.
1296 1110 1374 1140 xX.
1393 1104 1434 1141 4.
1934 1149 1937 1152 ,

1192 1163 1379 1203 Carmina
1407 1167 1567 1205 cantare
1593 1163 1718 1216 tibiis,
1751 1164 1799 1204 ab
1819 1165 2022 1218 Olympio-

1134 1225 1247 1277 doro]
1290 1225 1362 1266 Ab
1401 1226 1650 1279 Orthagora
1686 1227 1830 1267 etiam.
1887 1227 2022 1268 Athe·

1110 1299 1114 1301 “
1136 1301 1252 1329 naeus
1289 1289 1362 1330 lib.
1383 1301 1446 1330 ιν.
1475 1303 1573 1343 cap.
1607 1290 1774 1342 ultimo,
1800 1292 1813 1314 ‘
1832 1290 2024 1342 Scribit,'

1134 1350 1290 1403 inquit,
1321 1353 1333 1374 ‘
1354 1348 1654 1404 Aristoxenus,
1681 1355 2020 1406 Epaminondam

1134 1413 1382 1468 Thebanum
1403 1416 1458 1456 ab
1479 1416 1792 1469 Olympiodoro
1807 1424 1852 1458 et
1867 1418 2024 1459 Ortha·

1136 1489 1240 1530 gora
1273 1478 1389 1519 tibiae
1428 1487 1603 1520 cantum
1638 1480 1869 1521 didicisse)
1902 1482 2020 1533 Mag.

1134 1541 1392 1594 Suspectum
1414 1544 1567 1584 merito
1579 1545 1686 1584 illud
1702 1546 1893 1596 earmina,
1909 1548 2021 1600 quod

1137 1605 1287 1646 abesse
1321 1607 1459 1647 veteri
1496 1619 1571 1648 sno
1604 1608 1714 1649 libro
1745 1615 1935 1650 testatur
1972 1612 2022 1651 P.

1138 1667 1313 1708 Daniel.
1346 1669 1545 1710 Gebhard.

1191 1729 1364 1783 saltare,
1382 1745 1407 1772 α
1429 1733 1696 1786 Calliphrone]
1726 1737 1797 1776 De
1817 1749 1901 1789 quo
1919 1736 2023 1777 nihil

1138 1805 1206 1834 me
1225 1795 1370 1846 legere
1390 1795 1578 1837 memini.

1192 1860 1261 1899 At·
1298 1860 1562 1913 philosophice
1605 1864 1898 1916 proeceptorem]
1957 1866 2023 1906 Ex
2097 1851 2099 1853 ¹

1139 1923 1381 1964 Democriti
1399 1924 1627 1978 disciplina
1641 1928 1908 1980 Protagoras
1928 1942 2026 1982 pro,-

1141 1985 1238 2036 diit,
1271 1986 1343 2038 qui
1380 1988 1559 2038 primns,
1586 1990 1738 2030 relicto
1771 1991 1939 2032 sincero
1976 1998 2023 2032 et

1142 2048 1329 2100 ingenuo
1364 2050 1687 2103 philosophandi
1719 2065 1852 2103 more,
1883 2054 1936 2094 ad
1956 2048 2024 2094 co-

1141 2111 1317 2163 φίσματα
1335 2119 1380 2153 et
1397 2114 1660 2165 λεπτολογίας
1687 2117 1871 2157 animum
1903 2117 2023 2170 adje-

1142 2176 1216 2215 cit.
1275 2175 1342 2216 Ad
1380 2177 1490 2217 hanc
1519 2177 1700 2218 classem
1729 2186 1774 2219 et
1802 2180 1939 2231 ipsum
1970 2182 2027 2221 E-

1142 2238 1440 2291 paminondam
1482 2240 1734 2282 Thebanum
1770 2242 2024 2296 referimus:

1141 2313 1267 2354 quem
1286 2302 1445 2344 Justin.
1464 2315 1544 2344 vu.
1568 2306 1581 2328 ‘
1595 2317 1802 2346 summum
1817 2312 1861 2346 et
1880 2307 2026 2347 Philo·

1141 2365 1318 2417 sophum
1333 2373 1377 2406 et
1392 2366 1873 2419 Imperatorem’vocat.
1910 2370 2023 2410 Haec

1141 2426 1236 2469 fere
1265 2429 1322 2470 G.
1342 2430 1535 2471 Hornius
1554 2431 1718 2472 Histor.
1770 2432 2022 2486 Philosoph.

1142 2503 1212 2532 111.
1251 2495 1316 2533 12.
1361 2493 1537 2534 Certum
1567 2500 1649 2546 est,
1685 2496 2023 2548 Epaminondam

1142 2554 1484 2608 philosophatum
1516 2555 1665 2609 fnisse,-
1694 2558 1769 2598 sed
1790 2557 1880 2598 ἄνευ
1896 2566 2023 2608 μαλα-

1142 2616 1241 2668 κίας,
1258 2624 1307 2659 ut
1324 2618 1596 2670 Thucydides
1610 2620 1797 2674 loquitur
1815 2628 1860 2661 et
1872 2633 2026 2674 appro-

1143 2679 1233 2731 bat,
1261 2682 1273 2702 ‘
1293 2681 1386 2721 sine
1413 2682 1593 2723 mollitie
1627 2689 1703 2724 aut
1738 2684 1931 2724 desidia!
1967 2686 2026 2724 Et

1134 2754 1245 2783 ›sane
1263 2743 1563 2796 Pythagoricis
1587 2746 1858 2798 dogmatibus
1879 2747 2026 2800 addic-

1143 2812 1234 2848 tum
1254 2807 1452 2858 maxime,
1470 2815 1514 2847 et
1535 2809 1730 2862 Physicae
1756 2810 1946 2851 scientiae
1964 2809 2028 2850 fu-

1143 2871 1240 2921 isse,
1259 2871 1476 2911 Diodorus
1497 2878 1655 2912 monet.
1687 2873 1800 2925 Lips.

1197 2935 1334 2987 Lysim
1355 2934 1628 2986 Tarentinum]
1662 2935 1734 2976 Sic
1755 2940 1876 2977 recte
1901 2936 2027 2978 Lam-

1144 2997 1270 3038 binus
1289 3009 1313 3038 e
1335 2998 1465 3038 tertio
1494 2998 1556 3038 M.
1581 2997 1708 3038 Tullii
1734 2998 1789 3039 de
1821 3000 2024 3040 Oratore.

1147 3060 1271 3100 Adde
1287 3059 1361 3102 lib.
1381 3073 1414 3101 ι.
1430 3061 1484 3100 de
1507 3059 1635 3102 offic.
1649 3061 1722 3101 ubi
1738 3066 1782 3101 et
1796 3062 1904 3101 male
1924 3073 2026 3113 quo-

1145 3136 1228 3177 que
1247 3124 1389 3177 Lysias
1407 3124 1505 3164 olirn
1521 3114 1832 3165 excudebatur.
1877 3124 2027 3176 Lysias

1144 3198 1248 3227 vero
1274 3186 1548 3227 Atheniensis
1563 3199 1669 3227 nnus
1685 3187 1809 3227 estin
1836 3197 1882 3238 x,
1904 3186 2029 3227 Grae·

1145 3249 1224 3290 ciae
1255 3249 1536 3299 Oratoribus,
1557 3250 1617 3303 ¹dc
1648 3262 1733 3303 quo
1764 3249 2028 3290 Plutarchus

1145 3318 1191 3352 et
1228 3312 1608 3352 Halicarnassaens.
1677 3311 1844 3353 Habuit
1883 3317 2027 3353 autem

1144 3374 1459 3428 Epaminondas
1466 3374 1611 3427 Lysim
1620 3374 1906 3428 Philosophiae
1919 3387 2031 3428 prae-

1145 3445 1363 3493 ceptorem
1385 3451 1466 3481 nna
1485 3452 1579 3481 cum
1600 3440 1801 3494 Philippo
1828 3440 2028 3491 Amyntae

1145 3503 1249 3556 filio,
1279 3509 1327 3545 nt
1362 3504 1406 3544 in
1439 3504 1539 3545 viris
1570 3505 1831 3558 comparatis
1851 3505 2027 3556 Olymp.

1822 3577 1847 3611 2
1877 3570 1917 3610 O
