2306 3900
793 275 1013 314 RERUM
1058 275 1133 314 ΕΤ
1174 275 1465 315 VERBORU
1479 276 1542 315 M.

282 397 375 436 alii:
393 411 430 437 v.
459 396 635 438 Freinsh.
664 397 902 438 Indd.Flor.
931 406 972 438 et
997 399 1108 440 Curt.

279 451 445 499 Eodem,
464 458 508 490 ut
519 452 685 497 videtur,
698 464 827 498 sensu,
842 452 913 490 etsi
935 453 1110 504 pluribus

249 517 255 522 ·
282 505 461 544 membris
505 505 701 558 praecedd.
729 511 933 558 usurpatur
971 508 1049 554 xvi,
1067 511 1108 548 4.

283 560 362 606 xxi,
377 559 426 610 2)

225 612 495 653 Denuntiare:
526 611 760 651 denuntiant
789 626 830 651 se
861 614 1109 653 damnaturos

279 666 390 721 (cum
425 666 586 717 imperio
619 672 660 705 et
691 666 893 706 severitate
929 667 1110 721 edicunt)

278 720 346 767 xii,
366 724 390 760 3
420 719 505 773 (Sic
525 719 633 759 Curt.
648 719 716 766 vii,
729 723 770 767 7,
789 724 840 760 25
857 719 957 772 &c.)

224 772 435 826 Depellere
453 774 503 812 de
524 773 724 826 provincia
742 774 911 826 aliquem
933 775 1003 830 (de
1023 787 1109 813 suc-

248 841 251 843 ·
277 839 427 866 cessore
451 827 493 865 in
510 828 682 879 regenda
700 827 918 881 provincia)
960 828 1063 874 xxiv,
1082 832 1108 869 2

276 881 428 921 hostem
447 888 544 920 terra
562 881 808 934 (profligare)
834 880 902 929 vii,
922 885 948 922 8
975 881 1109 921 Sicilia

277 946 341 983 xx,
359 939 386 976 2
414 935 629 987 periculum
646 934 857 988 (evadere)
895 936 955 983 ·iv‚
975 939 999 975 3
1042 934 1109 989 (ut

277 1001 342 1042 ap.
354 989 450 1029 Tac.
468 988 524 1028 H.
539 987 595 1035 iv,
613 993 682 1036 42,
703 988 765 1041 2).
795 989 991 1040 depellere
1008 1001 1107 1040 prae-

278 1043 376 1082 sidia
392 1043 638 1082 barbarorum
657 1056 705 1082 ex
723 1043 782 1082 bis
793 1042 983 1095 regionib.
1011 1043 1065 1090 iv,
1080 1047 1107 1083 2

276 1097 500 1136 servitutem
543 1109 566 1135 a
597 1096 756 1136 civitate
795 1111 859 1143 xx,
896 1101 919 1137 1
961 1096 1108 1149 depelli

276 1163 301 1189 a
329 1151 450 1204 gradu
490 1150 533 1197 ii,
552 1155 576 1190 5
607 1150 666 1203 (ν.
693 1150 885 1203 Gradus).
925 1162 949 1188 a
982 1163 1023 1190 re
1059 1164 1106 1190 ea

272 1203 505 1258 (eleganter,
533 1203 798 1245 cumconsilio
824 1204 1102 1257 demovemur)

276 1258 354 1306 xiV,
370 1262 397 1299 7

222 1311 287 1351 De
317 1325 434 1352 onere
465 1310 571 1364 prius
601 1312 783 1359 animam,
817 1325 933 1364 quam
970 1311 1105 1351 odium

272 1325 347 1418 gie
364 1365 592 1418 inexpiabili
610 1365 724 1419 odio)
751 1365 859 1413 xxiii,
881 1371 901 1407 1
919 1366 953 1419 (‘
967 1365 1104 1418 Depo-

255 1432 365 1460 ‘nere
395 1418 558 1466 odium,'
577 1420 774 1466 usitatum,
792 1421 862 1459 sed
882 1425 894 1442 ⁸
907 1420 1104 1466 animam,'

255 1473 393 1512 uarius
410 1487 422 1523 ;
441 1471 542 1512 dixit
559 1478 687 1512 tamen
709 1473 948 1525 Propertius.
967 1473 1103 1512 Lamb.

250 1548 255 1551 -
273 1527 338 1567 Sic
355 1526 462 1574 alibi,
477 1539 621 1580 ponere
634 1527 752 1565 vitam
765 1526 819 1574 iv,
832 1526 894 1580 5).
907 1528 1104 1579 deponere

256 1596 259 1599 ·
274 1581 482 1633 pecuniam
500 1579 541 1620 in
560 1587 637 1621 tem
669 1581 706 1620 lo
738 1579 814 1632 (sc.
849 1580 1039 1621 custodiae
1064 1588 1106 1622 et

274 1635 490 1675 securitatis
521 1647 638 1675 causa
688 1633 835 1680 xxiii,9
879 1633 984 1687 (mos
1016 1647 1102 1686 pas-

255 1711 260 1716 ·
275 1689 346 1727 sim
365 1687 537 1740 obvius).
555 1688 753 1740 deponere
771 1686 975 1739 imperium
993 1702 1058 1735 xx,
1077 1692 1102 1729 3

222 1739 466 1795 Depopulari
486 1741 683 1795 regionem
716 1741 806 1787 xvii,
827 1745 851 1782 3

221 1794 464 1848 Deportare:
486 1797 537 1836 ad
567 1796 853 1848 deportandum
871 1808 960 1835 eum
988 1796 1105 1835 missa

273 1850 385 1890 navis
402 1851 472 1904 (ad
489 1850 732 1890 vehendum:
752 1849 803 1888 de
813 1862 876 1895 eo,
895 1849 964 1902 qui
972 1863 1105 1889 severa

273 1904 576 1945 denunciatione
607 1902 820 1956 magistrat.
846 1909 1006 1942 vocatus
1024 1910 1108 1943 erat

273 1958 403 2011 dom.)
433 1958 499 2005 vii,
522 1962 549 1998 4
587 1958 794 2010 deportare
827 1969 916 1996 ossa
937 1957 1104 2010 alicujus

273 2013 324 2051 ad
356 2012 415 2066 (v.
434 2010 556 2066 Ossa)
581 2010 691 2059 xviii,
710 2015 760 2052 13
790 2011 1025 2063 triumphum
1055 2025 1103 2051 ex

274 2066 475 2118 provincia
499 2066 602 2113 xxiv,
617 2069 644 2106 2

219 2118 433 2172 Deprecari
467 2119 656 2171 pericula,
686 2119 931 2158 incommoda
958 2118 1102 2158 amico-

273 2186 357 2212 rum
377 2173 450 2227 (ne
480 2174 567 2212 illos
596 2172 792 2225 affligant)
820 2186 909 2220 xxv,
930 2177 982 2212 12
1016 2172 1102 2223 (Sic

279 2231 293 2250 ‘
307 2226 508 2279 deprecari
525 2226 699 2273 bellum,'
717 2233 757 2266 et
773 2231 785 2249 ‘
802 2225 994 2274 mortem,'
1011 2226 1102 2267 Jus-

275 2281 346 2321 tin.
376 2280 460 2328 viii,
479 2284 519 2321 2.
547 2286 588 2320 et
614 2280 667 2326 xi,
685 2283 727 2320 9.
755 2278 912 2330 Vorst.)

219 2334 448 2387 Deprimere
466 2347 584 2373 naves
599 2332 861 2388 (demergere)
888 2334 941 2380 ix,
960 2336 986 2373 4
1032 2334 1101 2372 de-

272 2389 435 2441 primere
462 2400 596 2440 preces
638 2386 804 2438 alicujus
842 2387 1102 2426 obstinatione

262 2442 456 2482 >diuturna
466 2441 749 2495 (contemnere.
760 2441 824 2479 Sic
837 2441 937 2479 Mss.
957 2445 998 2480 et
1009 2442 1100 2480 edd.

265 2495 371 2547 vet.)
392 2508 481 2542 xxV,
506 2499 560 2535 22
576 2495 709 2547 (Male
738 2493 888 2539 Lamb„
907 2506 1102 2546 com-,ares-

275 2550 326 2588 sit

219 2549 486 2655 Deptignare:
515 2601 567 2640 ad
584 2599 890 2652 depugnandum
917 2600 1005 2653 cogi
1031 2600 1101 2654 (ad

274 2656 383 2709 prael.
402 2654 743 2704 committendum)
770 2654 811 2700 ii,
827 2657 852 2693 4

220 2709 431 2763 Dercyllus
461 2707 682 2763 (Antipatri
711 2708 916 2760 praefectus
934 2705 1102 2761 Atticae)

273 2764 353 2811 xix,
376 2767 402 2804 2

221 2817 474 2857 Descendere
509 2815 551 2854 in
588 2813 782 2854 Graeciam
836 2815 886 2853 de
930 2813 1101 2853 adventu

273 2870 411 2910 Xerxis
430 2882 500 2922 per
517 2867 641 2922 mare)
659 2868 717 2915 iii,
735 2871 756 2908 1
788 2868 807 2921 (
852 2867 940 2907 raeci
954 2865 1102 2914 ἀνάβα-

274 2939 338 2965 σιν
356 2931 508 2964 vocant.
523 2922 695 2973 Schott.)
732 2921 937 2961 descendit
965 2920 1103 2961 civitas

274 2978 383 3017 univ.
411 2978 471 3016 his
489 2975 645 3016 obviam
663 2974 704 3014 in
724 2975 915 3015 Piraeeum
942 2974 1048 3021 vii,6

221 3031 448 3071 Desciscere
493 3030 584 3077 xxii,
612 3033 640 3070 2
692 3030 741 3068 ab
783 3029 915 3081 aliquo
957 3028 1028 3076 vii,
1063 3033 1104 3069 5.

274 3084 340 3122 xiv
373 3089 397 3124 5

223 3113 363 3177 Deser'i
381 3138 431 3176 ab
449 3137 579 3188 aliquo
591 3136 632 3174 in
651 3137 755 3175 bello
782 3136 861 3182 xiv,
881 3139 907 3176 2
934 3134 1105 3174 deseruit

277 3203 365 3229 eum
384 3190 492 3229 nulla
507 3191 550 3228 in
567 3202 607 3228 re
625 3190 696 3241 (de
712 3189 815 3228 fideli
831 3189 1104 3241 constantique

277 3243 416 3296 opera)
442 3242 548 3289 xxiii,
567 3245 594 3281 8

223 3298 432 3338 Desiderat
477 3297 563 3334 haec
586 3294 737 3334 obsonii
768 3306 908 3345 genera
950 3300 1103 3345 tempus

278 3363 448 3404 praesens
466 3348 636 3403 (poscit)
663 3347 756 3394 xvii,
776 3351 801 3387 8
830 3347 994 3386 artifices
1005 3359 1103 3409 quos

277 3405 471 3444 desiderat
502 3403 629 3442 cultus
666 3399 901 3441 domesticus
942 3400 1103 3452 (quibus

278 3469 377 3509 opus
390 3464 452 3498 est
468 3458 517 3496 ad
529 3457 676 3496 cultum
694 3452 822 3507 dom.)
849 3467 938 3499 xxv,
953 3457 1002 3494 18
1026 3466 1106 3493 non

256 3510 443 3560 ‘multum
471 3509 664 3550 desideret
681 3508 892 3555 historiam,
918 3507 986 3559 qui
1014 3506 1102 3561 (ex-

282 3562 409 3618 petat)
435 3576 528 3611 xxv,
543 3568 594 3605 16
632 3563 868 3605 desideratur
898 3562 998 3602 illius
1031 3562 1101 3602 irn-

1934 266 2056 319 xliii

1226 400 1412 452 peratoris
1443 413 1560 453 opera
1577 399 1700 453 (opus
1724 405 1784 440 est
1807 413 1893 440 eam
1927 402 2056 442 solici-

1226 454 1329 507 tare)
1357 451 1421 501 xv,
1441 459 1464 494 5
1495 454 1558 493 Sic
1580 469 1590 492 :
1621 454 1833 493 desiderari
1850 461 1979 508 coepta
1997 463 2060 495 est

1226 507 1428 560 diligentia
1465 507 1747 559 Epaminondae
1781 509 1907 560 (hunc
1925 510 2057 562 potius

1226 566 1403 611 praeesse,
1437 560 1549 612 cujus
1591 561 1709 600 virtus
1742 568 1917 613 spectata
1960 570 2056 610 erat,

1227 627 1360 653 omnes
1378 614 1608 667 cupiebant)
1628 629 1690 661 xv,
1709 619 1734 654 7
1755 614 2057 669 (παραφράσεως

1224 667 1346 706 instar
1362 681 1445 706 esse
1465 674 1594 719 potest
1623 669 1671 706 ad
1691 669 1796 707 hunc
1827 670 1852 708 l.
1882 670 1948 709 ille
1978 671 2058 710 Ta·

1227 721 1294 760 citi
1311 722 1362 760 de
1376 721 1508 772 Agric.
1528 722 1594 768 xli,
1615 725 1638 761 3
1660 727 1672 744 ‘
1686 734 1775 761 cum
1790 724 1933 762 damna
1945 724 2058 763 dam·

1226 775 1286 813 nis
1334 776 1670 821 continuarentur,
1704 777 1935 827 poscebatur
1990 791 2056 818 ore

1226 827 1331 880 vulgi
1369 829 1447 868 dux
1493 828 1692 882 Agricola,
1742 831 2056 882 comparantibus

1225 882 1377 921 cunctis
1396 883 1581 935 vigorem,
1619 884 1893 931 constantiam,
1930 891 1971 924 et
1988 899 2056 924 ex-

1224 942 1376 987 pertum
1409 936 1521 976 bellis
1539 936 1724 984 animum,
1754 950 1844 976 cum
1861 938 1999 978 inertia
2017 945 2058 978 et

1223 989 1431 1029 formidine
1456 989 1618 1036 eorum,’
1653 991 1723 1043 qui
1748 996 1828 1030 tum
1859 1004 1919 1031 res
1946 1005 2056 1045 gere-

1225 1043 1320 1082 bant
1348 1056 1402 1084 sc.
1445 1043 1596 1084 Eodem
1624 1056 1740 1083 sensu
1759 1045 1903 1085 dicitur
1916 1046 1967 1085 de
1985 1047 2054 1085 ab·

1224 1104 1334 1136 sente
1352 1104 1393 1136 et
1410 1098 1558 1151 exule).
1591 1098 1795 1138 confestim
1812 1105 1917 1139 notae
1935 1100 2055 1140 virtu-

1223 1151 1273 1189 tis
1308 1151 1542 1191 desiderium
1575 1157 1827 1192 consecutum
1862 1159 1923 1192 est
1967 1167 2008 1202 v,
2027 1158 2053 1195 3

1224 1204 1428 1244 Cimonem
1465 1204 1607 1244 Athen.
1635 1205 1676 1244 in
1711 1206 1830 1254 bello,
1866 1207 1908 1245 in
1939 1220 2054 1259 pace,

1222 1259 1290 1296 diu
1316 1259 1632 1298 desideraverunt
1668 1260 1742 1312 (de
1774 1260 1914 1299 mortui
1951 1262 2053 1301 desi-

1222 1312 1352 1365 derio)
1380 1326 1419 1359 V,
1438 1317 1464 1353 4
1510 1312 1608 1367 (hoc
1627 1325 1740 1352 sensu
1760 1313 1860 1354 clare
1884 1314 2055 1366 loquitur

1200 1377 1203 1380 ’
1224 1365 1329 1405 Plin.
1358 1366 1509 1418 Paneg.
1536 1367 1588 1405 de
1606 1365 1738 1405 Nerva
1759 1379 1847 1419 cap.
1878 1371 1944 1407 10.
1973 1374 1985 1391 ‘
2005 1381 2054 1409 eo

1220 1418 1308 1471 ipso
1333 1431 1444 1458 carus
1473 1419 1651 1459 omnibus
1682 1432 1728 1459 ac
1757 1419 2054 1470 desiderandus,

1220 1473 1327 1564 (113uod
1388 1478 1623 1526 rospexerat,
1659 1486 1710 1513 ne
1742 1473 2056 1524 desideraretur,’

1259 1527 1358 1565 oeci.
1983 1531 1985 1533 ’

1169 1579 1371 1620 Desistere
1387 1594 1396 1618 z
1413 1579 1635 1632 (molestiis,
1650 1579 1826 1621 Freinsh.
1846 1582 1913 1630 xii,
1933 1581 1983 1635 6)
2002 1583 2053 1623 de

1221 1634 1472 1673 contentione
1495 1633 1817 1686 (controversiam
1851 1636 2049 1689 omittere)

1222 1685 1304 1734 xiii,
1323 1691 1349 1727 2
1395 1700 1474 1727 non
1493 1688 1644 1727 destitit
1675 1686 1898 1728 inimicitias
1930 1690 2052 1729 susci-

1221 1753 1314 1793 pere
1328 1740 1504 1794 (semper
1519 1740 1714 1794 suscepit)
1729 1743 1833 1790 xxiv,
1854 1747 1880 1783 2
1914 1742 2053 1805 juvare

1221 1794 1383 1846 patriam
1413 1794 1506 1841 xvii,
1525 1799 1551 1835 7
1579 1808 1780 1848 nunquam
1799 1795 1951 1836 destitit
1967 1795 2053 1837 ani-

1221 1860 1284 1887 mo
1304 1848 1447 1889 bellare
1465 1848 1573 1895 xxiii,
1593 1852 1616 1889 1

1167 1901 1387 1954 Desperare
1405 1903 1456 1942 de
1475 1903 1588 1942 rebus
1608 1902 1766 1942 summis
1794 1903 1900 1951 xviii,
1928 1907 1956 1944 9
1984 1905 2052 1944 de·

1221 1955 1390 2007 speravit
1404 1962 1586 2008 praestare
1604 1969 1646 1995 se
1664 1969 1793 2008 posse,
1823 1970 1912 2009 quae
1936 1958 2052 2010 polli-

1220 2010 1320 2048 citus
1350 2015 1433 2048 erat
1473 2010 1516 2057 ii,
1536 2013 1588 2049 10
1629 2022 1709 2048 non
1746 2011 1971 2062 desperatur
1999 2012 2050 2052 de

1220 2063 1362 2102 virtute
1380 2076 1512 2102 eorum
1542 2062 1794 2117 (crederetur,
1819 2065 1948 2103 adhuc
1966 2077 2052 2105 esse

1220 2117 1380 2168 aliquod
1412 2117 1454 2155 in
1483 2117 1625 2156 virtute
1643 2129 1775 2156 eorum
1805 2118 2051 2171 praesidium)

1219 2170 1247 2217 i,
1267 2173 1292 2210 4
1320 2171 1515 2222 desperati
1529 2169 1694 2224 (abjecti
1711 2170 1941 2226 afflictique)
1959 2185 2050 2220 xxv,

1219 2227 1245 2263 8
1274 2224 1486 2276 desperatis
1502 2225 1616 2264 rebus
1636 2225 1765 2276 generi
1783 2224 1846 2279 (id
1865 2231 1937 2273 est,
1962 2239 2051 2265 cum

1220 2277 1475 2331 desperasset,
1495 2278 1627 2331 generi
1659 2284 1801 2318 conata
1827 2292 2051 2319 successura

1219 2338 1288 2370 aut
1321 2338 1506 2371 eventum
1524 2331 1720 2385 habitura)
1748 2331 1825 2380 xiv,
1844 2336 1871 2372 6
1910 2333 2051 2385 despe-

1218 2384 1308 2424 ratis
1333 2386 1446 2426 rebus
1464 2385 1749 2439 provinciarum
1775 2400 1865 2432 xxv,
1885 2389 1911 2426 8
1939 2388 2051 2441 (cum

1219 2439 1335 2478 diffisi
1353 2446 1484 2479 essent
1503 2439 1709 2491 provinciis
1725 2454 1734 2478 :
1755 2452 1843 2492 quae
1854 2439 1931 2478 illis
1945 2441 2049 2479 datae

1218 2491 1398 2531 fuerant:
1426 2492 1553 2532 Cretae
1572 2498 1613 2531 et
1638 2492 1777 2545 Libyae
1796 2493 1844 2532 P.
1866 2493 2049 2548 Manut.)

1219 2546 1270 2583 ad
1288 2545 1599 2598 desperationem
1618 2545 1817 2597 pervenire
1844 2546 1939 2592 xxii,
1954 2549 1981 2586 2

1165 2598 1379 2651 Despicere
1395 2599 1544 2651 aliquid
1557 2598 1787 2653 (negligere,
1801 2611 1882 2638 non
1901 2612 2048 2647 curare,

1219 2659 1328 2704 tanq.
1357 2665 1438 2692 rem
1467 2665 1559 2693 cura
1581 2658 1622 2691 et
1652 2651 1901 2692 solicitudine
1917 2652 2047 2706 indig-

1218 2707 1329 2758 nam)
1358 2707 1437 2753 xvi,
1453 2710 1477 2746 3
1507 2705 1562 2745 rei
1578 2705 1775 2745 familiaris
1787 2706 1934 2746 fructus
1947 2706 2047 2760 (non

1219 2772 1363 2812 cupere
1395 2759 1568 2809 reditus3
1611 2760 1757 2798 honore
1802 2761 2050 2812 contentum)

1217 2826 1307 2860 xxv,
1325 2817 1353 2854 6
1385 2814 1593 2865 despectus
1610 2812 1699 2867 (qui
1731 2826 1811 2852 non
1840 2814 2046 2853 metuitur:

1219 2867 1337 2918 paulo
1355 2873 1461 2915 ante,
1478 2866 1719 2919 contemtus)
1747 2866 1828 2913 viii,
1847 2871 1874 2907 2

1165 2919 1400 2972 Despondet
1417 2921 1479 2960 vix
1498 2920 1717 2960 anniculam
1742 2920 1929 2973 virginem
1957 2921 2046 2961 Cae-

1220 2987 1281 3013 sar
1297 2974 1447 3014 Neroni
1474 2987 1562 3021 xxv,
1585 2978 1636 3014 19
1663 2973 1835 3028 (Magna
1848 2988 1909 3022 ea,
1926 2975 2045 3025 vulgo

1218 3029 1350 3075 etiarn,
1388 3028 1545 3067 licentia
1591 3028 1886 3079 sponsaliorum,
1936 3027 2045 3065 nullo

1217 3083 1342 3120 aetatis
1353 3087 1544 3133 respectu.
1563 3082 1654 3120 hinc
1667 3081 1947 3119 immaturitass
1978 3092 2050 3119 on·

1220 3147 1345 3174 sarum
1361 3136 1410 3173 ab
1428 3134 1607 3186 Augusto
1623 3135 1709 3185 lege
1728 3133 1909 3173 coercita.
1968 3139 2050 3173 net.

1219 3191 1287 3228 34.
1315 3187 1409 3226 Vid.
1428 3188 1534 3239 Lips.
1554 3188 1603 3226 ad
1619 3187 1744 3225 Tacit.
1763 3186 1815 3224 A.
1834 3189 1873 3226 8.
1906 3186 2047 3227 Boeel.

1220 3240 1328 3279 Add.
1346 3247 1428 3279 not.
1446 3240 1642 3280 Loccenii.
1671 3239 1852 3279 Ceterum
1871 3239 1988 3279 etiam
1996 3253 2045 3279 ex

1220 3295 1261 3333 h.
1294 3294 1321 3332 1.
1362 3300 1525 3345 apparet
1559 3305 1638 3332 non
1685 3305 1770 3333 esse
1813 3306 1864 3345 pe
1935 3299 2044 3332 tunm

1220 3346 1425 3386 discrimen
1457 3345 1557 3385 inter
1580 3346 1772 3398 spondere
1798 3353 1840 3386 et
1903 3355 2045 3399 espon-

1218 3402 1325 3447 dere‚
1344 3398 1505 3505 D)onato
1523 3400 1705 3440 traditum
1729 3401 1781 3441 ad
1806 3399 1895 3441 Ter.
1918 3400 2043 3439 Andr.

1217 3454 1246 3501 i,
1265 3457 1305 3499 1,
1323 3457 1375 3494 ⁷5

1166 3506 1388 3548 Destinavit
1404 3519 1676 3560 praeoccupare
1693 3506 1981 3561 (constituerat,
2001 3506 2041 3543 in

1224 3561 1350 3603 animo
1371 3560 1559 3614 habebat)
1587 3562 1692 3610 xviii,
1711 3566 1738 3603 2
1766 3563 1929 3615 (anteaz
1952 3565 1962 3582 ‘
1976 3573 2041 3599 co-
