2306 3900
298 268 342 323 ii
1118 271 1321 327 mum&

353 405 515 459 (distat)
541 406 646 455 xxiii,
663 411 703 448 ‚6
742 408 857 460 longe
887 407 1020 474 aberat
1046 409 1096 448 ab
1125 394 1209 448 his'

353 460 544 511 regionib.
575 461 652 506 xiv,
672 464 698 501 4

301 512 518 553 Abhorrere
550 527 574 552 a
604 515 766 554 consilio
798 514 963 567 alicujus
991 516 1018 562 i,
1038 518 1062 555 3
1092 529 1186 568 opp.

356 568 543 606 accedere
561 569 611 606 ad
632 569 850 615 consilium,
879 569 974 607 ibid.
1019 582 1099 608 non
1118 571 1186 608 ab·

357 621 514 659 horrent
545 620 630 673 ejus
666 636 790 662 mores
808 637 832 661 a
849 623 945 661 meis
963 621 1186 676 (de-simili·

356 675 494 715 tudine
514 677 683 728 morum)
713 690 801 723 xxv,
822 679 874 716 14

300 727 485 779 Abjicere
503 728 651 780 aliquid
678 729 719 767 in
743 728 950 782 propatulo
965 729 1111 781 (sinere
1124 730 1187 782 ja-

357 794 459 828 cere,
478 788 662 833 tanquam
682 797 759 822 rem
777 782 913 833 vilem)
940 783 1048 829 xxiii,
1067 788 1093 823 9
1119 785 1188 822 ab·

351 833 484 885 jectus
504 835 740 889 (opponitur
754 835 929 889 florenti)
956 850 1046 883 xxv,
1066 839 1091 876 8

303 888 401 927 Abit
432 901 491 927 res
524 901 548 926 a
577 888 742 929 consilio
760 891 811 928 ad
828 890 906 928 vim
932 890 1187 942 pugnantium

357 941 422 994 (in
441 942 574 993 praelio
595 942 699 996 scil.)
728 944 808 990 viii,
828 947 851 982 1

303 994 504 1046 Abrogare
542 996 660 1036 alicui
693 996 899 1049 imperium
926 1009 990 1042 xv,
1008 999 1034 1036 7
1069 997 1190 1048 magi-

359 1055 517 1088 stratum
547 1049 616 1096 vii,
635 1052 660 1090 7

303 1100 511 1154 Abripere,
540 1115 628 1155 quae
661 1103 742 1156 regi
777 1108 980 1155 portantur
1012 1102 1190 1156 (interci-

356 1155 472 1208 pere)
517 1158 595 1204 xiv,
631 1161 658 1197 4
703 1157 808 1197 cives
853 1156 1019 1208 alicujus
1065 1157 1192 1208 gentis

357 1210 560 1263 (captivos
597 1210 812 1263 abducere)
856 1211 885 1257 i,
922 1214 948 1250 4
995 1210 1118 1262 abripi
1153 1211 1192 1248 vi

359 1270 636 1315 tempestatum
654 1266 728 1318 (de
747 1263 1040 1317 navigantibus)
1070 1263 1133 1303 Fr.
1153 1267 1179 1304 7

303 1316 527 1358 Abscedere
551 1319 700 1371 oppido
723 1319 853 1372 (quod
873 1317 1193 1371 oppugnabatur)

357 1371 411 1418 xi,
431 1375 457 1412 2
486 1386 566 1411 non
596 1374 803 1413 abscedere
831 1373 936 1424 prius
951 1372 1052 1425 (non
1071 1371 1192 1410 desis-

360 1430 441 1463 tere
461 1438 484 1463 a
502 1425 657 1478 pugna)
686 1440 750 1472 xv,
771 1431 798 1466 9

304 1476 482 1516 Absens:
522 1480 672 1518 absenti
717 1478 922 1531 imperium
966 1478 1192 1529 abrogatum

359 1531 425 1578 vii,
456 1536 481 1571 7
528 1534 667 1572 absens
713 1533 919 1571 damnatus
964 1532 1192 1583 proditionis

359 1585 590 1639 (Themist.)
610 1587 651 1632 ii,
663 1590 689 1627 8
707 1585 914 1625 sustulitT.
923 1584 1195 1637 Sempronium

358 1639 558 1679 Hannibal
577 1640 683 1693 (scil.
700 1653 770 1692 per
787 1639 1003 1690 Magonem
1016 1638 1197 1690 fratrem)

352 1693 467 1739 xxiii,
485 1699 508 1733 5
538 1693 691 1733 absenti
718 1695 905 1746 abrogant
929 1692 1192 1744 magistratum

357 1746 582 1800 (Alcibiadi
617 1745 902 1799 Athenienses)
948 1747 1015 1792 vii,
1046 1749 1070 1786 7
1125 1746 1193 1785 ab-

359 1807 510 1840 sentem
537 1808 723 1840 accusant
748 1800 1048 1840 Themistoclem
1075 1799 1195 1852 legati

360 1853 507 1893 Athen.
527 1855 569 1902 ii,
583 1859 608 1895 8
637 1869 743 1894 reum
757 1855 908 1894 faciunt
923 1853 1052 1892 Alcib.
1068 1854 1193 1893 Athe-

359 1908 516 1947 nienses
535 1910 601 1955 vii,
617 1913 643 1948 4
673 1910 850 1948 absentes
863 1909 1110 1954 damnantur,
1125 1909 1194 1960 qui

360 1974 487 2001 exerc.
532 1963 782 2002 deseruerant
826 1961 933 2007 xviii,
962 1966 985 2001 5
1034 1962 1196 2002 absente

360 2015 465 2054 bono
495 2016 598 2055 duce
614 2029 674 2055 res
694 2015 809 2068 pejus
826 2015 1114 2054 administratur
1140 2016 1193 2062 ix,

362 2072 386 2109 1
416 2070 592 2109 absentia
628 2070 804 2109 levandae
840 2069 1000 2108 invidiae
1030 2070 1195 2121 quaesita

360 2122 428 2170 xii,
449 2127 473 2163 3

308 2177 475 2216 Absolvi
493 2177 631 2229 capitis
650 2176 757 2230 (sub.
776 2189 800 2215 a
814 2188 931 2227 poena
944 2175 1006 2214 vel
1020 2175 1196 2223 crimine,

360 2230 424 2269 vel
441 2231 480 2268 in
492 2229 666 2282 judicio:
689 2231 778 2270 vide
794 2230 906 2269 Voss.
921 2230 972 2268 de
985 2235 1195 2270 construet.

361 2296 455 2335 cap.
481 2283 557 2337 26)
583 2283 614 2331 i,
634 2288 658 2324 7
683 2283 836 2336 judicio
857 2283 987 2335 aliquo
1015 2283 1068 2329 xi,
1087 2287 1113 2323 3

307 2336 517 2377 Abstinere
535 2351 576 2377 se
595 2338 684 2376 cibo
712 2350 801 2383 xxv,
820 2340 886 2376 22
901 2339 995 2389 (pro
1012 2349 1091 2387 quo
1110 2336 1197 2375 vul-

363 2404 414 2444 go
432 2391 598 2438 obtinet,
627 2396 639 2413 ‘
655 2391 847 2429 abstinere
858 2389 974 2428 cibo.’
1029 2389 1094 2428 Sic
1107 2389 1195 2429 Cae-

364 2457 425 2483 sar
442 2445 492 2484 B.
512 2444 565 2484 G.
593 2445 674 2491 viii,
689 2448 743 2484 44
771 2449 782 2467 ‘
804 2444 938 2495 paucis
955 2442 1094 2481 diebus
1111 2455 1196 2483 sese

361 2498 450 2538 cibo
489 2498 702 2537 abstinuit?
758 2497 844 2537 Cic.
871 2495 998 2549 Epist.
1043 2497 1110 2542 vii,
1142 2500 1197 2537 26

361 2558 373 2574 ⁴
395 2565 457 2591 me
490 2553 626 2591 ostreis
649 2557 691 2590 et
714 2551 895 2589 muraenis
913 2549 1153 2589 abstinebam
1170 2550 1195 2589 :’

364 2619 400 2644 v.
419 2604 535 2646 Voss.
569 2607 624 2645 de
651 2610 860 2645 construet.
881 2617 968 2656 cap.
987 2607 1054 2644 22.
1074 2610 1115 2643 et
1131 2604 1157 2643 J
1159 2618 1196 2643 ο.

362 2658 514 2699 Rhodii
532 2659 623 2698 Ind.
643 2658 861 2710 Scribonii)

309 2711 561 2753 Abstinentia
584 2713 767 2765 Epamin.
786 2717 936 2751 tentata
953 2710 1095 2765 (animi
1113 2712 1197 2751 scil.

363 2768 546 2807 adversus
563 2768 769 2820 pecuniam
789 2765 944 2814 invicti)
972 2779 1035 2812 xv,
1055 2770 1082 2806 4
1109 2765 1198 2805 Ari-

364 2821 476 2860 stidis
502 2822 561 2869 iii,
582 2826 620 2862 1·.
640 2825 664 2861 3
707 2821 816 2873 (Cic.
848 2821 898 2858 ad
928 2819 1015 2858 Att.
1035 2819 1110 2872 Ep.
1132 2824 1199 2860 17.

365 2878 379 2898 ‘
397 2874 462 2915 Sic
490 2875 532 2913 in
561 2876 761 2927 provincia
785 2886 857 2913 nos
881 2875 1061 2926 gerimus,
1090 2875 1198 2926 quod

364 2929 416 2967 ad
446 2929 734 2976 abstinentiam,
765 2935 811 2967 ut
840 2927 970 2966 nullus
1002 2928 1197 2967 teruncius

363 2982 606 3029 insumatur,’
624 2982 699 3021 διο.
735 2981 848 3021 Idem
861 2981 962 3021 offic.
982 2984 1021 3020 2.
1052 2987 1062 3004 ⁸
1077 2981 1200 3020 Nulla

365 3034 443 3075 alia
453 3049 494 3075 re
505 3036 713 3076 conciiiare
724 3035 876 3075 facilius
888 3034 1199 3074 benevolentiam

364 3090 627 3130 multitudinis
653 3096 831 3143 possunt,
860 3101 976 3140 quam
1002 3089 1198 3127 abstinen-

366 3143 423 3182 tia
441 3151 481 3183 et
499 3144 764 3183 continenti&
806 3141 964 3194 Lamb.)
992 3142 1083 3182 Sic*
1112 3143 1199 3181 abs-

367 3197 544 3237 tinentiae
575 3198 685 3250 signa
724 3196 1026 3251 (continentiae3
1072 3209 1198 3248 oppo-

366 3250 472 3289 nitur
489 3253 593 3291 enim
607 3251 763 3291 libidini
774 3257 844 3290 aut
857 3250 1038 3301 luxuriae)
1068 3250 1159 3297 xvii,
1173 3254 1197 3290 7

314 3300 497 3342 Abstrahi
530 3319 553 3344 a
587 3319 627 3345 re
660 3305 806 3356 majore
846 3305 924 3352 xiv,
943 3308 971 3344 4
998 3304 1116 3357 (Plus
1139 3309 1201 3343 est

369 3369 487 3417 quam
506 3359 681 3406 abduci·5
706 3372 801 3397 nam>
811 3359 887 3397 vim
900 3364 942 3398 et
958 3356 1198 3404 coactionem

368 3410 533 3449 involvit
549 3426 558 3449 ε
587 3426 625 3450 ν.
637 3411 785 3451 Donat.
798 3413 847 3451 ad
859 3412 1015 3452 Terent.
1027 3410 1200 3464 Adelph.

370 3476 410 3511 v,
429 3467 473 3517 Β,
488 3469 554 3506 57.
611 3465 814 3504 Lucretius
839 3466 896 3512 iii,
914 3470 991 3506 261
1023 3471 1035 3489 ‘
1056 3467 1201 3505 abstra-

370 3519 430 3563 hit
445 3519 607 3558 invitum
626 3519 740 3571 patrii
758 3520 942 3559 sermonis
959 3518 1146 3571 egestas')

1249 409 1463 451 Abundare
1494 411 1691 464 copiarum
1724 407 1830 450 omni
1861 417 2000 464 genere
2027 413 2133 461 xviii,

1304 469 1329 505 5
1359 465 1561 504 abundans
1579 467 1751 505 omnium
1782 479 1907 504 rerum
1936 467 1999 506 via
2025 467 2132 513 xviii,

1249 570 1310 610 Ac
1342 570 1451 625 (pr0,
1493 571 1659 624 quam):
1688 571 1811 623 ,aliud
1855 573 2039 620 facturus,
2085 584 2135 612 ac

1305 624 1591 675 pronuntiasset
1617 626 1710 671 xvii,
1730 630 1753 665 3
1783 626 1894 665 aliter
1923 640 1968 666 ac
2002 639 2133 678 spera—

1302 679 1371 716 bat
1397 677 1490 725 xxii,
1518 682 1544 719 2
1572 692 1651 717 non
1679 692 1790 718 secus
1822 693 1868 719 ac
1896 694 1934 725 x,
1962 684 1988 720 2
2016 679 2138 733 (Pro,

1303 731 1446 783 sicut):
1476 733 1557 784 pari
1571 730 1772 785 diligentia
1782 746 1829 772 ac
1841 734 1881 772 in
1893 733 1998 772 bello
2025 733 2134 780 xxiii,

1303 788 1329 824 7
1358 785 1440 836 pari
1458 798 1505 823 ac
1523 786 1690 824 dictator
1718 786 1881 838 imperio
1900 786 1973 839 (de
1991 786 2134 839 magis-

1306 842 1363 875 tro
1383 837 1579 891 equitum)
1607 837 1715 884 xxiii,
1734 843 1758 877 5

1251 889 1477 929 Acarnanas
1520 890 1762 946 (populum'
1779 890 1911 943 Epiri)
1955 892 2135 944 adjunxit

1305 943 1612 983 Atheniensibus
1629 943 1854 983 Timotheus
1883 945 1964 990 xiii,
1981 948 2008 985 2
2049 945 2135 997 (Ita

1305 997 1465 1103 quiden)1
1484 997 1600 1050 vulgo
1619 984 1773 1037 editui-⁸²2
1802 997 1871 1036 sed
1904 997 1982 1050 leg.
2011 997 2135 1037 Atha-

1306 1063 1439 1089 manas

1254 1101 1454 1143 Accedere
1489 1102 1662 1143 Africam
1694 1104 1809 1151 xxxiii,
1842 1108 1868 1144 8
1905 1109 1991 1144 astu
2031 1104 2074 1152 ii,
2107 1108 2152 1154 4,

1305 1157 1496 1196 Lemnum
1534 1158 1569 1208 i,⁸
1598 1161 1620 1197 1
1663 1159 1714 1196 ad
1752 1157 1925 1198 Atticam
1961 1158 1990 1204 i.
2015 1162 2042 1199 4
2085 1159 2136 1197 ad

1306 1211 1514 1250 amicitiam
1541 1210 1707 1262 alicujus
1735 1211 1840 1258 xviii,
1860 1215 1883 1252 1
1912 1212 1963 1252 ad
1981 1211 2138 1252 consili·
2174 1235 2186 1247 2

1309 1277 1373 1303 um
1406 1265 1566 1318 aliquod
1597 1266 1850 1316 (consensum
1878 1270 1921 1303 et
1945 1267 2137 1318 approba·

1308 1318 1454 1357 tionem
1491 1318 1623 1371 notat)
1662 1319 1690 1365 i,
1707 1322 1731 1358 3
1772 1320 1836 1371 (et
1860 1318 1979 1357 alibi:
2027 1319 2138 1371 sequi

1308 1372 1513 1411 consilium
1542 1372 1730 1424 alicujus;
1761 1373 1825 1412 cui
1857 1385 2003 1424 oppon.
2033 1385 2139 1419 mox,

1307 1426 1508 1464 abhorrere
1525 1439 1548 1464 a
1566 1425 1765 1478 consilio).
1794 1427 1843 1464 ad
1870 1427 2021 1465 hastam
2046 1439 2137 1472 xxv,

1309 1483 1336 1519 6
1376 1479 1476 1531 (Sic,
1507 1485 1518 1503 ‘
1537 1480 1588 1517 ad
1622 1481 1771 1518 hastam
1801 1492 1910 1518 suam
1938 1480 2136 1519 accedere'

1308 1533 1407 1571 dixit
1447 1533 1580 1572 Livius
1609 1536 1691 1573 43:
1738 1533 1818 1578 alii,
1847 1538 1859 1555 ‘
1879 1533 1930 1571 ad
1967 1533 2138 1594 vectiga-

1310 1586 1413 1632 liaz',
1441 1587 1521 1625 vid.
1554 1585 1728 1626 Gronov.
1758 1587 1811 1625 ad
1839 1585 1977 1632 Senec-
2008 1585 2141 1639 prst.

1312 1643 1403 1680 101.
1415 1645 1456 1679 et
1466 1639 1566 1681 infra
1580 1653 1617 1678 ν.
1631 1638 1792 1690 Hasta).
1805 1639 1853 1685 ad
1868 1653 2023 1685 manum
2034 1640 2138 1694 (col-

1310 1693 1398 1732 latis
1427 1692 1545 1745 signis
1563 1692 1767 1744 dimicare)
1795 1692 1902 1740 xviii,
1920 1697 1945 1733 5
1974 1693 2025 1738 ad
2039 1693 2139 1733 rern-

1309 1747 1421 1799 publ.
1442 1745 1665 1799 (capessere
1682 1745 1896 1800 rempubl.)
1918 1745 1976 1794 ix,
1995 1749 2018 1788 1
2048 1759 2140 1800 pro-

1310 1801 1399 1853 pius
1428 1813 1557 1840 muros
1583 1800 1612 1847 i»,
1629 1805 1654 1841 7
1684 1799 1838 1840 accedit
1864 1800 1961 1840 mihi
1989 1801 2142 1841 mimus

1310 1856 1338 1902 i,
1357 1859 1384 1895 4
1411 1861 1652 1894 accesserant
1668 1856 1717 1893 ad
1737 1855 1906 1906 corporis
1923 1854 2142 1895 firmitatem

1308 1908 1421 1961 plura
1446 1908 1567 1948 animi
1597 1909 1701 1948 bona
1719 1908 1878 1962 (juncta
1896 1913 2006 1947 erant
2024 1909 2141 1948 firmi·

1309 1963 1382 2002 tati
1416 1961 1547 2014 corp.)
1585 1976 1649 2009 xv,
1678 1966 1711 2002 -3
1756 1961 1963 2001 accessisse
1995 1962 2141 2002 febrem

1310 2016 1431 2056 sensit
1448 2015 1738 2068 (supervenisse
1755 2014 1874 2067 priori
1898 2014 2048 2063 morbo,
2076 2015 2143 2055 cui

1311 2076 1353 2108 et
1378 2082 1508 2108 rursus
1538 2069 1707 2108 decessit
1746 2082 1835 2116 xxv,
1852 2066 1933 2122 22)
1966 2081 2059 2116 xxv,
2087 2066 2139 2110 21

1310 2121 1427 2177 (Alia
1453 2123 1604 2162 ratione
1635 2123 1753 2162 febris
1783 2123 1971 2167 accedere
1985 2122 2143 2171 dieitur,

1311 2190 1403 2216 cum
1421 2189 1678 2230 paroxysmis
1691 2174 1886 2230 advenio:
2086 2188 2088 2190 “

1256 2229 1442 2270 Accessio
1461 2230 1566 2270 ficta
1582 2236 1643 2269 est
1656 2229 1836 2282 pecunius
1859 2241 1951 2277 xxm
1970 2233 2031 2270 w

1256 2284 1489 2323 Accelerare
1506 2284 1580 2323 sibi
1598 2284 1747 2336 aliquid
1774 2296 1864 2330 xxv,
1882 2279 1939 2324 22'

1256 2337 1416 2377 Acoersi
1444 2339 1494 2376 ad
1523 2351 1581 2385 se,
1597 2337 1766 2389 aliquem
1792 2336 1934 2387 jubere
1970 2349 2062 2388 xxv,
2088 2341 2138 2377 21

1312 2388 1401 2443 (Sic
1431 2390 1534 2429 enim
1573 2390 1649 2442 leg.
1684 2389 1839 2428 videtur
1873 2402 1959 2446 pro,
1986 2389 2143 2438 arcessi,

1311 2443 1375 2482 vel
1393 2443 1580 2490 arcessiri,
1598 2455 1689 2495 quae
1705 2442 1792 2482 aliis
1807 2442 1992 2498 placent)

1257 2495 1417 2536 Accidit
1448 2509 1556 2546 casu,
1585 2503 1629 2535 ut
1654 2491 1763 2544 xxiii,
1784 2499 1845 2536 12
1862 2497 1937 2536 bec
1971 2497 2144 2543 secunda

1310 2551 1479 2593 victona
1499 2551 1618 2597 xvigs·
1645 2550 1805 2597 accidit,
1833 2556 1877 2588 ut
1901 2549 1972 2598 vii,
1987 2555 2027 2591 8.
2055 2563 2143 2598 xxv,

1311 2607 1371 2645 20
1393 2605 1615 2644 existimans
1631 2603 1679 2643 id.
1693 2605 1801 2656 quod
1818 2603 1962 2644 accidit
1969 2599 2145 2658 (enan,

1312 2658 1561 2698 subsecutum
1581 2657 1662 2710 est)
1690 2657 1768 2704 xiv,
1788 2662 1815 2699 4
1853 2658 1957 2697 siout
1980 2665 2065 2697 tum
2080 2671 2146 2697 ac-

1313 2712 1411 2752 cidit
1436 2712 1551 2760 vii,—7'
1596 2711 1741 2752 accidit
1773 2713 1848 2751 hoc
1879 2711 1918 2751 ei
1949 2710 2023 2764 (de
2039 2723 2144 2762 novo

1311 2766 1574 2819 symptomate
1620 2765 1766 2817 morbi)
1812 2779 1903 2813 xxv,
1936 2769 1987 2806 21
2038 2765 2143 2812 huic,

1312 2818 1588 2872 quod'ceteris
1601 2820 1825 2858 mortalibus
1853 2820 1904 2866 ix,
1924 2824 1948 2860 5
1989 2818 2146 2859 081.ὼὶ-

1311 2880 1374 2914 tas
1397 2873 1704 2914 Lacedaemoniis
1749 2872 1840 2919 xvii,
1872 2876 1915 2913 θ·
1961 2873 2147 2918 accidunt

1313 2941 1434 2979 opera
1463 2927 1630 2980 alicujus
1661 2940 1720 2966 res
1749 2928 1935 2973 adversa,
1963 2927 2145 2967 secundae

1311 2981 1380 3028 vii,
1399 2986 1427 3022 6

1260 3035 1454 3087 Accipere
1469 3033 1728 3074 calamitatem
1754 3033 1810 3080 ix,
1827 3037 1860 3073 1>
1878 3033 2145 3079 conditionem

1313 3089 1552 3142 (acceptare,
1599 3094 1723 3126 ratum
1758 3088 1902 3126 habere
1950 3087 1996 3126 id
2038 3088 2144 3141 quod

1314 3141 1498 3194 offertur),
1533 3141 1609 3187 xiv,
1643 3145 1668 3181 8
1709 3142 1833 3181 fidem·
1863 3140 1995 3194 (relat.
2030 3140 2145 3193 dare)

1314 3197 1391 3243 xiV,
1413 3199 1470 3236 10⁴
1492 3194 1697 3247 imperium
1730 3196 1779 3234 ab
1805 3193 1980 3235 exercitu
2004 3193 2098 3242 ἡ,
2117 3197 2143 3234 3

1313 3249 1494 3302 injuriam
1521 3249 1645 3306 (affici
1662 3247 1826 3301 injuria)
1854 3262 1942 3296 xxv5
1964 3252 2016 3289 Μ’
2057 3246 2143 3286 vul-

1316 3313 1389 3345 nus
1428 3318 1467 3351 x,
1486 3307 1526 3344 6.
1564 3301 1644 3350 xiv,
1660 3307 1701 3343 6.
1739 3303 1768 3348 i.
1787 3306 1812 3343 7
1852 3301 2027 3342 celeriter
2055 3313 2143 3353 quae

1313 3358 1518 3397 traduntur
1528 3357 1602 3411 (de
1613 3354 2030 3408 docilitatediseipnb')
2055 3367 2144 3402 xxv,

1317 3416 1341 3452 Ι
1362 3411 1452 3464 (ubi
1467 3418 1595 3451 tamen
1608 3411 1676 3450 alii
1687 3409 1838 3448 malunt
1850 3406 2049 3462 arripere).
2061 3420 2145 3448 acc.

1316 3465 1483 3504 libenter
1515 3462 1693 3517 (audire)
1729 3460 1836 3509 xxii,
1855 3466 1881 3502 2
1927 3461 2147 3515 accipiebat

1316 3519 1532 3571 lacrymans
1540 3518 1661 3558 talem
1666 3516 1976 3556 benevolentiam
1985 3516 2142 3563 civium,
