2306 3900
475 272 538 310 1N
586 271 901 310 Bissmo'rn.
935 271 1237 311 BmTANN.
1270 272 1804 315 AssnssvA‘roRuM.
1949 262 2059 315 747

291 389 356 443 In
385 402 446 442 x.
469 390 522 444 2.
550 388 696 442 infra
720 391 774 444 2.
800 392 852 442 4.
898 395 1092 445 extant
1124 393 1296 446 variae
1322 393 1592 448 lectiones
1619 401 1677 448 et
1701 400 1849 450 notae
1895 396 1951 448 in
1974 395 2058 448 di-

215 491 407 528 versos
432 482 706 539 auctores,
734 476 879 528 inter
910 492 1051 543 quas
1076 482 1203 529 sunt
1232 484 1383 532 notae
1412 479 1472 534 J.
1498 479 1565 533 P.
1595 480 1900 546 D’Orstille,
1939 481 2058 535 col-

214 560 347 613 latae
376 562 447 614 ad
472 561 767 614 editionem
795 560 1103 614 Amstelod.
1127 563 1288 617 1706.
1316 582 1413 634 pp.
1443 566 1531 620 15.

288 646 361 700 Et
383 647 652 699 hactenus
677 647 745 699 de
791 645 1244 702 Oxoniensibus:
1284 649 1354 703 de
1389 652 1555 705 codd.
1592 653 1736 706 enim
1764 653 1829 707 C.
1858 653 2058 724 Nepo-

213 733 286 785 tis
314 733 370 784 in
390 731 758 786 Bibliothecis
786 732 1033 803 Collegg.
1056 734 1465 790 oxoniensium
1485 738 1619 812 nihil
1647 738 1981 792 audivimus

821 948 1030 1004 Codices
1068 948 1453 1005 Dublinienses.

283 1077 353 1130 In
393 1078 663 1134 Biblioth.
696 1078 930 1148 Collegii
970 1083 1183 1133 sanctae
1225 1079 1514 1135 Trinitatis
1554 1081 1707 1151 apud
1735 1082 2056 1137 Dublinium

209 1164 462 1218 codicem
513 1170 707 1219 extare
743 1171 1015 1219 memorat
1068 1165 1249 1219 Catal.
1300 1166 1448 1220 Mss.
1487 1166 1655 1236 Angl.
1713 1173 1769 1222 et
1820 1167 2054 1223 Hibem.

210 1249 328 1303 No.
354 1251 480 1305 407.
527 1252 625 1321 qui
663 1253 803 1305 inter
844 1251 959 1304 alia
1002 1250 1245 1303 continet
1286 1250 1416 1322 (art.
1442 1255 1518 1318 4.)
1558 1253 1782 1307 Daretis
1827 1253 2056 1325 Phrygii

209 1333 523 1389 Historiam
584 1336 656 1389 de
692 1335 1027 1389 Vastatione
1081 1334 1270 1404 Trojae
1312 1352 1347 1390 a
1384 1335 1650 1392 Cornelio
1695 1337 1922 1408 Nepote
1966 1338 2056 1410 (ut

205 1420 398 1485 fertur)
424 1421 495 1474 de
522 1421 726 1475 Graeco
751 1421 810 1473 in
835 1420 1094 1473 Latinum
1122 1436 1428 1475 sermonem
1451 1424 1799 1477 translatam.

276 1505 495 1561 Tribuit
519 1523 744 1577 quoque
760 1506 909 1560 idem
935 1504 1115 1559 Catal.
1133 1505 1230 1559 isti
1255 1507 1523 1562 Biblioth.
1539 1508 1682 1580 (No.
1699 1507 1855 1580 489.)
1880 1510 2053 1564 alium

206 1593 458 1647 codicem
484 1595 580 1664 qui
608 1593 854 1648 continet
875 1593 1063 1656 etiam,
1102 1592 1242 1644 inter
1266 1593 1397 1658 alia,
1439 1596 1673 1648 eandem
1719 1595 2053 1662 Historiam,

204 1680 298 1732 cui
317 1679 621 1749 praefigitur
645 1677 904 1750 Epistola
931 1675 1183 1732 Cornelii
1209 1679 1282 1732 ad
1307 1678 1636 1735 Sallustium
1662 1681 1734 1735 de
1761 1680 1978 1736 eadem.

833 1895 1044 1951 Codices
1074 1895 1436 1951 EboracenseS.

273 2036 343 2090 In
394 2038 659 2092 Biblioth.
704 2038 762 2092 S.
814 2038 968 2093 Petri
1010 2038 1160 2109 apud
1216 2037 1555 2102 Eboracum,
1609 2036 1723 2090 No.
1773 2036 1899 2090 407.
1942 2037 2048 2103 (sic

201 2123 407 2176 saltem
447 2125 683 2192 legimus
724 2124 783 2177 in
808 2124 990 2179 Catal.
1031 2125 1178 2177 Mss.
1214 2122 1380 2192 Angl.
1420 2129 1476 2177 et
1507 2121 1676 2192 Hib.)
1713 2122 1902 2176 codex
1944 2129 2048 2188 est,

200 2209 567 2277 amplectens,
599 2210 741 2263 inter
763 2210 894 2275 alia,
924 2210 1150 2263 Daretis
1177 2208 1405 2279 Phrygii
1434 2208 1588 2262 Hist.
1616 2209 1685 2261 de
1716 2207 2046 2262 Vastatione

200 2293 411 2364 Trojae,
437 2313 474 2349 a
498 2295 762 2350 Cornelio
790 2296 1014 2365 Nepote
1038 2295 1128 2366 (ut
1152 2293 1344 2364 fertur)
1367 2295 1436 2348 de
1461 2290 1668 2349 Graeco
1698 2295 1757 2347 in
1784 2294 2046 2348 Latinum

200 2396 503 2434 sermonem
540 2399 780 2437 versam.
856 2381 968 2435 No.
992 2381 1120 2435 489.
1149 2382 1416 2445 continet,
1455 2382 1597 2434 inter
1629 2381 1758 2445 alia,
1797 2380 2048 2450 ejusdem

202 2465 358 2520 Hist.
403 2469 710 2538 exemplar,
763 2470 855 2523 cui
895 2468 1200 2538 praefigitur
1236 2467 1419 2536 Epist.
1449 2467 1690 2520 Cornelii
1716 2467 1790 2519 ad
1835 2466 2046 2518 Sallus-

198 2550 336 2603 tium
384 2552 456 2604 de
499 2553 715 2606 eadem.
820 2554 914 2607 Ita
954 2554 1147 2606 saltem
1191 2553 1347 2617 olim,
1403 2569 1459 2606 n.
1512 2553 1678 2605 1694.
1739 2551 2046 2604 secundum

200 2637 388 2692 Catal.
434 2638 576 2692 Mss.
617 2637 787 2708 Angl.
813 2644 869 2693 et
909 2639 1049 2692 Hib.
1093 2638 1194 2692 sed
1233 2655 1344 2691 non
1367 2655 1532 2703 nunc,
1576 2638 1684 2690 nisi
1709 2641 2046 2690 commenta-

199 2722 319 2775 rioli
345 2725 536 2790 nostri,
561 2725 618 2777 in
642 2741 711 2778 ea
741 2724 1086 2778 bibliotheca
1113 2723 1394 2793 quondam
1422 2724 1598 2787 relati,
1625 2721 1900 2776 deficiant.

273 2808 563 2871 Hactenus
587 2810 657 2862 de
682 2809 974 2864 codicibus
1001 2807 1246 2863 Cornelii
1276 2807 1521 2878 Nepotis
1568 2807 1938 2861 Britannicis:
1977 2807 2047 2860 de

199 2893 406 2946 exteris
433 2911 482 2948 v.
509 2893 567 2946 J.
592 2893 657 2947 F.
685 2894 936 2949 Fischeri
965 2893 1135 2948 Praef.
1163 2904 1332 2963 supra
1359 2911 1415 2963 p.
1443 2894 1497 2946 7.
1523 2910 1645 2963 sqq.
