2306 3900
775 307 1077 348 conuenit
1124 308 1405 361 Nni’o'ris.
1904 297 2011 349 7213

240 432 512 490 Boec-lerus,
537 433 623 498 qui
640 447 747 480 eam
767 432 991 490 contulit,
1010 432 1055 479 in
1082 432 1206 480 notis
1224 433 1451 482 secundis
1471 433 1530 481 ad
1549 450 1660 498 cap.
1685 441 1759 482 14.
1788 430 2012 483 Datamis

248 531 366 580 pag.
398 522 508 563 111.
534 510 613 561 ed.
652 512 796 563 1648.
822 529 925 560 eam
953 512 1190 578 designat.

186 601 315 653 1499
338 595 518 643 Veneta
540 606 617 641 tv,
645 609 789 658 quam
828 593 1016 642 nonnisi
1039 611 1100 642 ex
1125 594 1206 641 Jo.
1236 594 1490 641 Savaronis
1515 593 1742 643 Animad.
1769 596 2012 659 cognitam

247 673 505 722 habemus.

183 771 223 803 s.
249 770 296 804 a.
316 761 368 802 et
391 754 425 802 1.
445 761 492 803 8.
519 751 900 802 Mediolanensis
920 770 958 802 S.
983 752 1298 812 Corneriana,
1325 769 1437 816 quae
1464 753 1662 818 quidem
1690 754 1827 803 fluxit
1852 773 1879 804 e
1901 758 2017 806 Jen·

248 834 466 891 soniana,
490 834 574 882 sed
594 834 898 883 emendatior
922 841 1014 892 est,
1043 834 1262 897 vitasque
1289 833 1494 882 Catonis
1517 843 1570 884 et
1595 836 1748 884 Attici
1773 838 2021 902 complec-

252 915 384 963 titur.
458 917 512 962 ln
538 914 697 964 fronte
721 925 796 964 est
817 915 1025 980 epistola
1048 915 1180 963 Petri
1222 915 1426 963 Corneri
1449 915 1511 963 ad
1548 916 1872 965 Theodorum
1915 918 2022 966 Pla-

253 1003 356 1043 tum
387 995 644 1060 patricium
685 996 1123 1045 Mediolanensem.
1159 996 1316 1045 Attici
1352 995 1499 1044 vitam
1542 997 1727 1062 excipit
1775 999 1886 1062 Ep.'
1911 999 2020 1048 Jac.

254 1075 459 1124 Beclieti
479 1074 542 1124 ad
566 1077 771 1124 eundem
795 1078 984 1125 Platum
1006 1095 1019 1133 ;
1057 1076 1181 1125 etad
1217 1078 1427 1126 eundem
1455 1079 1546 1142 Ep.
1575 1079 1746 1127 Franc.
1777 1078 2020 1144 Pliilelpbi

250 1155 525 1206 Mediolani
576 1169 654 1205 IV.
697 1159 864 1206 Nonas
899 1158 1155 1208 Jannarias
1199 1158 1402 1224 scripta,
1440 1158 1486 1206 in
1519 1158 1655 1208 calce
1691 1159 1801 1208 libri
1832 1159 2024 1226 legitur,

256 1235 374 1285 hinc
395 1236 459 1284 cl.
483 1237 712 1287 Fischero
753 1246 766 1267 ‘
787 1239 1186 1288 Mediolanensis'
1216 1245 1436 1287 vocatur.
1478 1238 1572 1287 Sed
1601 1238 1886 1304 philelphus
1918 1239 2026 1303 jam

254 1321 308 1369 d.
333 1326 416 1369 31.
442 1317 467 1365 J
477 1317 539 1365 ul.
572 1327 717 1370 1481.
757 1319 1015 1369 Florentiae
1033 1319 1239 1370 obierat.
1266 1317 1405 1369 Vixit
1442 1319 1481 1367 is
1505 1319 1570 1368 ab
1594 1336 1721 1368 anno
1745 1327 1888 1370 1440.
1907 1322 2026 1370 -Me·

257 1401 456 1461 diolani,
479 1401 691 1465 indeque
725 1401 846 1449 abiit
892 1407 1038 1456 1475.
1088 1401 1316 1459 Romam,
1360 1400 1475 1448 binc
1515 1417 1678 1448 rursus
1714 1401 2028 1450 Florentiam.

258 1483 474 1531 Necesse
510 1482 654 1545 igitur
680 1491 755 1529 est
785 1481 995 1547 priorem
1031 1480 1244 1544 aliquam
1276 1480 1632 1544 Philelphinam
1660 1481 1771 1528 vitae
1798 1483 1902 1529 Att.
1928 1481 2027 1529 edi-

259 1562 444 1612 tionem
467 1562 628 1610 suisse.
668 1562 810 1609 Hanc
835 1561 983 1609 totius
1006 1560 1140 1624 Nep.
1161 1576 1291 1618 vero,
1317 1577 1464 1623 quam
1491 1562 1602 1610 JaC.
1648 1560 1777 1609 Frid.
1821 1562 2029 1610 Heusin-

260 1656 419 1706 gerus,
444 1644 522 1692 Jo.
566 1642 720 1690 Mich.
762 1657 821 1688 ex
859 1642 1010 1689 fratre
1041 1655 1211 1704 nepos,
1252 1640 1298 1687 in
1338 1640 1567 1705 singulari
1606 1641 1772 1690 libello
1806 1642 1869 1690 de
1902 1642 2028 1690 Bibl.

260 1723 670 1788 Guelferbytanae
695 1722 877 1786 aliquot
900 1721 1133 1770 subsidiis
1156 1723 1220 1770 de
1245 1723 1395 1771 Corn.
1422 1723 1618 1786 Nepote
1647 1722 1768 1771 bene
1793 1722 2029 1781 merendi,

259 1804 322 1852 ad
344 1804 531 1853 calcem
556 1803 678 1852 edit.
707 1802 1028 1850 Fischerianae
1050 1818 1245 1858 recuso,
1270 1809 1284 1830 ‘
1299 1802 1657 1851 Cornerianam'
1674 1803 1857 1852 rectius
1880 1803 2023 1862 dixit,

263 1893 314 1934 et
337 1885 599 1950 octojuges
626 1884 820 1932 chartas
844 1882 906 1931 ad
933 1883 1318 1947 magnitudinem
1341 1884 1715 1947 quaternionum
1737 1884 2032 1937 accedentes

266 1966 444 2014 habere
469 1964 668 2023 docuit3
709 1963 838 2012 unde
881 1979 989 2012 eam
1027 1971 1147 2027 post
1186 1963 1487 2022 Maittarium
1530 1964 1580 2010 in
1622 1963 1796 2012 Annal.
1837 1971 2032 2028 typogr.

262 2046 326 2094 T.
355 2061 394 2096 1.
421 2046 477 2094 P.
503 2055 690 2111 poster.
717 2062 769 2110 p.
797 2045 913 2102 762.
940 2052 990 2093 et
1013 2045 1208 2093 Saxium
1232 2045 1278 2092 in
1304 2045 1412 2092 hist.
1439 2044 1563 2092 liter.
1603 2051 1794 2109 typogr.
1841 2045 2038 2093 Medio-

266 2127 358 2174 lan.
384 2125 530 2175 etiam
572 2125 831 2174 Fischerus
869 2125 1271 2190 quaternionibus
1297 2123 1536 2189 prodiisse
1562 2125 1691 2173 haud
1726 2123 1853 2174 adeo
1887 2141 2034 2174 accu-

268 2214 371 2255 rate
392 2206 628 2256 edixerat.
698 2206 876 2255 Saxius
899 2222 1005 2254 eam
1033 2205 1204 2254 ultimo
1245 2204 1484 2254 decennio
1523 2221 1636 2253 saec.
1678 2216 1780 2255 xv:
1802 2223 2034 2255 excusam

265 2287 474 2351 conjicit
497 2287 783 2347 Mediolani,
809 2287 1143 2352 Heusingerus
1167 2294 1298 2336 certe
1313 2294 1426 2335 ante
1451 2303 1631 2334 annum
1669 2286 1813 2345 1496.
1839 2295 2034 2343 censet;

268 2369 397 2418 unde
422 2368 708 2434 colligimus,
742 2368 888 2417 vitam
929 2367 1083 2416 Attici
1121 2384 1180 2416 ex
1220 2366 1463 2431 prioribus
1502 2369 1671 2415 Fra'nc.
1707 2368 1952 2433 Ph'ilelphi
1989 2375 2042 2416 et

266 2451 372 2500 Jac.
413 2450 616 2499 Becheti
638 2449 900 2498 accessisse
939 2449 1258 2508 editionibus,
1300 2448 1364 2498 de
1401 2448 1582 2514 quibus
1625 2450 2040 2512 supra—Exstat

268 2549 365 2579 non
392 2530 538 2579 modo
558 2530 605 2577 in
632 2529 760 2578 Bibl.
786 2529 1194 2595 Guelferbytana,
1215 2529 1300 2578 sed
1329 2529 1446 2578 etin
1465 2529 1593 2577 Bibl.
1620 2530 1811 2593 collegii
1838 2530 2041 2578 Paullini

273 2611 550 2676 Lipsiensis,
574 2610 703 2660 unde
726 2628 833 2659 eam
862 2612 1025 2659 denuo
1052 2611 1258 2659 contulit
1282 2611 1559 2659 Fischerus.
1597 2609 1771 2658 Bosius
1799 2609 1903 2673 jam
1929 2619 2042 2659 ante

272 2701 321 2742 et
345 2694 426 2741 Jo.
455 2692 612 2741 Mich.
638 2692 968 2757 Heusingerus
985 2692 1094 2754 ejus
1119 2692 1415 2741 lectionibus
1440 2690 1514 2739 usi
1537 2697 1688 2739 eraut.

213 2774 339 2825 1506
364 2774 689 2838 Argentorati,
716 2782 765 2823 4.
783 2773 958 2823 AEmilii
986 2773 1133 2822 Probi
1160 2773 1272 2821 vitae
1294 2772 1631 2820 excellentium
1653 2774 2042 2836 Imperatorum:

269 2856 366 2904 Titi
391 2855 649 2919 Pomponii
692 2855 848 2903 Attici
883 2871 968 2918 per
1006 2855 1155 2902 Corn.
1200 2854 1445 2918 Nepotem
1481 2851 1756 2918 descripta:
1798 2854 2045 2903 Plutarchi

215 2958 219 2962 <
273 2937 394 2986 liber
439 2936 501 2984 de
545 2937 718 2985 illustr.
767 2936 1023 2985 mulierum
1067 2935 1361 2991 virtutibus;
1399 2934 1627 2998 ejusdem
1666 2934 1915 3000 parallela.
1955 2938 2047 2984 Ar-

275 3018 514 3081 gentorati
538 3018 586 3065 in
610 3017 801 3066 aedibus
833 3016 1184 3066 Schurerianis.
1221 3014 1363 3065 Unde
1405 3014 1496 3072 his,
1523 3014 1623 3080 'qui
1648 3028 1751 3063 eam
1780 3016 2047 3073 contulere,

276 3097 456 3146 dicitur
472 3098 546 3147 vel
570 3105 583 3126 ‘
605 3097 1042 3162 Argentoratensis’
1068 3098 1139 3145 vel
1161 3103 1174 3123 ‘
1193 3096 1517 3163 Seli—meriana
1534 3095 1565 3152 ς’
1601 3095 1682 3143 cui
1712 3094 1908 3159 quidem
1935 3112 2043 3144 cum

278 3178 518 3227 Lambino
539 3178 796 3227 Fischerus
823 3179 1003 3243 primas
1028 3177 1186 3227 desert
1212 3177 1461 3234 bonitatis,
1488 3175 1618 3223 unde
1635 3175 1935 3239 profecerint
1967 3177 2047 3225 ed.

219 3287 221 3289 >
277 3277 387 3325 sqq.
415 3261 594 3308 Verum
636 3260 708 3308 sic
749 3260 910 3323 potius
954 3260 1262 3309 Cornerianae
1286 3257 1579 3306 deferendas
1606 3255 1751 3304 fuisse
1773 3272 2047 3314 censemus,

278 3341 461 3405 quippe
487 3356 631 3404 quam
649 3340 865 3403 sequitur
882 3340 1091 3388 maxime
1118 3340 1226 3388 haec
1252 3335 1695 3403 Argentoratensis.

218 3427 338 3470 1511
369 3419 576 3480 Parisiis,
625 3420 707 3468 sol.
736 3420 846 3469 Vita
890 3421 992 3469 Titi
1035 3419 1290 3485 Pomponii
1333 3418 1486 3469 Attici
1527 3417 1777 3483 praemissa
1816 3418 2047 3483 operibus

249 3553 254 3558 ⁴
281 3501 545 3564 epistolicis
572 3501 841 3551 Ciceronis.
