2326 3944
662 291 748 331 v1.
814 288 1232 338 LYsANnnuM,
1271 287 1408 328 car.
1443 275 1495 329 3.

165 421 266 458 cam
284 410 358 453 ille
375 414 583 464 expertus
598 407 697 451 est?
724 407 880 449 Scitote.

226 475 550 526 Consules-eritque
577 472 691 514 rebus
715 471 815 524 suis]
842 471 956 514 Quia
978 471 1049 512 hic

167 536 295 579 deest
313 538 557 590 exemplum
575 536 688 589 quod
721 546 899 575 narrare
927 534 1050 575 insti—

167 606 315 644 tuerat
361 601 527 654 Nepos,
567 610 652 640 non
697 597 1050 640 committendum

168 662 291 716 duxi,
316 663 417 718 quin
435 662 609 705 lectoris
635 661 869 715 cognitioni
896 661 1051 713 Juvan-

168 725 237 768 de
255 739 347 768 rem
361 732 522 779 gestam
541 738 596 766 ex
617 726 845 778 Polyoeno,
861 724 1052 776 Strateg.

166 801 201 832 1.
214 790 298 831 huc
315 787 541 830 referrem.
573 789 681 830 Cum
695 789 905 838 Thasum,
923 799 1051 840 prop-

167 859 238 895 ter
265 865 355 904 eos,
372 854 446 907 qui
463 852 793 894 Atheniensium
813 853 943 894 rebus
962 857 1053 892 stu-

170 916 372 969 duerant,
402 921 652 969 pervertere
678 916 902 970 Lysander
921 915 1054 955 desti-

168 986 331 1033 nasset,
347 980 460 1021 sicut
479 980 664 1032 Nepotis
695 980 828 1021 habet
847 978 1053 1028 narratio,

169 1036 302 1097 atque
333 1055 386 1083 ue
422 1042 671 1094 evaderent,
708 1055 814 1096 quos
861 1041 1054 1095 perditos

168 1105 388 1158 cupiebat,
404 1110 637 1157 metueret,
650 1105 848 1147 fraudem
867 1106 1054 1146 clemen-

169 1169 233 1210 tia
262 1180 314 1210 ac
350 1168 571 1221 religionis
609 1169 794 1210 obtentu
826 1167 1053 1209 velandam

170 1232 351 1275 censuit.
383 1232 492 1273 Erat
509 1233 624 1285 apud
643 1232 824 1273 Thasios
845 1231 1054 1283 templum

170 1296 392 1352 Herculis,
409 1296 523 1349 qnod
555 1307 718 1336 summa
749 1294 832 1347 ipsi
857 1306 1056 1335 caeremo-

170 1350 249 1401 nia
272 1358 488 1401 colebant.
545 1357 646 1399 Huc
679 1357 841 1398 vocatis
873 1356 1056 1408 civibus,

170 1421 384 1478 insidiosae
400 1421 679 1462 humanitatis
698 1419 944 1474 plenissima
961 1432 1055 1461 ora-

170 1486 289 1530 tione
307 1485 524 1542 imposuit.
578 1484 759 1524 Veniam
787 1496 834 1524 se
860 1482 1055 1524 omnibus

172 1549 296 1606 dare,
326 1547 492 1600 aiebat,
528 1552 629 1588 ante
665 1555 872 1588 actorum.
945 1546 1057 1586 Con·

171 1612 437 1654 sternationc
468 1616 516 1652 et
546 1616 743 1662 tempore
770 1608 897 1650 facile
926 1606 1056 1649 excu-

173 1675 277 1729 sari,
293 1686 388 1729 quae
406 1674 451 1715 in
465 1674 550 1716 isto
569 1685 711 1714 rerum
741 1673 924 1714 transitu
945 1672 1056 1713 acci-

173 1738 351 1782 dissent.
404 1739 548 1792 Igitur
574 1737 735 1779 frustra
756 1739 908 1779 timere
925 1748 1057 1791 queu-

174 1813 302 1854 quam
319 1806 396 1842 aut
412 1802 567 1842 latere.
623 1799 897 1845 Accederent
913 1799 1057 1852 modo,

172 1864 415 1918 bonamque
442 1863 498 1903 de
525 1875 580 1914 ‚eo
609 1875 729 1916 spem
758 1875 905 1906 onmes
928 1875 1057 1916 cape·

174 1933 290 1979 rent,
308 1928 382 1982 qui
400 1939 580 1980 parcere
600 1927 794 1969 omnibus
814 1929 1058 1970 constituis-

176 1996 258 2032 set.
313 1990 423 2031 Haec
444 2003 491 2031 se
512 1995 622 2032 teste
655 1991 755 2031 Deo
774 1991 965 2044 ipsorum
984 2003 1060 2044 pa·

176 2053 261 2094 trio
291 2052 506 2105 polliceri,
539 2053 594 2093 ad
626 2054 748 2107 cujus
777 2055 987 2108 templum
1013 2059 1060 2096 et

173 2111 330 2157 numen
349 2120 496 2156 essent
515 2115 627 2168 jussi
647 2118 890 2159 convenire.
935 2118 1060 2159 Talia

176 2183 267 2221 tam
284 2184 489 2221 accurata
503 2179 778 2221 simulatione
797 2181 1059 2223 asseveranti

175 2241 391 2283 creditum
410 2245 492 2283 est.
546 2242 760 2283 Prodiere
779 2255 834 2283 ex
862 2244 1059 2296 latebris,

175 2303 249 2359 qui
268 2303 545 2346 Atheniensis
565 2305 673 2358 reip.
698 2306 841 2347 studio
862 2307 1061 2360 graviora

176 2366 481 2409 extimuerunt.
537 2368 656 2411 Quos
684 2368 758 2410 ille
778 2376 878 2422 post
897 2381 1060 2423 paucos

175 2428 288 2482 dies,
299 2430 409 2471 'nihil
438 2431 621 2482 amplius
646 2432 934 2484 suspicantes,
952 2430 1061 2474 salu·

175 2492 320 2547 tisque
336 2494 502 2546 penitus
521 2506 697 2535 securos
717 2495 895 2536 adortus
914 2507 1061 2537 omnes

174 2555 411 2598 interfecit.
459 2557 638 2598 Boecler.
716 2558 790 2598 De
835 2570 921 2611 qua
965 2559 1062 2611 lege

177 2615 363 2659 Diodor.
416 2619 606 2659 Siculum
632 2619 706 2661 lib.
734 2631 819 2661 ιιι.
859 2622 977 2661 Plut.
1016 2622 1062 2662 in

178 2679 417 2732 Lysandro,
441 2686 489 2722 et
515 2681 702 2722 omnium
722 2682 1062 2728 crudelissimum

180 2747 443 2795 strategema
457 2743 572 2794 apud
591 2744 786 2797 Polyaen.
821 2746 1013 2800 Strateg.
1029 2759 1062 2790 1.

233 2805 348 2849 Cn.
375 2808 419 2845 ⁸.
459 2805 548 2851 Quo
577 2807 707 2846 dolore
741 2807 934 2861 incensus,
966 2810 1063 2850 iniit

177 2867 359 2920 canalio]
405 2866 551 2910 Aliam
586 2880 756 2910 causam
790 2869 924 2911 fuisse
969 2873 1064 2913 vult

178 2929 415 2983 Diodorus,
443 2942 599 2983 nempe
616 2932 848 2974 elationem
868 2935 999 2975 animi
1018 2939 1065 2976 et

178 2992 400 3044 ferociam,
437 2994 552 3047 quod
590 2994 749 3036 bellum
789 2996 1063 3049 Peloponne-

179 3052 340 3099 siacum
356 3057 633 3108 confecisset,
652 3063 698 3100 et
725 3059 1062 3102 Lacedaernoniis

179 3119 468 3173 principatum
501 3121 687 3163 Graecioe
723 3128 840 3165 terra
873 3129 921 3166 et
952 3126 1061 3167 mari

148 3198 152 3200 ·
179 3187 436 3240 peperisset.
464 3186 694 3230 Lambinus.

233 3249 334 3292 Sine
347 3262 418 3303 ope
433 3250 624 3303 Deorum]
641 3252 939 3305 Xenophontis
952 3266 1061 3306 prae-

179 3318 374 3366 ceptum,
401 3314 606 3366 πειρᾶσθαι
633 3312 708 3355 σὺν
738 3316 840 3357 0⁶03»
870 3314 1061 3368 ἄρχεσθαι

180 3373 326 3418 παντὸς
358 3373 489 3429 ἔργον.
529 3378 734 3419 Kesslsen.
799 3378 1060 3420 Plutarchus

181 3438 272 3502 ait,
310 3438 394 3483 hoc
418 3451 513 3481 esse
539 3439 795 3490 machinam,
811 3451 887 3481 seu
917 3442 1062 3483 Deum

1884 275 1992 328 483

1113 419 1167 447 ex
1183 407 1382 448 machina
1397 406 1619 458 adhibere,
1637 409 1688 447 ut
1706 405 1757 446 fit
1775 403 1818 446 in
1838 408 1995 457 tragoe-

1112 470 1207 511 diis.
1238 471 1388 511 Solent
1407 475 1550 512 antem
1571 470 1625 511 ad
1646 471 1740 511 haec
1754 474 1996 511 commenta

1113 531 1346 585 confugere
1379 534 1525 586 magni
1560 533 1657 585 viri,
1692 544 1791 574 cum
1823 533 1890 574 vis
1920 538 1997 574 au't

1113 595 1228 636 ratio
1258 596 1443 636 humana
1468 608 1554 637 non
1581 597 1687 637 satis
1717 596 1834 636 valet
1853 597 1909 638 ad
1936 596 1997 649 id,

1113 660 1228 714 quod
1242 661 1574 713 concupiscunt,
1588 659 1869 703 efficiendum.
1893 661 1996 702 Dio·

1113 723 1268 765 dorus:
1311 721 1464 775 ἐνόμιζ’(
1489 723 1582 776 γὰρ,
1613 722 1648 764 εἰ
1675 722 1855 776 χρησμὸν
1876 723 2010 771 λάβον

1114 785 1324 839 σύμμαχον
1349 789 1439 830 ταῖς
1466 785 1578 828 ἰδίαις
1618 786 1835 839 ἐπιβολαῖς,
1861 786 1997 839 ῥᾳδίως

1113 851 1218 904 ἥξειν
1236 850 1300 892 ἐπὶ
1315 849 1435 894 τέλος
1450 851 1526 900 τὴν
1543 851 1780 905 προαίρεσιν.
1833 851 1905 892 Sic
1923 850 1997 890 Pi-

1114 917 1315 958 sistratus
1331 915 1562 968 Tyrannus
1590 926 1687 956 cum
1706 914 1874 967 ejectus
1894 924 1918 954 e
1936 914 1996 954 ei-

1114 980 1250 1020 vitate
1269 983 1401 1032 esset,
1415 983 1684 1021 commentus
1705 982 1774 1018 est
1790 976 1896 1017 illud
1914 988 1999 1017 om-

1115 1041 1241 1083 nihus
1276 1047 1426 1083 uotum
1460 1041 1516 1083 de
1548 1040 1740 1082 Pallade·
1759 1045 1942 1092 armata,
1972 1051 1999 1080 a

1115 1117 1201 1159 qua
1230 1106 1277 1146 iu
1306 1118 1478 1148 currum
1492 1105 1708 1158 imposita,
1739 1103 2011 1145 edicendum.

1116 1169 1284 1210 curavit
1301 1181 1326 1210 a
1344 1169 1632 1222 praeconibus,
1657 1169 1934 1210 Pisistratum
1952 1166 1999 1208 in

1117 1231 1340 1272 civitatem
1362 1236 1493 1286 atque
1521 1231 1630 1272 adeo
1649 1230 1693 1272 in
1713 1242 1855 1272 arcem
1873 1229 1999 1271 resti·

1116 1293 1198 1347 tui,
1226 1307 1322 1335 cum
1342 1299 1460 1336 esset
1488 1294 1641 1335 mulier
1671 1293 1842 1335 nomine
1874 1291 2013 1345 Phya.

1115 1356 1282 1409 ingenti
1312 1356 1508 1409 corporis
1541 1362 1722 1407 statura,
1752 1356 1815 1397 ita
1846 1359 2006 1404 ornata,

1116 1424 1167 1461 ut
1186 1419 1375 1473 speciem
1393 1419 1586 1461 Palladis
1614 1419 1811 1475 praebere
1833 1416 2002 1459 videre-

1117 1487 1202 1525 tur.
1227 1483 1412 1525 Lambin.

1175 1548 1289 1593 Quod
1304 1546 1595 1589 Lacedaemonii
1620 1545 1751 1586 omnia
1769 1546 1830 1586 ud
1846 1545 2013 1587 oracula

1115 1610 1265 1663 referre
1282 1610 1576 1661 consueverant]
1614 1610 1773 1661 Θεωρῶν
1806 1606 1899 1650 τοὺς
1927 1612 2004 1648 Λα·

1118 1673 1377 1725 κεδαιμονίους
1386 1671 1659 1725 μάλιστα-τοῖς
1671 1671 1866 1723 μαντείας
1882 1684 2005 1724 προσ-

1120 1737 1301 1790 έχοντας.
1354 1737 1533 1779 Diodor.
1587 1736 1819 1790 Proprium
1855 1741 2002 1777 autem

1118 1802 1215 1843 heic
1234 1806 1302 1842 est
1321 1801 1498 1843 verbum
1514 1799 1676 1850 referre.
1721 1800 1874 1842 Cicero
1897 1812 1928 1842 1.
1948 1800 2005 1841 de

1119 1864 1314 1906 Divinat.
1343 1865 1356 1888 ‘
1375 1864 1464 1905 Sed
1489 1869 1538 1905 et
1568 1862 1696 1904 rebus
1728 1862 1923 1904 obscuris
1957 1867 2004 1903 et

1118 1928 1297 1970 incertis
1312 1927 1369 1968 ad
1382 1926 1628 1979 Apollinem
1649 1938 1803 1968 censeo
1818 1924 2005 1967 referem-

1119 1992 1247 2032 dum.’
1289 1991 1435 2032 Graeci
1453 1995 1664 2042 usurpant
1681 1989 2020 2042 rpoo'av‘rlowoas:

1121 2061 1167 2097 et
1183 2052 1501 2108 προσαναφέρσιν.
1544 2054 1742 2094 Gebhard.

1176 2118 1357 2158 Primum
1372 2118 1505 2170 itaque
1524 2116 1722 2169 Delphos]
1737 2115 1900 2168 Delphi,
1910 2125 2005 2156 noso

1121 2186 1190 2221 ter
1209 2185 1256 2220 et
1271 2178 1437 2221 Gifanii
1451 2179 1616 2221 Codex.
1647 2180 1801 2221 Scitote.
1855 2177 2014 2219 Habet*

1119 2243 1200 2284 hoc
1246 2243 1505 2284 Plutarchus
1550 2243 1596 2283 in
1637 2243 1729 2284 vita
1777 2240 2004 2294 Lysandri.

1120 2307 1286 2358 Lougoi.
1313 2306 1448 2348 Diod.
1474 2305 1732 2360 Ἐπεχείρησε
1749 2304 1825 2354 τὴν
1843 2305 1885 2347 ἐν
1901 2310 2005 2346 Aeas

1120 2371 1211 2422 φοῖς
1227 2372 1422 2424 προφῆτιν
1437 2372 1652 2423 διαφθεῖραι
1665 2368 1876 2422 χρήμασιν.

1173 2434 1380 2475 Dodonam
1398 2436 1562 2475 adortus
1578 2434 1658 2486 est]
1685 2433 1850 2474 Urbem
1870 2431 2005 2473 Chao-

1121 2497 1206 2536 niae
1252 2497 1306 2536 in-
1331 2497 1480 2550 Epiro,
1521 2497 1622 2539 Jovi
1666 2507 1849 2547 sacram,
1887 2493 2006 2534 unde

1121 2557 1412 2610 πολύγλωσσος
1448 2560 1563 2613 apud
1596 2558 1770 2600 Poe‘tas.
1837 2556 2008 2599 Auctor

1123 2623 1457 2675 Epigrammatis
1492 2622 1548 2664 ad
1587 2622 1809 2663 custodem
1846 2620 2007 2662 Horto—

1123 2697 1242 2726 rum:
1277 2686 1290 2709 ‘
1311 2684 1492 2725 Dodona
1523 2689 1594 2725 est
1626 2684 1707 2725 tibi
1737 2682 1915 2735 Jupiter
1940 2682 2008 2723 sa·

1122 2747 1272 2789 crata!
1327 2749 1497 2789 Nomen
1531 2760 1556 2787 a
1581 2747 1785 2797 Dodona,
1807 2757 1901 2798 quae
1920 2757 2007 2787 una

1123 2810 1425 2863 Nympharum
1441 2809 1621 2861 Oceani,
1638 2808 1817 2849 Poetae:
1844 2807 1915 2848 vel
1931 2807 2007 2850 Jo-

1122 2873 1186 2913 vis
1221 2877 1268 2913 et
1300 2873 1486 2924 Europae
1523 2870 1627 2923 filia,
1659 2870 1938 2912 Eustathiusz
1981 2882 2008 2910 a

1122 2934 1307 2975 Dodone
1326 2932 1472 2987 fluvio,
1487 2933 1746 2986 Stephanus.
1801 2931 2008 2975 Aliialia.

1122 2998 1194 3040 Ab
1224 2999 1303 3045 hac
1335 3000 1443 3040 urbe
1472 3012 1684 3053 quer-num
1712 2998 1818 3041 illud
1856 3011 2006 3040 nemus

1119 3063 1221 3106 Jovi
1240 3075 1406 3105 sacrum
1425 3063 1695 3106 Dodonaeum
1725 3068 1794 3104 est
1825 3063 2006 3112 dictum,

1121 3127 1193 3168 ubi
1211 3129 1418 3180 templum
1451 3132 1498 3168 et
1528 3129 1746 3168 oraculum
1773 3124 2008 3166 vetustissi-

1121 3202 1251 3231 mum.
1307 3190 1453 3242 HuJus
1473 3190 1717 3231 sacerdotes
1748 3187 1907 3239 σελλοὶ,
1931 3190 2010 3240 χω

1119 3251 1311 3305 moral,
1328 3250 1580 3303 χαμευνόδες,
1594 3258 1638 3293 et
1651 3254 1842 3304 χαμεῦναι
1860 3251 2009 3306 appel-

1121 3316 1335 3357 labantur.
1355 3315 1468 3356 Vide
1486 3315 1744 3368 Sophoclem
1755 3315 1800 3356 in
1810 3315 2008 3357 Ttachiu.

1123 3385 1169 3419 et
1186 3377 1477 3429 Herodotum,
1491 3379 1562 3431 qui
1582 3378 1719 3420 multa
1738 3376 1936 3420 fabulosa
1949 3377 2005 3419 dc

1122 3441 1203 3484 hoe
1221 3440 1393 3483 oraculo
1412 3441 1642 3485 commenti
1659 3447 1775 3483 sunt.
1800 3440 2004 3484 Κανάκη.
