2326 3944
248 232 357 287 436

250 366 378 408 κόσιαι
396 366 461 408 καὶ
481 366 746 417 ἑβδομήκοντα
765 366 831 407 καὶ
844 366 930 417 μία.
965 367 1134 408 Praeter

251 437 602 484 penteconteros‚
636 431 681 471 id
713 437 796 483 est,
815 431 988 483 navigia
1014 431 1134 484 quin-

249 507 493 548 quagenum
524 507 749 535 remorum.
793 495 879 535 Illa
906 500 1028 537 erant
1059 506 1133 535 no·

249 571 364 610 vem,
383 558 468 598 duo
485 558 707 610 Chiorum,
721 563 888 610 septem
898 559 1134 599 Locrorum

252 622 555 674 Opuntiorum.
600 625 714 675 Ergo
727 635 824 664 eum
843 623 927 663 illis
939 623 1135 664 universa

250 687 397 727 classis
416 685 499 726 fuit
528 688 701 727 navium
725 698 925 728 ccmnxx.
981 686 1069 727 Sed
1087 692 1135 727 et

250 750 306 789 de
341 750 658 790 Plataeensibus
694 761 778 790 non
815 755 1000 790 constat.
1071 750 1135 789 Ut

249 813 454 854 credibile
485 815 542 855 sit
568 814 664 854 illos
695 815 825 854 etiam
846 812 1050 866 quasdam
1064 812 1134 852 aad

248 877 570 918 instaurandam
630 878 816 918 classem
884 875 1133 917 contulisse.

250 942 455 982 Kenchen.

303 1008 497 1047 Ducentae
533 1009 645 1046 erant
681 1003 999 1055 Atheniensium]
1056 1012 1134 1043 Lx.

248 1068 430 1111 Isocrat.
474 1080 655 1111 cxxvn.
693 1068 908 1109 Herodot.
935 1066 1010 1108 lib.
1029 1078 1135 1107 vm.

248 1133 443 1181 Ἀθηναῖοι
472 1131 558 1185 μὲν,
587 1131 676 1173 νέας
699 1130 958 1185 παρεχόμενοι
993 1128 1135 1169 ἑκατὸν

249 1196 316 1236 καὶ
353 1197 475 1236 εἴκοσι
509 1195 574 1236 καὶ
610 1194 724 1237 ἑπτά.
783 1195 871 1236 Sed
903 1193 1134 1235 verisimile

249 1265 331 1310 est,
348 1261 530 1300 alterum
549 1258 742 1310 defectu,
753 1259 936 1299 alterum
955 1269 1135 1298 excessu

247 1333 470 1373 peccasse.
500 1323 626 1363 Idem.

302 1386 423 1437 Apud
457 1384 736 1436 Artemisium]
797 1385 908 1427 Quae
946 1383 1162 1434 secunda¹

249 1463 395 1504 pugna
409 1452 521 1491 inter
535 1452 728 1491 Xerxem
744 1455 790 1490 et
804 1450 984 1491 Graecos
1002 1463 1013 1499 ;
1033 1461 1132 1501 qua-

247 1527 344 1555 rum
371 1527 454 1555 una
484 1515 702 1555 terrestris
731 1513 785 1554 ad
812 1512 1135 1564 Thermopylas,

251 1579 346 1619 duae
367 1578 592 1619 maritimae
621 1577 676 1618 ad
694 1577 910 1618 Salamina
939 1582 985 1616 et
1003 1575 1133 1616 Arte-

249 1643 434 1683 misium.
460 1643 661 1683 Kenchen.
705 1641 959 1682 Plutarchus
986 1639 1030 1679 in
1046 1639 1135 1679 vita

248 1709 544 1749 Themistoclis
576 1708 639 1748 ita
667 1706 942 1747 Artemisium
971 1705 1135 1745 descri-

250 1772 343 1812 bit:
375 1770 460 1811 ἔστι
489 1770 531 1810 δὲ
548 1772 622 1818 τῆς
647 1768 813 1816 Εὐβοίας
829 1767 877 1808 τὸ
893 1766 1135 1820 Ἀρτεμίσιον

250 1834 346 1888 ὑπὲρ
379 1836 453 1883 τὴν
471 1833 672 1875 Ἑστιαίαν
700 1832 879 1883 αἰγιαλὸς
911 1830 965 1872 εἷς
994 1829 1136 1884 βορέαν

249 1899 584 1946 ἂναπεπτάμενος,
617 1896 820 1938 ἀντιτείνει
854 1895 888 1936 δ’
926 1896 1029 1945 αὐτῷ
1061 1892 1136 1944 μά-

249 1970 372 2003 λιστα
401 1965 473 2012 τῆς
511 1962 584 2002 ὑπὸ
617 1959 839 2013 Φιλοκτήτῃ
868 1958 998 2010 χώρας
1023 1973 1136 2008 ’γενο-

250 2025 370 2076 μένης
386 2025 568 2077 Ὀλιζών.
617 2025 754 2065 Addit
775 2030 821 2063 et
843 2023 1050 2074 originem
1062 2034 1137 2074 ap-

250 2092 521 2142 pellationis:
585 2089 669 2140 ἔχει
713 2088 755 2129 δὲ
796 2089 888 2129 ναὸν
928 2089 973 2129 οὐ
1009 2087 1137 2140 μέγαν

246 2154 467 2207 Ἀρτέμιδος
486 2154 691 2202 ἐπίκλησιν
710 2152 933 2206 Προσηῶας.
971 2151 1137 2203 Longol.

242 2216 426 2268 Ἄρτεμις
444 2217 566 2257 nobis
583 2217 894 2267 Dianam‚quae
913 2216 1037 2254 Luna
1055 2219 1136 2264 est,

253 2279 499 2331 significat3
558 2285 606 2320 ut
651 2284 839 2320 testatur
885 2278 1136 2318 Macrobius

254 2343 429 2383 Saturn.
451 2344 523 2382 lib.
543 2355 574 2382 1.
594 2355 692 2394 cap.
714 2345 778 2382 15.
801 2349 848 2383 et
865 2342 941 2381 lib.
954 2353 1018 2381 vr.
1039 2352 1137 2392 cap.

252 2406 419 2446 ultimo.
470 2407 541 2446 Sic
578 2413 721 2446 autem
751 2406 884 2456 dicta,
918 2405 1038 2458 quasi
1073 2404 1136 2444 ἀε-

251 2467 420 2521 ρότομις,
436 2470 516 2509 boc
531 2477 613 2520 est,
624 2469 753 2509 aerem
771 2481 918 2509 secans.
964 2466 1136 2519 Ἀρτεμί-

251 2546 338 2572 σιον
355 2538 498 2572 autem
528 2532 685 2572 festum
706 2538 750 2572 et
781 2536 963 2571 statuam
984 2531 1135 2572 Dianae

252 2597 342 2636 sive
364 2598 494 2636 Lunae
513 2595 741 2647 significat.
776 2596 892 2645 Mag.

304 2659 527 2710 Angustias
553 2660 656 2698 enim
687 2659 960 2699 Themistocles
990 2670 1133 2709 quaere-

252 2722 343 2775 bat]
398 2722 665 2761 Hortabatur
702 2720 953 2770 Aristidem,
985 2721 1027 2760 ἐν
1053 2722 1137 2760 τοῖς

250 2789 401 2828 στενοῖς
420 2789 682 2837 ναυμαχῆσαι.
713 2787 828 2826 Plnt.
844 2787 885 2826 in
902 2786 1003 2827 vita.
1037 2787 1136 2827 Hoc

251 2863 422 2903 semper
455 2850 764 2891 observandum
810 2862 906 2890 cum
952 2850 1136 2890 minores

251 2927 431 2955 numero
465 2927 622 2953 sumus.
686 2913 759 2954 Sic
792 2913 1014 2953 Miltiades
1050 2925 1136 2952 non

252 2977 379 3018 modo
414 2990 510 3017 suos
548 2978 735 3017 servavit
780 2976 856 3016 sed
900 2982 945 3016 et
991 2976 1136 3015 hostes

250 3041 383 3082 vicit:
415 3054 544 3094 supra
564 3053 595 3080 1.
616 3046 655 3080 5.
704 3041 762 3081 Et
781 3045 906 3080 vetus
936 3044 1003 3078 est
1029 3038 1134 3078 illud

251 3105 366 3156 apud
402 3105 633 3155 Vegetium
674 3115 745 3144 ιιι.
783 3107 850 3143 26.
902 3105 914 3126 ‘
939 3101 1135 3153 Amplius

253 3181 370 3220 saepe
414 3170 535 3208 locus
584 3167 759 3220 prodest
807 3179 934 3219 quam
971 3164 1134 3205 virtus.'

252 3231 409 3270 Buchn.
730 3260 733 3261 γ

308 3296 372 3333 Ne
392 3294 641 3335 inuititudine
668 3294 959 3345 circumiretur]
996 3294 1137 3334 Multi-

249 3358 386 3396 tudine
424 3358 623 3396 circumiri
661 3365 725 3397 est
763 3359 816 3398 ab
855 3359 1010 3399 eadem>
1053 3348 1136 3398 cir-

253 3418 504 3467 cumveniri,
521 3421 855 3474 circumquaque
883 3422 1011 3474 cingi.
1044 3422 1136 3462 Cic.

251 3484 413 3536 Philip.
429 3494 534 3525 xm.
563 3483 574 3505 ‘
594 3484 679 3526 Qui
698 3496 744 3524 se
764 3485 982 3526 circumiri
1006 3484 1138 3526 totius

637 247 812 287 NOTAE
852 247 1186 287 VAR10RUM
1228 247 1294 286 ΙΝ
1335 249 1386 287 C·
1425 248 1687 288 NEPOTIS

1196 367 1299 409 belli
1334 367 1555 420 fluctibus,
1590 381 1717 422 quam
1748 368 1868 408 illum
1903 375 1979 411 aut
2011 382 2078 412 re·

1199 432 1320 484 gredi
1339 439 1415 473 aut
1445 433 1650 485 progredi
1676 433 1853 475 maluit.'
1893 435 1962 475 Ex
1980 435 2080 487 ‚qui-r

1196 495 1274 536 bus
1309 501 1432 549 patet
1471 510 1574 538 sane
1608 509 1706 538 eum
1743 499 1884 539 locum
1918 498 2080 541 habero

1197 559 1406 600 Datame:
1438 560 1519 600 ‘iis
1550 562 1654 602 locis
1680 567 1822 602 castra
1858 562 1997 614 ponit,
2028 566 2082 603 nt

1198 634 1336 675 neque
1354 623 1568 664 circumiri
1585 625 1861 665 multitudine
1878 624 2083 667 adversa·

1199 686 1356 726 riorum
1386 686 1557 738 posset!
1617 687 1704 728 Ubi
1736 687 1968 727 Lambinus
1993 699 2079 728 non

1198 750 1438 789 necessario
1463 763 1487 789 α
1514 750 1862 802 praepositionem
1886 750 2082 803 interpo-

1198 812 1276 852 nit.
1337 812 1493 852 Latino
1531 819 1675 854 autem
1711 814 1818 854 coelo
1851 819 2081 868 utrumque

1200 874 1381 926 probum
1419 881 1548 928 atque
1585 876 1788 916 usitatum
1827 882 1909 928 est.
1963 876 2081 918 Ibid.

1197 939 1210 961 ‘
1229 938 1393 979 Locum
1411 938 1575 991 delegit
1602 939 1749 990 talem,
1767 944 1818 979 ut
1844 951 1981 992 neque
1997 939 2083 986 cir-

1199 1002 1432 1042 cumiretur
1446 1001 1500 1042 ab
1517 1001 1727 1053 hostibus,
1743 1014 1881 1055 neque
1902 1009 2084 1055 proeter-

1198 1065 1283 1106 iret
1338 1065 1620 1117 adversarius,
1674 1066 1776 1118 quin
1822 1066 2083 1119 ancipitibus

1197 1129 1303 1170 locis
1323 1129 1624 1182 premeretur!
1675 1130 1906 1170 Frontinus
1932 1129 2007 1171 lib-
2025 1141 2083 1173 ιι»

1198 1197 1237 1235 3.
1259 1198 1325 1235 17.
1365 1195 1376 1216 ‘
1400 1195 1498 1236 Qua
1517 1196 1683 1235 ratione
1707 1207 1762 1235 ne
1778 1194 2083 1237 circumiretur

1198 1257 1252 1297 ab
1267 1258 1407 1310 hoste,
1426 1264 1472 1298 et
1490 1258 1682 1310 peditum
1697 1270 1876 1299 numero
1893 1259 2082 1300 etmaxi-

1196 1332 1266 1360 me
1309 1321 1501 1373 equitum
1530 1326 1779 1373 superante,
1823 1327 2080 1364 consecutus

1197 1384 1295 1425 est!
1334 1385 1534 1426 Gebhard.
1953 1404 1955 1406 ·

1250 1449 1495 1500 Pariproelio
1504 1449 1774 1502 discesserant]
1786 1450 1920 1502 AEquo
1935 1450 2083 1491 Marte

1198 1519 1243 1552 et
1272 1514 1406 1566 aequis
1441 1514 1652 1553 manibus.
1696 1514 1834 1554 Tacit.
1867 1512 2024 1554 Annal.
2049 1525 2085 1556 1.

1198 1580 1266 1617 63.
1307 1577 1320 1598 ‘
1346 1576 1458 1617 Inde
1483 1577 1679 1617 hostibus
1711 1582 1866 1623 terror,
1887 1577 2013 1617 militi
2030 1577 2083 1618 fi·

1199 1640 1338 1691 ducia,
1361 1646 1407 1681 et
1438 1641 1633 1681 manibus
1651 1641 1786 1694 aequis
1806 1639 2082 1682 abscessum!

1198 1704 1354 1744 Salust.
1375 1704 1505 1744 Catil.
1543 1706 1556 1727 ‘
1577 1704 1692 1756 quod
1711 1705 1746 1744 si
1767 1704 1906 1756 primo
1930 1703 2085 1756 proelio

1199 1769 1387 1810 Catilina
1427 1769 1622 1820 superior
1668 1774 1744 1808 aut
1785 1780 1908 1821 oequa
1952 1779 2084 1808 manu

1197 1833 1664 1874 discessissetssacmt.
1695 1833 1771 1872 lib.
1786 1842 1851 1873 vr.
1865 1835 1906 1872 2.
1945 1832 1957 1854 ‘
1974 1831 2083 1872 dua-

1197 1911 1291 1938 rum
1332 1898 1690 1955 noJJiiissimarum
1732 1896 1846 1936 bello
1887 1895 2083 1947 gentium

1198 1962 1415 2002 exercitus
1476 1962 1570 2013 pari
1612 1961 1758 2000 Marte
1799 1957 2082 2010 pugnabant-⁸

1199 2026 1345 2066 Graeci
1374 2031 1534 2065 vocant
1552 2022 1787 2076 ἑτερακλέως
1809 2021 2084 2073 ἀγωνίζεσθαι.

1201 2090 1399 2130 Gebhard.
1463 2089 1538 2129 Sic
1581 2087 1829 2128 Herodotus
1868 2085 2086 2126 lib.vu1.

1199 2153 1241 2192 ἐν
1256 2152 1381 2205 ταύτῃ
1393 2154 1446 2205 τῇ
1460 2150 1654 2204 ναυμαχίῃ
1671 2148 1936 2203 παραπλήσιοι
1954 2148 2082 2198 ἂλλήι

1197 2224 1325 2257 λοισιν
1343 2216 1541 2267 ἐγένοντο*
1557 2221 1602 2256 et
1619 2215 1848 2255 Diodorus.
1888 2213 1977 2254 Sed
1991 2213 2082 2254 Iso·

1198 2287 1341 2322 crates
1362 2281 1423 2320 ait
1439 2282 1482 2320 in
1499 2280 1780 2331 Panegyrico,
1793 2277 2083 2318 Athenienses

1198 2345 1536 2386 adversariorum
1561 2355 1709 2392 naves,
1739 2355 1835 2395 quae
1863 2341 1909 2381 in
1939 2342 2085 2392 primo

1198 2409 1347 2449 ordine
1363 2413 1503 2457 erant,
1517 2418 1753 2458 superasse.
1782 2405 1964 2446 Lumbin.
1990 2405 2081 2446 Un-

1199 2471 1254 2510 de
1274 2471 1490 2510 Pindarus
1507 2469 1803 2519 Artemisium‚
1823 2468 1972 2521 φαενὰν
1988 2482 2080 2521 uem-

1197 2535 1290 2574 πῖδα
1325 2531 1542 2586 ἐλευθερίας
1577 2538 1724 2582 vocat,
1756 2532 1878 2585 quasi
1909 2545 1964 2572 ex
1998 2532 2083 2573 ista

1198 2608 1341 2650 pugna
1391 2596 1536 2637 Graeci
1582 2596 1744 2635 animos
1785 2595 1996 2647 ceperint,
2030 2599 2083 2636 ut

1198 2660 1532 2709 arbitrarentur,
1551 2671 1597 2699 se
1623 2659 1669 2698 in
1695 2658 1900 2698 libertate
1924 2658 2082 2710 patria

1197 2723 1471 2765 defendenda
1498 2724 1645 2763 Xerxe
1674 2734 1800 2774 posse
1835 2722 2081 2773 superiores

1196 2800 1302 2828 esse.
1349 2787 1517 2837 Longon.

1249 2851 1434 2902 Ancipiti
1447 2853 1715 2902 premerentur
1729 2848 1918 2900 periculo]
1938 2847 2084 2889 Hoste

1197 2920 1242 2957 et
1260 2928 1285 2955 a
1313 2915 1458 2955 fronte
1486 2919 1532 2954 et
1560 2926 1587 2953 a
1605 2918 1727 2964 tergo
1758 2912 1962 2952 instante.
2007 2910 2083 2953 Sic

1198 2979 1372 3019 Curtius
1402 2977 1515 3017 dixit
1535 2989 1620 3017 vn.
1639 2980 1709 3016 46.
1735 2977 1747 2998 ‘
1769 2975 1948 3026 ancipiti
1966 2974 2084 3026 peri-

1196 3042 1291 3081 culo
1311 3039 1572 3092 implicitus!
1609 3038 1753 3079 Graeci
1773 3043 1932 3078 vocant
1945 3035 2082 3088 μάχην

1198 3101 1510 3154 ἆμφισβήτητον.
1534 3101 1740 3141 Curam).
1754 3112 1822 3141 ιιι.
1835 3104 1903 3141 26.
1929 3095 2082 3142 Caesar
2133 3137 2141 3143 .

1197 3169 1361 3207 Comm.
1375 3167 1430 3206 dc
1456 3167 1510 3205 B.
1525 3166 1582 3206 G.
1601 3176 1682 3205 vu.
1710 3168 1777 3206 76,
1805 3165 1928 3204 Curt.
1944 3163 2017 3204 lib.
2033 3174 2083 3204 v-

1197 3234 1262 3270 24.
1280 3232 1291 3252 ‘
1307 3230 1506 3282 Undique
1526 3241 1630 3280 ergo
1646 3227 1935 3267 Macedonum
1951 3226 2082 3268 armis

1196 3293 1463 3346 fulgentibus
1498 3291 1678 3343 ancipiti
1711 3291 1822 3330 malo
1857 3287 2082 3341 oppressi?

1196 3359 1334 3397 Varro
1351 3371 1361 3396 ε
1391 3358 1402 3377 ‘
1425 3356 1571 3395 Caesar
1586 3354 1869 3394 reversionem
1886 3351 2007 3405 fecit,
2021 3362 2080 3395 ne

1197 3423 1295 3473 post
1314 3418 1560 3471 occipitium
1572 3417 1618 3458 in
1637 3416 1845 3469 Hispania
1858 3415 2079 3456 exercitus

1198 3484 1433 3537 quierant,
1452 3481 1739 3535 relinqueretz
1766 3491 1851 3535 quo
1873 3490 1920 3523 se
1945 3478 2080 3532 conjin
