2306 3900
307 276 376 312 XC

356 399 380 435 3
408 394 491 447 (Sic
519 394 678 432 Sueton.
697 393 748 430 de
765 392 870 444 Aug.
890 394 944 431 ‘28
989 397 1000 414 ‘
1019 390 1069 431 de
1087 392 1175 430 red-

354 450 483 487 denda
501 461 582 498 rep.
613 447 669 484 bis
696 445 934 498 cogitavit’).
962 457 1031 497 pro
1068 444 1182 483 liber-

357 508 435 540 tate
454 501 590 539 fortius
609 499 819 552 loquuntur
830 499 938 547 boni,
953 510 1069 551 quam
1084 511 1183 551 pug-

360 560 457 592 nant
488 552 570 600 viii,
590 558 616 593 2

306 608 421 646 Libet
438 607 682 659 interponere
700 607 776 645 hoc
790 605 876 644 loco
903 602 982 651 xvi,
996 608 1021 645 3
1050 604 1189 656 (servit

358 662 444 700 haec
474 660 652 706 formula,
682 672 770 698 cum
803 657 922 698 tacita
949 658 1069 706 veluti
1098 673 1186 711 προ-

356 713 549 767 &pan-ete,
567 711 781 752 inserendis
803 712 844 751 in
871 711 1066 751 historiam
1079 711 1189 763 judi-

357 768 442 815 ciis,
469 765 814 811 observationibus,
855 765 1106 817 egressionib.
1134 766 1189 804 lo-

358 821 416 860 cis
432 819 755 860 memorabilibus.
783 817 941 870 Boecl.)

306 871 449 913 Libido
468 874 541 928 (de
560 873 790 924 voluptatib.
817 878 858 911 et
877 870 1062 919 mollitie3
1093 883 1188 923 opp.

358 939 474 966 mox:
504 925 758 977 abstinentia)
787 925 880 970 xvii,
898 928 922 964 7
960 923 1188 963 libidinosus

358 980 426 1027 vii,
449 985 469 1021 l
514 981 555 1018 in
582 979 754 1017 omnium
770 978 974 1016 libidinum
992 977 1188 1029 cupidita-

360 1035 464 1073 tibus
482 1033 608 1072 vivere
640 1032 714 1085 (de
731 1031 987 1083 philosophis,
1026 1043 1187 1082 quorum

358 1088 439 1127 vita
472 1094 512 1126 et
560 1085 737 1125 doctrina
771 1085 976 1137 plurimum
1007 1084 1189 1137 distant),

355 1141 422 1179 Fr.
442 1146 466 1181 5

306 1194 467 1234 Librarii
494 1206 584 1239 xxv,
600 1195 650 1233 13
691 1190 810 1245 (servi
828 1204 992 1243 quorum
1011 1203 1129 1242 opera
1146 1191 1188 1229 in

358 1246 620 1287 exscribendis
650 1252 691 1285 et
707 1245 886 1285 curandis
916 1244 1021 1283 libris
1039 1251 1187 1283 veteres

361 1302 578 1340 utebantur.
609 1313 645 1337 v.
668 1299 786 1351 Pign.
802 1300 854 1338 de
871 1312 968 1337 serv.
984 1310 1075 1350 pag.
1096 1302 1186 1338 113.

359 1354 494 1394 Boecl.

305 1407 482 1448 Licentia
499 1354 659 1445 >civium
705 1405 957 1444 immoderata
1009 1403 1187 1457 (notatur

358 1459 655 1511 intemperantia
667 1458 868 1505 libertatis,
895 1456 943 1497 τὸ
957 1457 1187 1510 ὀχλοκρατι·

361 1513 430 1554 nbi·
448 1514 490 1553 ἐν
506 1514 559 1566 τῇ
575 1510 711 1564 πόλει)
747 1513 816 1560 vii,
835 1515 860 1552 4
904 1511 1062 1550 licentia
1078 1512 1186 1551 inve·

359 1574 480 1607 ter-ata
515 1567 587 1620 (de
619 1566 823 1604 militarem
859 1564 1013 1616 discipl.
1049 1564 1186 1616 dedig-

361 1619 534 1672 nantib.)
562 1619 668 1666 xviii,
687 1622 714 1659 8
755 1618 934 1658 licentius
970 1618 1189 1669 dispertivit

347 1673 518 1712 militib.
547 1673 652 1710 bona
669 1684 816 1718 eorum,
836 1684 934 1722 quos
952 1671 1100 1710 sciebat
1118 1672 1187 1709 ad-

358 1739 489 1766 versus
502 1739 542 1765 se
561 1725 722 1764 sensisse
736 1724 810 1776 (de
828 1725 863 1761 vi
883 1723 1094 1775 dominat.)
1106 1738 1145 1771 x,
1163 1729 1186 1764 7

360 1781 393 1819 si
411 1785 514 1820 esset
539 1779 687 1818 licitum
704 1791 774 1831 per
791 1790 879 1817 suos
908 1777 1017 1826 xviii,
1039 1780 1090 1817 10
1135 1778 1189 1831 (si

364 1831 556 1884 licuisset)

306 1886 418 1927 Licet
444 1887 589 1938 ephoro
610 1885 731 1925 cuivis
756 1886 830 1923 hoc
847 1884 974 1924 facere
996 1884 1078 1936 regi
1093 1883 1148 1930 ἰν,
1162 1888 1186 1924 3

309 1941 457 1992 Lignea
483 1938 624 1978 moenia
649 1938 938 1990 (aenigmatice,
965 1938 1016 1977 de
1034 1937 1195 1977 navibus

358 1995 401 2033 in
418 2005 520 2046 resp.
547 1991 713 2045 oracul.)
739 1991 782 2039 ii,
796 1994 823 2032 2

314 2047 476 2099 Ligures
502 2047 612 2092 xxiii,
632 2050 658 2086 4

316 2101 469 2139 Linteae
487 2100 615 2139 loricae
643 2099 698 2146 xi,
716 2102 734 2138 l

307 2154 372 2192 Lis
387 2169 396 2193 ε
415 2154 522 2193 litem
539 2153 766 2192 aestimatam
779 2152 926 2205 populo
950 2151 1098 2191 solvere
1116 2164 1195 2189 non

363 2213 517 2259 poterat
542 2220 581 2253 v,
603 2209 621 2245 1
655 2206 772 2245 alibi:
811 2205 1019 2257 pecuniam
1048 2217 1125 2257 qua
1150 2204 1195 2243 lis

362 2261 550 2300 aestimata
580 2266 639 2298 est
664 2260 693 2305 i,
711 2264 735 2299 7
779 2259 825 2298 lis
839 2271 886 2298 ea
903 2259 965 2297 vel
983 2258 1068 2310 ejus
1090 2272 1113 2296 1.
1134 2259 1194 2297 vel

362 2326 385 2351 c
422 2314 577 2352 talentis
627 2313 815 2351 aestimata
845 2317 905 2351 est
938 2311 965 2357 i,
984 2316 1024 2351 7.
1058 2311 1139 2357 xiii,
1167 2315 1192 2350 3

360 2365 420 2457 ἓξ.
440 2365 617 2471 IFistim.)
646 2365 742 2403 litib.
773 2365 947 2404 distineri
974 2364 1061 2411 xxv,
1080 2370 1107 2404 9
1134 2366 1193 2416 (v.

410 2419 477 2457 ist.

310 2470 457 2511 Literas
473 2469 630 2524 publice
648 2469 801 2510 mittere
820 2469 954 2521 aliquo
984 2467 1065 2516 xiii,
1084 2473 1108 2509 8
1147 2469 1193 2507 li-

364 2526 454 2564 teris
494 2524 572 2564 coli
609 2525 658 2563 ab
695 2523 830 2576 aliquo
866 2525 939 2577 (de
984 2522 1191 2562 familiarit.

363 2578 581 2630 epistolaris
601 2576 847 2629 commercii)
873 2590 961 2623 xxv,
979 2579 1034 2617 20

309 2630 449 2672 Literae
468 2632 558 2684 (pro
572 2630 731 2682 studiis)
744 2645 757 2669 ¹:
786 2630 978 2669 literarum
1002 2629 1044 2668 in
1063 2629 1193 2681 primis

362 2685 557 2725 studiosus
596 2698 685 2731 xxv,
705 2689 726 2725 1
757 2684 875 2723 literis
901 2683 1078 2722 nonnihil
1097 2689 1192 2722 tern-

363 2740 468 2791 poris
496 2740 660 2778 tribuere
680 2737 750 2792 (de
776 2738 877 2777 duce
895 2736 1058 2789 bellico)
1086 2737 1193 2783 xxiii,

366 2796 417 2832 13
445 2793 571 2831 literas
590 2804 716 2831 amare
759 2804 848 2837 xxv,
869 2794 890 2830 1
937 2791 1056 2830 literae
1083 2790 1193 2829 Grae-

367 2859 424 2885 cae
475 2845 567 2897 (pro
615 2845 749 2896 lingua
785 2843 947 2895 Graeca)
999 2845 1192 2883 literarum

366 2899 588 2938 Graecarnm
615 2899 752 2938 doctor
779 2897 886 2944 xxiii,
907 2901 956 2938 13
999 2896 1096 2950 (nisi
1112 2910 1192 2936 ma-

364 2953 426 2997 lis,
458 2953 508 2991 de
539 2954 651 2991 rebus
681 2964 727 2990 ac
758 2950 1018 2990 monumentis
1036 2949 1193 2990 Graeco-

362 3017 446 3044 rum
481 3006 671 3058 accipere,
699 3017 778 3056 quo
807 3003 936 3056 signif.
954 3003 986 3057 ε)
1002 3002 1194 3044 literarum

362 3058 584 3098 Graecarum
602 3071 754 3110 expers,
769 3058 883 3097 Proef.
907 3056 991 3111 (et)
1014 3058 1128 3097 rudes
1148 3058 1192 3096 li-

362 3118 527 3151 terarum
541 3111 763 3152 Graecarum
790 3111 868 3157 xvi,
890 3114 911 3151 l

311 3166 470 3205 Literati
484 3166 664 3219 (quinam
682 3165 774 3204 olim
791 3163 924 3217 dicti),
953 3163 1014 3203 Fr.
1033 3168 1060 3204 6

313 3219 577 3258 Litcratissimi
613 3219 723 3271 pueri
767 3218 828 3270 (in
859 3217 1007 3257 familia
1041 3216 1192 3270 Attici)

367 3284 455 3318 xxv,
478 3276 527 3312 13
556 3272 720 3325 (eruditi
735 3272 837 3310 enim
855 3270 972 3311 etiarn
1001 3271 1196 3324 mancipia

364 3325 514 3363 erudita
529 3326 670 3364 habere
692 3325 912 3364 studebant.
932 3324 1089 3374 Boecl.)
1133 3364 1137 3373 Ι

315 3376 465 3416 Locus:
500 3378 609 3416 locus
627 3392 747 3424 sacer,
780 3379 981 3430 profanus,
1007 3379 1193 3430 privatus,

368 3429 547 3481 publicus
589 3430 632 3476 ii,
665 3436 690 3470 6
734 3432 841 3470 locus
875 3433 1020 3482 primus
1051 3431 1192 3470 aedium
1232 3466 1237 3470 ,

367 3482 603 3535 (πρόθυρον),
636 3484 749 3522 Praef.
791 3485 896 3523 locus
935 3498 1012 3522 non
1043 3497 1192 3536 aequus,

368 3537 543 3591 (iniquus
564 3543 602 3574 et
622 3537 906 3588 incommodus)
935 3538 961 3582 i,
981 3542 1003 3575 5
1052 3538 1189 3575 eodem

1130 268 1333 311 INDEX

1302 402 1442 431 sensu:
1484 389 1738 430 alienissimus
1763 383 1877 430 alicui
1925 389 2022 437 ii‚'4
2065 389 2125 443 (v.

1303 446 1459 497 AEquus
1472 452 1511 484 et
1524 444 1722 495 Alienus).
1752 444 1802 482 ad
1829 449 1952 482 castra
1977 453 2125 495 ponen-

1302 499 1354 538 da
1370 499 1534 537 idoneus
1562 498 1638 543 xiv,
1661 502 1708 537 ll
1741 497 1847 537 locus
1860 498 2015 535 solerter
2033 510 2125 549 cap-

1303 558 1366 590 tus
1392 552 1470 598 xiv,
1489 555 1512 592 7
1544 552 1618 590 loci
1634 549 1818 589 auxilium
1837 550 1952 602 quale
1969 550 2020 588 sit
2046 551 2124 596 xiv,

1303 609 1328 645 8
1364 605 1440 644 loci
1459 605 1639 657 religiosi,
1671 605 1712 642 in
1731 604 1833 643 bello
1850 603 1982 649 etiam,
2015 609 2129 642 tuen·

1305 665 1366 696 tur
1383 658 1578 710 supplices
1606 658 1698 704 xvii,
1717 660 1742 698 4
1781 670 1830 696 eo
1847 656 1934 696 loco
1951 668 2041 696 eum
2057 656 2128 702 ire,

1303 725 1382 763 quo
1410 710 1495 763 ipse
1527 717 1794 757 consueverat,
1825 709 1944 761 jussit
1973 710 2052 763 (sc.
2087 710 2129 748 in

1304 765 1458 817 agmine
1475 763 1652 814 militari)
1677 764 1756 811 xiv,
1774 768 1802 805 9
1828 765 1903 804 hoc
1936 763 2023 802 loco
2049 774 2131 802 non

1303 823 1365 856 est
1393 818 1704 868 praetereundum
1748 817 1893 856 factum
1933 815 2131 867 Pharnab.

1304 869 1366 923 (in
1380 868 1628 922 transitione)
1648 870 1733 916 vi,4
1752 869 1842 909 Sicz
1865 869 2037 909 hocloco
2051 881 2132 909 non

1303 929 1362 962 est
1392 924 1661 975 praetereunda
1687 922 1852 975 gravitas
1880 922 2131 962 Lacedaemo-

1302 977 1451 1015 niorum
1479 976 1533 1022 iv,
1550 980 1575 1016 4
1617 976 1694 1015 loci
1712 977 1853 1028 quibus
1868 976 1985 1028 pauci
2002 976 2132 1015 multis

1303 1037 1467 1082 possunt
1483 1030 1655 1069 resistere
1684 1029 1765 1076 viii,
1783 1034 1807 1069 5
1849 1029 1935 1068 loca
1959 1035 2136 1081 campes-

1304 1084 1390 1130 tria,
1410 1084 1528 1135 plana
1554 1083 1661 1130 xviii,
1681 1087 1704 1123 5
1752 1082 1920 1122 castellis
1934 1082 2077 1122 idonea
2103 1082 2134 1129 i.

1304 1140 1330 1177 2
1371 1137 1458 1176 loca
1488 1138 1639 1176 deserta
1658 1136 1734 1189 (sc.
1766 1137 1818 1175 ob
1836 1145 1947 1187 aquae
1970 1135 2132 1188 penur.)

1303 1190 1410 1238 xviii,
1431 1195 1455 1230 8
1499 1191 1584 1230 loca
1602 1189 1700 1236 sola,
1717 1189 1815 1231 ibid.
1861 1189 1948 1228 loca
1974 1190 2135 1228 sanctis-

1304 1243 1401 1282 sima
1442 1257 1530 1290 xxv,
1562 1247 1587 1283 3
1630 1243 1800 1282 locorum
1841 1242 2029 1295 angustias
2068 1254 2133 1289 xv,

1302 1300 1327 1336 7
1376 1297 1462 1335 loca
1491 1297 1612 1335 multa
1637 1308 1860 1348 expugnare
1887 1295 1980 1342 xvii,
2004 1299 2034 1336 3
2076 1295 2134 1335 Ιο-

1302 1363 1371 1390 cus
1384 1351 1477 1402 (pro
1490 1349 1712 1396 occasione,
1728 1349 1810 1389 sive
1824 1355 1995 1401 tempore
2012 1363 2023 1389 ε
2042 1360 2133 1388 nam

1301 1411 1346 1441 ut
1379 1410 1389 1426 ‘
1406 1404 1588 1456 spatium'
1603 1410 1644 1442 et
1673 1403 1801 1442 locum
1829 1410 1870 1442 et
1886 1406 2039 1453 ternpus
2056 1403 2133 1455 sig·

1301 1457 1459 1505 nificat;
1479 1457 1533 1497 sic
1568 1462 1579 1479 ‘
1607 1455 1727 1495 locus'
1760 1457 1875 1495 eand.
1895 1454 2137 1507 significandi

1300 1510 1595 1562 amplitudinem
1607 1510 1772 1548 sortitur.
1788 1522 1824 1549 ν.
1842 1509 1978 1549 Boecl.
2011 1509 2136 1550 Chre-

1300 1568 1412 1602 stom.
1447 1563 1622 1614 Terent.)
1647 1570 1692 1602 ut
1720 1575 1914 1616 quemque
1932 1575 1980 1601 ex
2007 1562 2137 1616 proxi-

1303 1626 1366 1654 mo
1399 1617 1527 1655 locum
1545 1616 1622 1654 fors
1647 1616 1864 1663 obtulisset,
1897 1629 1944 1655 eo
1974 1617 2137 1668 patriam

1302 1682 1526 1721 recuperare
1562 1669 1784 1708 nitebantur
1821 1670 1883 1722 (h.
1933 1682 1968 1709 e.
2005 1670 2131 1722 prima

1302 1735 1458 1775 quaque
1474 1721 1701 1774 occasione)
1745 1722 1823 1770 xvi,
1842 1726 1868 1763 2
1904 1721 2039 1763 locum
2058 1735 2131 1762 no-

1303 1777 1419 1815 cendi
1448 1777 1540 1815 dare
1573 1776 1665 1823 xxii,
1697 1779 1717 1815 1
1763 1775 2006 1815 occasionem
2024 1777 2134 1824 dare,

1304 1829 1399 1868 ibid.
1419 1830 1546 1869 Iocus
1558 1830 1651 1881 (pro
1667 1829 1858 1880 familia):
1877 1829 2137 1870 locohonesto

1305 1895 1389 1922 esse
1407 1883 1452 1936 (e
1484 1883 1630 1922 familia
1653 1882 1837 1936 honesta)
1859 1882 1999 1930 xviii,l
2028 1883 2137 1923 locus

1313 1937 1405 1988 (pro
1454 1937 1596 1983 officio,
1638 1935 1844 1987 dignitate,
1896 1935 2137 1983 conditione,

1311 1989 1454 2043 gradu)
1474 2005 1482 2029 ε
1512 2003 1600 2030 cum
1619 1988 1803 2029 tredecim
1822 2001 1944 2029 annos
1969 1988 2138 2029 eundem

1312 2043 1441 2083 locum
1484 2057 1549 2095 ap.
1595 2042 1860 2082 Alexandrum
1905 2043 2140 2082 obtinuisset

1312 2097 1389 2148 (sc.
1408 2097 1658 2150 apparitoris)
1687 2096 1793 2143 xviii,
1815 2100 1836 2138 1
1870 2096 1999 2136 locum
2017 2096 2136 2160 legati

1312 2150 1487 2190 obtinere
1514 2164 1605 2197 xxv,
1624 2154 1650 2190 6
1683 2150 1812 2190 locum
1829 2150 2045 2189 seeundum
2065 2161 2137 2188 rm-

1311 2204 1409 2254 perii
1441 2210 1572 2244 tenere
1615 2202 1722 2251 xviii,
1753 2208 1781 2244 4
1826 2203 1946 2242 alibi:
1976 2203 2138 2255 gradum

1310 2257 1363 2302 ix,
1384 2260 1409 2297 3
1451 2259 1555 2297 hunc
1579 2256 1705 2296 tenuit
1723 2257 1852 2297 locum
1869 2256 2052 2296 amicitias
2070 2259 2137 2308 ap.

1310 2309 1537 2362 Philippum
1546 2310 1651 2356 xviii,
1661 2314 1681 2350 1
1693 2309 1804 2363 (mox
1816 2324 1826 2348 ι
1837 2310 2012 2362 gradum,
2022 2308 2139 2362 ibid.)

1308 2361 1400 2402 Huc
1434 2364 1652 2413 pertinent:
1683 2363 1770 2401 loco
1803 2363 1937 2402 scribae
1968 2362 2137 2416 aliquem

1309 2415 1449 2454 habere
1482 2417 1533 2455 ad
1554 2428 1707 2454 manum
1726 2415 1822 2468 (nisi
1840 2415 1937 2455 illud
1969 2422 1981 2439 '
2002 2415 2138 2455 scribae

1308 2467 1409 2507 loco'
1439 2481 1463 2507 a
1481 2469 1607 2520 glossa
1637 2467 1716 2521 est)
1744 2469 1852 2514 xviii,
1871 2473 1893 2509 l
1924 2469 2012 2508 loco
2029 2470 2139 2508 testi·

1310 2521 1432 2560 monii
1463 2521 1600 2560 librum
1637 2522 1787 2562 tradere
1832 2521 1887 2568 vi,
1904 2525 1930 2562 4
1970 2521 2044 2576 (ω
2059 2523 2138 2562 for-

1311 2574 1420 2614 tassis
1438 2574 1479 2613 in
1498 2576 1558 2614 his
1579 2575 1755 2614 omnibus
1775 2576 2003 2627 metaphora
2012 2582 2140 2617 sumta

1309 2635 1368 2667 est
1380 2641 1402 2666 a
1414 2628 1661 2681 spectaculis,
1679 2628 1720 2666 in
1733 2629 1874 2680 quibus
1887 2641 1982 2668 suus
1997 2629 2139 2682 coique

1309 2681 1419 2722 locus
1437 2683 1489 2721 ab
1507 2682 1710 2721 AEdilibus
1734 2681 2012 2722 destinabatur.
2030 2682 2137 2722 Boe·

1308 2735 1401 2774 cler.
1429 2736 1717 2776 Chrestomath.
1742 2735 1923 2787 Terent.)

1255 2788 1486 2839 Locupletia
1515 2801 1675 2828 munera
1702 2789 1829 2841 (larga
1858 2787 2021 2842 magna)
2053 2787 2136 2835 viii,

1309 2847 1335 2883 4
1364 2842 1666 2895 locupletissima
1684 2844 1790 2895 regio
1819 2842 1948 2889 xvii,8

1256 2893 1513 2946 Locupletare
1549 2896 1757 2935 exercitum
1801 2894 1871 2942 vii,
1890 2899 1915 2935 ὅ
1959 2893 2053 2948 (Gr.
2073 2893 2137 2951 deq-

1307 2951 1458 2997 πλῆσαι
1475 2948 1729 3001 &parabi-as,
1742 2949 1805 2989 vel
1821 2949 1967 3001 πλῆρες
1981 2950 2139 2998 vorstede

1307 3001 1355 3042 τὸ
1362 3001 1585 3055 στρόκνμα
1591 3001 1980 3055 παντοίαςῶφελείας.
1988 3002 2141 3054 Gebh.)

1308 3057 1596 3096 multitudinem
1629 3056 1886 3096 excursionib.
1927 3056 1998 3103 ia
2037 3056 2138 3108 regi-

1309 3123 1425 3149 onem
1443 3110 1611 3162 aliquam
1629 3110 1754 3162 equis,
1777 3109 1905 3156 arinis,
1934 3109 2038 3155 viris,
2069 3121 2137 3162 pe-

1309 3163 1427 3203 cunia
1472 3163 1562 3211 xxii,
1582 3167 1609 3205 4
1653 3164 1795 3203 milites
1831 3163 1962 3215 praeda
1994 3173 2136 3214 magna

1309 3216 1401 3263 xvii,
1420 3221 1446 3258 3
1475 3216 1704 3269 locupletari
1729 3218 1862 3270 praeda
1887 3216 2131 3256 barbarorum

1310 3270 1378 3318 vii,
1393 3274 1419 3311 7

1255 3324 1401 3376 Longae
1419 3336 1541 3363 naves
1554 3324 1612 3376 (v.
1632 3323 1758 3375 Nar.)
1772 3322 1826 3370 ir,
1842 3325 1869 3364 2

1258 3378 1437 3428 Longum
1467 3384 1530 3416 est
1565 3388 1787 3416 enumerare
1818 3374 1949 3428 praeli'a
1975 3372 2084 3421 xxiii,
2108 3379 2132 3414 6

1309 3431 1496 3483 (formula
1513 3429 1772 3482 praecisionis)

1256 3484 1441 3535 Longius,
1461 3497 1577 3535 quam
1599 3484 1745 3523 dictum
1762 3488 1834 3530 cst,
1864 3481 2005 3520 debere
2027 3480 2135 3534 (diu-

1314 3536 1411 3587 tius)
1443 3549 1527 3582 xxv,
1549 3540 1573 3575 2
