2306 3900
630 280 821 325 xvm.
886 281 1222 333 numanam,
1262 280 1399 321 car.
1437 266 1526 321 12.

162 402 436 459 proditionis,
465 402 621 446 mirum
650 403 697 445 in
723 402 898 445 modum
918 402 1054 443 virilis

160 476 209 513 et
226 471 401 513 acerba.
429 470 594 521 Ins-gul.

1888 263 1996 320 617

1116 401 1260 455 sponsi
1280 401 1325 442 in
1337 400 1442 442 Vita
1457 397 1677 442 Eumenis.
1702 378 1707 382 ¹

1172 465 1288 511 Quod
1304 476 1499 515 nunquam
1514 475 1602 504 cam
1612 459 1787 513 fortiore
1810 471 1897 500 sum
1913 471 2004 500 eon-

220 536 351 582 Quam
384 533 584 575 exercitus
627 530 666 572 ei
720 529 802 583 ter]
853 529 1054 573 Justinus
1112 529 1290 581 gressus]
1328 528 1461 569 Hunc
1476 527 1596 582 quasi
1609 539 1771 569 morem
1789 527 2004 568 Eumenes

161 598 175 622 ‘
197 596 380 653 quater’
399 596 523 638 dicit.
554 596 675 647 Mag.

217 662 349 709 Quom
363 673 454 702 eum
482 672 559 700 non
573 657 760 711 prodere]
802 657 978 698 Perdere
1008 652 1054 696 in

164 724 352 778 vulgatis
369 737 383 775 ς
421 722 500 764 sed
520 723 666 774 Festo,
682 722 848 774 prodere
870 719 1055 772 perdere

162 794 254 840 est;
301 793 350 830 et
369 787 576 828 Lucretio
605 797 695 826 non
732 783 880 837 semel,
909 782 1055 824 obser-

163 856 294 895 vante
312 849 507 892 Gifanio.
536 848 692 889 Schott.

212 912 421 965 Seleucus]
496 911 752 964 Babyloniae
803 907 1056 962 praefectus.

162 975 349 1020 Lambin.
1000 973 1003 975 ’

215 1040 494 1095 Lysimachus]
539 1038 621 1080 Cui
648 1036 831 1079 Thracia
858 1039 953 1077 erat
972 1039 1058 1076 tra-

164 1105 273 1158 dita,
290 1117 389 1147 cum
408 1103 656 1158 regionibus
671 1101 879 1144 finitimis.
907 1102 1032 1142 Idem.

219 1168 478 1220 Ptolem]
523 1165 702 1219 AEgypti
733 1170 946 1217 satrapes,
966 1163 1059 1215 opi-

163 1233 292 1274 nione
320 1231 538 1272 hominum
570 1229 679 1283 Lagi
707 1227 850 1278 filius3
891 1239 939 1269 re
959 1227 1060 1268 Phi-

162 1295 291 1349 lippi.
316 1294 503 1336 Lambin.

219 1358 300 1410 Hi,
318 1359 389 1411 qui
411 1359 518 1399 circu
536 1356 671 1409 mant]
719 1355 774 1398 ld
806 1360 890 1407 est,
914 1353 955 1396 οὶ
971 1352 1060 1408 περὶ

167 1422 297 1474 αὐτὸν,
310 1422 402 1475 ejus
413 1422 597 1463 comites
609 1426 656 1461 et
670 1418 919 1460 familiares.
933 1419 1058 1459 Idem.

167 1487 326 1528 Cicero
345 1484 660 1526 modo-Graece
686 1482 812 1534 dicit,
829 1481 958 1538 modo
978 1482 1059 1522 La·

167 1551 276 1592 tine.
331 1548 536 1591 Meminit
571 1547 695 1600 hujus
726 1546 810 1587 loci
843 1544 1060 1587 Casaubo·

167 1625 247 1656 nus
267 1612 323 1654 ad
342 1612 599 1654 Suetonium
619 1611 694 1652 lib.
715 1621 780 1651 xv.
803 1614 870 1652 1⁰.

221 1677 334 1718 CAP.
352 1668 421 1717 11.
454 1676 513 1716 Ut
543 1674 793 1724 acerrimum,
818 1673 964 1726 inquit,
983 1672 1062 1713 leo·
1113 1700 1115 1702 v

166 1741 276 1794 um]
302 1742 377 1784 Sic
396 1741 686 1782 Plutarchus:
715 1739 728 1762 ‘
750 1738 1062 1781 Quaerentibus

169 1811 315 1846 autem
345 1804 414 1856 iis,
448 1804 604 1857 quibus
632 1801 939 1844 custodiendus
977 1803 1064 1842 Eu·

166 1880 317 1910 menes
350 1867 495 1909 fuerat
528 1866 732 1917 traditus,
758 1864 972 1918 quomodo
1000 1876 1065 1906 as·

171 1935 422 1974 servarent:
462 1932 475 1954 ‘
495 1936 543 1972 ut
572 1927 880 1983 elephantum,'
912 1928 1067 1982 inquit,

173 1997 185 2018 ‘
201 2000 279 2036 aut
296 1994 498 2036 leonem.'
514 1994 526 2013 ’
816 2030 822 2032 s

224 2059 418 2101 Fructum
445 2059 567 2101 oculis
588 2072 642 2100 ex
671 2058 754 2110 qius
784 2071 876 2099 casu
908 2057 1065 2111 capere]

176 2125 231 2168 Id
249 2131 334 2178 est,
352 2126 503 2178 oculos
530 2136 729 2178 pascere.
786 2122 1066 2164 Contrarium

173 2196 244 2233 est
271 2190 285 2212 ‘
303 2190 437 2230 oculis
467 2187 645 2230 dolere!
691 2188 848 2229 Teren.
869 2185 1067 2227 Phormi-

173 2267 285 2296 one:
327 2254 341 2277 ‘
361 2253 464 2295 Vin'
503 2254 686 2306 primum
738 2251 868 2293 hodie
902 2249 1065 2299 facere,

177 2317 292 2372 quod
324 2330 406 2370 ego
437 2316 649 2370 gaudeam
685 2316 744 2357 Et
773 2326 857 2368 quo
877 2319 953 2356 tuo
973 2314 1065 2354 viro

175 2382 287 2423 oculi
302 2382 479 2423 doleant
490 2380 518 2422 ?’
548 2380 694 2422 Celius
707 2379 842 2421 Curio
854 2378 909 2419 ad
925 2377 1065 2418 Cicer.

175 2446 318 2499 Epist.
349 2445 426 2487 lib.
451 2456 557 2487 vm.
588 2448 654 2486 15.
685 2445 699 2467 ⁸
722 2444 966 2496 Numquam
987 2440 1067 2483 tibi

177 2510 293 2552 oculi
311 2509 563 2559 doluissent,
578 2508 615 2548 si
642 2507 686 2548 in
714 2507 891 2559 repulsa
918 2503 1066 2545 Domi·

177 2575 230 2615 tii
265 2574 434 2615 vultum
465 2570 679 2613 vidisses!
722 2569 929 2622 Explicat
965 2568 1066 2609 Pet.

155 2631 400 2679 'Victorius
441 2637 549 2678 Var.
593 2635 716 2676 Lect.
749 2633 826 2675 lib.
861 2643 914 2673 11.
950 2635 993 2671 5.
1021 2635 1069 2671 et

177 2703 406 2745 Turnebus
426 2702 661 2743 Adversar.
680 2700 756 2741 lib.
774 2708 840 2739 xl.
860 2702 898 2739 1.
916 2696 1069 2737 Schott.

237 2766 435 2820 Colloquii]
482 2763 735 2817 Legendum
765 2761 956 2803 fortasse
987 2765 1071 2813 est,

179 2831 350 2884 alloqui.-
394 2830 439 2871 id
475 2828 723 2882 παρηγορεῖν,
757 2827 1071 2880 παραμυθεῖσθαι.

183 2897 367 2938 Lambini.

242 2961 300 3001 Ut
326 2958 385 3000 sic
411 2959 638 2999 deuter-etur
660 2955 784 3009 victo]
835 2953 981 3006 Unde,
1007 2953 1074 2995 hio

181 3035 222 3064 se
265 3026 446 3064 uteretur
486 3020 718 3062 Lambinus
771 3018 1074 3060 conformavit.

184 3085 372 3127 Retiueo
400 3089 546 3126 tamen
581 3083 839 3137 scriptorum
876 3081 1073 3123 codicum

184 3148 416 3190 lectionem
443 3149 699 3195 deuteretum
727 3146 871 3200 prisce
898 3144 1075 3199 quidem

185 3219 319 3264 atque
356 3210 562 3251 inusitate
607 3222 688 3262 pro
722 3209 989 3259 abuteretur,
1024 3212 1076 3248 ut

185 3276 198 3297 ‘
217 3274 393 3316 denasci
406 3272 419 3292 '
449 3278 619 3314 veteres
636 3272 843 3314 dicebaut
855 3283 933 3324 pro
952 3270 1076 3312 mori.

187 3339 358 3381 Cassius
372 3338 559 3380 Hzmiua
575 3336 687 3378 Anu.
699 3337 729 3377 l.
746 3348 797 3377 11.
825 3338 839 3360 ‘
854 3337 963 3379 Quoe
973 3340 1079 3375 nata

190 3408 305 3454 sunt,
323 3414 377 3443 ea
392 3401 532 3443 omnia
551 3400 726 3442 denasci
742 3397 893 3440 aiunt!
926 3398 1078 3439 Schott.

247 3466 331 3506 Cur
362 3478 440 3507 non
469 3466 511 3506 in
535 3464 692 3518 prelio]
741 3461 944 3503 Meminit
974 3461 1078 3502 Plu-

193 3529 366 3572 tarchus
410 3528 604 3582 ejusdem
643 3526 896 3583 quaestionis
934 3531 979 3568 et
1013 3536 1079 3567 re·

1116 593 1285 646 habuit,
1302 597 1350 634 ut
1369 598 1415 633 et
1433 592 1671 644 imperaret
1683 592 1816 644 juxta
1835 592 1879 631 in
1895 590 2005 642 acie,

1117 663 1164 700 et
1191 662 1416 712 pugnaret.
1461 658 1559 700 Quo
1591 661 1638 698 et
1670 656 1894 698 Plutarchi
1929 655 2007 697 ob-

1118 722 1304 763 servatio
1323 716 1543 774 pertinere
1563 720 1700 760 videri
1721 725 1882 772 potest,
1907 730 2006 760 curn

1117 786 1353 826 Eumenem
1394 782 1660 833 φιλοπόλεμον
1698 781 1763 822 καὶ
1789 780 2008 833 φιλόνεικον

1119 853 1260 891 notat.
1302 849 1441 889 Locus
1469 852 1538 888 est
1566 847 1660 900 ipsa
1683 845 2008 898 comparatione

1119 913 1214 966 ejus
1233 924 1330 954 cum
1345 911 1551 954 Sertorio.
1606 910 1719 951 Nam
1734 920 1883 950 eorum
1896 909 2007 950 vitas

1119 975 1348 1018 commisit.
1378 975 1627 1016 Buchnerus.

1174 1039 1340 1091 Decidi]
1391 1039 1444 1079 In
1481 1039 1591 1079 hanc
1623 1037 1915 1079 calamitatem
1945 1036 2009 1077 in-

1121 1103 1232 1145 cidi:
1260 1103 1460 1156 dejectus
1484 1101 1544 1142 de·
1568 1100 1744 1142 fortuna
1774 1113 1871 1141 mea
1900 1112 2008 1141 sum.

1122 1167 1238 1209 Nam
1256 1165 1465 1208 ‘eadere’
1497 1170 1543 1205 et
1570 1165 1582 1187 ‘
1603 1163 1832 1205 decidere·
1859 1162 2011 1204 dicun-

1122 1235 1210 1282 tur,
1243 1229 1318 1283 qui
1353 1228 1576 1269 adversam
1613 1228 1833 1269 fortunam
1868 1227 2011 1268 incur·

1122 1300 1238 1334 runt.
1284 1293 1399 1334 Vide
1419 1291 1598 1333 Laberii
1612 1292 1786 1332 Mimos.
1819 1291 1943 1331 Idem.

1179 1349 1311 1402 Quam
1325 1356 1470 1409 figura
1494 1355 1675 1406 venusta]
1711 1356 1796 1395 Πᾶν
1825 1353 1873 1394 τὸ
1900 1355 2013 1404 σῶμα

1119 1418 1387 1475 διηρθρωμένος
1409 1419 1482 1460 ’καὶ
1511 1418 1737 1473 σύμμετρος.
1795 1420 2013 1460 Venustas

1121 1483 1235 1524 enim
1248 1484 1316 1524 hic
1337 1483 1562 1525 decentem
1589 1484 1879 1524 membrorum
1899 1481 2013 1524 inter

1121 1559 1168 1588 se
1201 1546 1538 1599 competentiam
1570 1551 1710 1587 notat.
1765 1545 1878 1587 Vide
1910 1545 2014 1586 Plu-

1123 1611 1261 1653 tarch.
1278 1611 1322 1651 in
1345 1612 1553 1652 Eumene.
1582 1611 1761 1652 Boecler.

1177 1675 1290 1717 car.
1322 1678 1385 1715 12.
1432 1675 1621 1728 Plerique
1653 1674 1800 1727 omnes]
1862 1673 2015 1716 Attica

1121 1737 1298 1779 locutio.
1331 1737 1577 1779 Priscianus
1597 1738 1670 1780 lib.
1691 1750 1826 1779 xv111.
1843 1738 2018 1779 πλείονες

1122 1801 1170 1851 δὴ
1190 1799 1334 1844 πάντες
1352 1802 1469 1843 τοῦτο
1491 1800 1654 1853 λέγουσι
1667 1801 1863 1856 ἄνθρωποι.
1901 1802 2017 1843 Vide

1124 1867 1320 1908 Servium
1352 1867 1522 1908 AEneid.
1542 1879 1574 1909 1.
1609 1881 1652 1921 p.
1673 1871 1769 1909 181.
1825 1867 1882 1908 A.
1911 1868 2016 1909 Gel-

1125 1931 1230 1971 lium
1261 1931 1392 1972 Noct.
1423 1929 1521 1974 Att.
1547 1931 1622 1972 lib.
1641 1935 1828 1972 vur.12.
1862 1931 2018 1972 Κακὴ.

1128 1994 1355 2035 Nearchus
1370 1994 1483 2035 enim
1499 1999 1545 2035 et
1563 1995 1817 2035 Demetrius
1833 1993 2018 2046 Antigo-

1127 2059 1172 2099 ni
1186 2060 1235 2100 F.
1250 2063 1295 2099 et
1307 2058 1503 2099 nonnulli
1518 2058 1590 2098 alii
1606 2059 1840 2098 Eumenem
1854 2057 2019 2098 servari

1127 2123 1382 2175 cupiebant:
1414 2122 1567 2163 caeteri
1581 2133 1728 2163 omnes
1744 2121 1890 2163 necari
1903 2121 2019 2162 vole·

1128 2186 1249 2228 bant.
1283 2185 1466 2228 Lambin.
1982 2211 2006 2229 a

1186 2252 1242 2291 Et
1269 2250 1540 2303 quotidianum
1557 2250 1704 2290 victum
1724 2249 1917 2301 amoveri]
1946 2248 2021 2290 Sic

1127 2313 1415 2354 Plutarchus:
1443 2312 1514 2353 Ὦς
1540 2310 1582 2352 δὲ
1602 2309 1669 2352 οὖν
1687 2310 1791 2363 ἔδοξε
1817 2313 1872 2367 τῷ
1894 2312 2020 2352 Ἀντι-

1126 2374 1228 2428 γόνφ
1244 2374 1317 2417 τὸν
1335 2374 1482 2426 Εὐμενῆ
1500 2374 1670 2428 κτείνειν,
1684 2374 1887 2416 ἐκέλευσεν
1906 2375 2024 2418 αὐτοῦ

1127 2439 1202 2490 τὴν
1235 2439 1383 2493 τροφὴν
1417 2440 1590 2491 ἀφελεῖν.
1640 2441 1763 2481 Idem.
1831 2440 2022 2481 Similem

1131 2506 1243 2547 viam
1267 2505 1324 2546 ad
1354 2511 1540 2545 mortem
1575 2504 1658 2545 sibi
1690 2504 1797 2545 fecit
1827 2502 2022 2545 Atticus.

1130 2571 1204 2611 De
1240 2580 1325 2622 quo
1358 2567 1472 2609 infra
1503 2567 1548 2608 in
1580 2568 1671 2608 vita
1706 2568 1798 2620 ejus
1831 2579 1927 2620 cap.
1953 2569 2023 2608 22.

1136 2634 1276 2673 Ernst.

1190 2693 1389 2747 Negabat,
1407 2707 1449 2735 se
1461 2694 1499 2735 ei
1517 2694 1599 2734 vim
1616 2692 1848 2745 allaturum]
1889 2693 2023 2736 Quasi

1131 2758 1196 2799 vis
1211 2770 1294 2799 non
1312 2763 1445 2809 esset,
1458 2756 1604 2797 inedia
1618 2769 1668 2798 ac
1684 2755 1796 2797 fame
1810 2756 2023 2797 hominem

1132 2822 1376 2864 exhaurire.
1425 2822 1557 2862 Certe
1578 2821 1620 2862 iu
1641 2820 1749 2862 Cod.
1770 2819 1824 2861 de
1852 2820 2020 2861 custod.

1133 2898 1246 2927 reor.
1260 2885 1336 2927 lib.
1352 2897 1384 2926 ι.
1404 2885 1520 2926 inter
1534 2884 1805 2925 crudelitatis
1823 2883 2026 2937 exempla

1134 2947 1338 2990 refertur.
1389 2948 1698 2990 Rittershusius
1727 2947 1770 2988 in
1801 2948 1916 2991 Nov.
1936 2958 2023 2989 ιιι.

1136 3016 1202 3054 14.
1217 3016 1257 3054 3.
1284 3011 1449 3053 nullum
1479 3012 1683 3053 violentae
1713 3012 1864 3052 mortis
1890 3022 2024 3064 genus

1134 3074 1238 3128 fingi
1257 3084 1384 3128 posse
1409 3074 1629 3116 crudelius
1659 3074 1866 3125 ostendit,
1894 3084 2025 3127 quarn

1135 3137 1251 3180 fame
1266 3149 1436 3180 necare.
1466 3138 1691 3179 Loca-enias.

1191 3203 1286 3243 Non
1298 3202 1481 3254 amplius,
1498 3213 1613 3253 quam
1631 3197 1825 3250 triduum]
1865 3197 1941 3239 Kal
1957 3196 2026 3240 δύο

1135 3263 1207 3315 μὲν
1250 3264 1278 3314 ἦ
1306 3266 1409 3317 τρεῖς
1438 3262 1579 3316 ἡμέρας
1619 3261 1768 3314 ἄσιτος,
1803 3260 1904 3303 οὕτω
1932 3261 2026 3314 πρὸς

1136 3328 1324 3377 τελευτὴν
1342 3326 1578 3381 προσήγετο.
1610 3325 1792 3367 lmnbin.

1196 3394 1297 3434 Cum
1323 3395 1455 3432 castra
1474 3389 1741 3443 moverentur]
1783 3387 1971 3443 Αὶφνίδιον
1993 3390 2028 3431 δ’

1138 3458 1336 3512 ἀναζυγῆς
1350 3456 1571 3510 γενομένης.
1614 3457 1737 3499 Idem.

1192 3524 1412 3577 Jugulum
1425 3522 1506 3576 est]
1536 3519 1825 3574 Εῖστέμψαντεε
1838 3519 2028 3573 ἄνθρωπον
