2326 3944
763 237 819 276 v.
880 207 1190 287 ὸιΜοΝΕΜ,
1230 234 1363 275 οΑΡ.
1400 222 1458 275 4.

188 355 355 397 'viorum
382 353 636 396 contendit.’
708 351 919 406 Apuleius
957 352 1070 392 Met.

188 421 265 462 lib.
299 432 364 462 tx.
409 422 558 462 ‘Tunc
595 419 751 471 reliqui
781 416 942 459 fratres
981 424 1070 459 tam

191 484 407 525 Hercules
437 483 666 535 desperata
698 492 822 533 quam
852 481 966 520 ultro
996 491 1071 520 ne-

193 548 338 601 glecta
358 559 434 588 sua
453 546 591 587 salute
611 543 877 586 contendunt
892 543 946 584 ad
963 543 1071 584 divi-

189 613 307 652 tem!
360 610 523 662 Nepos·
550 609 674 648 Eum.
721 607 824 647 ‘Sin
859 618 938 658 per
972 607 1071 646 loca

179 674 280 714 'sola
299 670 610 713 contenderet?
663 671 693 712 J
698 669 824 710 nstin.
843 669 920 709 lib.
939 679 1006 709 ιιι.
1027 673 1070 710 6.

189 736 359 787 Cicero,
385 734 524 775 ‘Mihi
543 746 629 774 non
654 732 832 773 dubium
853 736 935 783 est,
966 732 1070 784 quin

187 793 478 839 Brundusium
498 795 789 838 contendam!
822 794 1069 835 Gebhardus.

187 861 338 902 Front.
358 873 391 902 1.
407 865 449 901 4.
478 860 491 883 ‘
505 860 639 903 Quasi
656 859 823 900 Thebas
838 857 1069 898 contende-

184 923 283 965 ret.’
337 923 391 965 In
418 925 620 975 Datame,
646 922 771 964 ‘Quo
788 920 1071 962 contenderat

188 987 417 1040 pervenit!
444 988 606 1030 Justin.
626 997 680 1027 11.
703 985 865 1027 Saum-o.

242 1051 461 1103 Pacemque
495 1050 601 1091 inter
644 1051 743 1089 duas
783 1047 1072 1099 potentissimas

185 1113 368 1155 ctvuates
382 1112 626 1164 conciliavit]
655 1111 775 1152 Εὐθὺς
792 1109 864 1162 μὲν
881 1109 950 1151 οὖν
977 1126 1070 1150 κατ-

186 1177 312 1218 ελθὼν
340 1175 459 1218 ἔλυσε
487 1176 560 1217 τὸν
595 1175 782 1226 πόλεμον,
813 1174 879 1215 καὶ
915 1172 1071 1215 διέλυσε

185 1239 260 1281 τὰς
275 1237 425 1280 πόλεις.
454 1240 676 1281 Plutarch.

240 1303 386 1343 Pacem
417 1302 660 1355 conciliavit]
701 1302 846 1343 Caesar
875 1300 951 1341 lib.
987 1311 1070 1341 vn.

187 1370 255 1408 56.
281 1366 296 1390 ‘
314 1367 500 1418 Legatos
525 1365 580 1406 ad
594 1363 994 1416 Vercingetorigem
1016 1363 1070 1402 de

185 1439 296 1483 pace
314 1434 362 1469 et
381 1428 572 1468 amicitia
601 1427 872 1468 concilianda
899 1426 1071 1478 publice

186 1492 365 1534 missos.⁹
422 1492 632 1545 Loquitur
661 1503 712 1531 eo
731 1490 857 1531 modo
876 1497 923 1530 et
939 1490 1070 1530 Thra·-

182 1555 323 1607 sybul.
359 1559 491 1608 atque
529 1555 690 1595 Hamil.
745 1555 804 1594 Et
841 1565 989 1605 parem
1025 1552 1070 1593 in

185 1618 358 1659 modum
388 1617 684 1671 antiquissimi.
749 1615 912 1656 Ennius
933 1615 1071 1656 Ctesi-

186 1682 348 1734 phonte
366 1695 378 1723 ε
407 1683 420 1704 ‘
437 1681 528 1722 Eho
549 1687 611 1730 tu,
647 1679 707 1719 Di
735 1678 887 1732 quibus
907 1683 975 1719 est
994 1691 1070 1730 po-

182 1750 333 1797 testas,
348 1749 490 1785 motus
502 1754 703 1796 superum
718 1749 848 1794 atque
867 1740 1069 1791 inferum,

184 1807 349 1848 Pacem
380 1808 497 1848 inter
515 1817 561 1846 se
580 1804 825 1856 conciliant,
842 1803 1071 1845 conferunt

187 1869 485 1911 concordiam.'
540 1869 694 1909 Cicero
719 1879 797 1919 pro
827 1867 1066 1919 Dejotaro:

170 1937 197 1958 ·‘
219 1935 318 1977 Quo
335 1946 432 1974 cum
449 1932 551 1972 mihi
571 1931 806 1972 amicitiam
822 1930 956 1982 Resp.
974 1943 1071 1971 con-

187 1997 382 2048 ciliavit!
413 1996 542 2037 Gebh.

239 2061 291 2101 In
329 2059 526 2113 Cyprum]
556 2059 778 2100 Cimonem
814 2054 914 2110 post
950 2057 1069 2097 exili-

187 2136 259 2164 um
290 2121 617 2164 Atheniensium
658 2121 848 2173 Cyprum
888 2121 1070 2172 acquisi-

187 2186 299 2227 visse
318 2186 450 2226 etiam
478 2185 630 2226 scribit
659 2182 791 2225 Diod.
811 2184 838 2224 l.
856 2195 895 2224 c.
916 2189 961 2224 et
980 2184 1070 2224 Sui-

188 2249 267 2290 das
281 2249 325 2289 in
345 2247 491 2300 Κίμων,
510 2253 610 2301 post
627 2246 824 2300 Thucyd.
842 2247 872 2288 l.
891 2259 924 2289 1.
940 2246 1070 2288 Diod.

187 2312 319 2354 Sicul.
339 2323 425 2352 ιιι.
453 2316 500 2352 et
532 2311 753 2351 Plutarch.
786 2310 831 2349 in
849 2310 940 2350 vita
958 2310 1070 2363 ejus,

188 2377 262 2431 qui
290 2388 494 2417 summam
530 2374 612 2415 viri
644 2375 851 2415 virtutem
880 2386 964 2414 uno
997 2386 1071 2415 ore

188 2439 443 2494 praedicant.
473 2440 607 2479 Ernst.

245 2503 376 2549 Quum
405 2501 491 2553 ejus
525 2500 710 2551 mqy’orem
752 2499 928 2554 partem]
969 2501 1074 2542 Plu-

186 2565 362 2606 tarchus
380 2565 460 2605 hoe
490 2576 575 2604 non
596 2563 802 2616 prodidit,
830 2563 935 2604 sed
924 2576 1073 2616 ingen-

117 2625 125 2637 '
188 2634 256 2668 tes
277 2626 559 2668 certaminum
586 2627 721 2667 moles
748 2626 971 2678 struxisse,
1000 2639 1072 2666 na·

187 2691 305 2731 vales
330 2690 475 2743 copias
501 2691 617 2731 circa
643 2691 831 2743 Cyprum
850 2690 1073 2731 continen-

190 2761 305 2802 tem3
334 2757 380 2793 et
412 2752 617 2805 quosdam
643 2765 699 2792 ex
727 2752 814 2793 suis
841 2753 896 2793 ad
917 2754 1072 2795 Jovem

188 2815 458 2863 Ammonem,
478 2816 640 2856 oraculi
658 2816 900 2868 accipiendi
919 2817 1073 2870 gratia,

188 2879 354 2919 misisse
388 2883 587 2929 testatur,
618 2890 719 2918 mox
755 2891 859 2919 vero
896 2878 1071 2921 obiisse.

243 3006 297 3045 In
328 3005 468 3058 oppido
505 3005 613 3045 Citio
648 3010 707 3045 est
741 3005 935 3058 mortuus]
992 3006 1070 3059 Cy·

187 3067 273 3110 thio
291 3068 439 3109 Codex
456 3069 508 3110 P.
527 3068 738 3110 Danielis.
787 3068 947 3110 Citium
967 3069 1069 3110 urbs

189 3136 258 3173 est
286 3131 440 3183 Cypri,
475 3131 519 3171 in
549 3143 633 3184 qua
659 3137 785 3172 natus
820 3137 886 3173 est
931 3133 1068 3185 Zeno,

186 3196 426 3237 Stoicorum
447 3195 647 3248 princeps
667 3209 677 3235 :
706 3196 818 3236 unde
835 3202 883 3237 et
901 3196 1067 3238 Citieus

187 3259 331 3300 dictus
356 3264 438 3301 est.
491 3257 762 3310 Thucydides
777 3260 923 3310 paullo
940 3259 1068 3301 aliter

185 3321 296 3363 hanc
309 3333 399 3362 rem
414 3326 576 3372 narrat,
596 3332 722 3374 quam
735 3320 918 3363 Diodor.
957 3322 1068 3363 Thu·

188 3384 366 3438 eydides
385 3385 498 3427 enim
525 3384 696 3428 videtur
713 3384 970 3439 significare,
997 3387 1066 3429 Ci-

1909 220 2022 276 47⁷

1134 364 1302 393 monem
1322 352 1482 393 Citium
1513 362 1599 393 non
1626 357 1915 404 expugnasse,
1943 350 2021 391 sed

1132 417 1177 456 in
1214 417 1435 458 obsidione
1468 421 1516 458 et
1546 415 1877 471 oppugnatione⁴
1902 414 2020 456 urbis

1133 484 1272 518 morte
1305 484 1564 531 occupatum
1597 484 1727 532 atque
1767 488 2020 530 oppressum

1133 553 1242 582 esse.
1296 542 1516 582 Diodorus
1545 554 1650 583 vero
1685 542 1763 595 ait,
1797 541 2021 582 Cimonem

1131 604 1239 644 mari
1270 604 1528 656 potientem,
1564 605 1729 644 Malum
1761 608 1807 644 et
1843 603 2020 655 Citium,

1133 667 1274 707 urbeis
1292 667 1441 721 Cypri,
1454 679 1740 720 expugnasse,
1757 672 1803 707 et
1821 666 1865 706 in
1882 666 2022 706 victos

1132 730 1358 771 humanum
1371 743 1415 771 se
1435 730 1689 783 praebuisse.
1724 729 1855 772 Quod
1875 734 2021 770 autem

1133 793 1188 833 ad
1207 794 1298 846 ejm
1316 798 1497 834 mortem
1515 792 1688 844 attinet,
1701 793 1761 833 sic
1778 793 1894 833 idem
1913 793 2021 835 Din-

1133 855 1265 896 dorns
1287 856 1431 908 paullo
1461 862 1582 908 post:
1611 852 1759 903 σννέβη
1785 853 1829 894 δὲ
1853 855 1919 895 καὶ
1948 855 2021 896 τὸν

1133 918 1291 968 Κίμωνα
1301 917 1388 971 περὶ
1403 918 1480 968 τὴν
1488 917 1646 971 Κύπρον
1657 916 1906 970 διατρίβοντα
1920 917 2022 969 νόσῳ

1131 983 1384 1030 reatin-ficut.
1412 982 1595 1023 Lambin.
1651 982 1914 1022 Plutarchus
1947 982 2021 1022 ci-

1131 1046 1267 1086 monis
1286 1045 1486 1099 reliquias
1515 1046 1560 1086 in
1585 1044 1776 1087 Atticam
1798 1045 2021 1088 traductas

1131 1109 1262 1150 fuisse
1279 1109 1443 1161 scribit,
1463 1109 1577 1163 quod
1597 1121 1676 1149 sua
1700 1121 1869 1163 quoque
1889 1114 2023 1150 aetate

1132 1177 1410 1214 monumenta
1436 1173 1624 1214 Cimonis
1655 1173 1908 1224 arguebant,
1937 1173 2022 1213 etsi

1132 1248 1188 1277 ex
1209 1237 1469 1279 Nausierate
1500 1238 1693 1279 Rhetore
1713 1236 1895 1289 referat,
1916 1238 2025 1279 Citi-

1133 1312 1256 1340 enses
1289 1300 1505 1353 quoddam
1535 1301 1722 1341 Cimonis
1751 1301 2023 1352 sepulchrum

1133 1363 1291 1414 colere,
1308 1364 1461 1417 quibus
1493 1364 1539 1403 in
1566 1363 1683 1404 fame
1703 1369 1917 1418 terraeque
1940 1370 2024 1407 ste-

1132 1425 1310 1478 rilitate,
1339 1431 1390 1466 ut
1416 1427 1635 1467 Cimonem
1655 1432 1859 1480 tanquam
1876 1429 2022 1469 Deum

1132 1494 1459 1540 venerarentur,
1477 1490 1652 1530 oraculo
1670 1490 1929 1542 imperatum
1949 1492 2025 1532 sit.

1133 1552 1320 1602 Magius.

1187 1616 1299 1658 cu.
1319 1620 1358 1658 4.
1386 1618 1486 1658 Fuit
1505 1618 1608 1658 enim
1626 1621 1741 1658 tanta
1759 1616 2025 1670 liberalitate]

1132 1680 1205 1720 De
1238 1692 1323 1733 qua
1358 1680 1457 1722 vide
1494 1681 1848 1733 Theophrastum,
1884 1682 2025 1723 Theo-

1132 1757 1351 1798 pompum,
1396 1745 1692 1798 Aristotelem,
1727 1747 2023 1798 Plutarchum,

1132 1807 1388 1850 Athenaeum
1420 1809 1496 1851 lib.
1528 1821 1614 1850 ΧΠ.
1646 1823 1701 1850 ex
1728 1811 2022 1864 Theopompo,

1135 1871 1385 1913 Ciceronem
1406 1872 1533 1914 Offic.
1554 1885 1626 1914 111.
1645 1879 1691 1914 et
1711 1874 1831 1914 alios.

1178 1936 1249 1975 Ut
1276 1949 1470 1988 uunquam
1502 1937 1561 1977 eis
1599 1938 1796 1976 custodem
1829 1938 2021 1988 imposue-

1131 1997 1208 2049 rit]
1236 1999 1377 2039 Cicer.
1402 2011 1483 2051 pro
1515 1999 1707 2040 Planco:
1738 1999 1844 2039 ‘Sin'
1876 2005 2022 2040 autem

1133 2061 1328 2113 emimus,
1340 2074 1468 2115 quem
1477 2062 1666 2103 villicum
1679 2063 2026 2114 imponeremus!

1132 2124 1390 2177 Schioppius
1424 2130 1605 2166 venuste
1640 2137 1664 2165 e
1695 2125 1807 2166 libro
1843 2125 2025 2178 Gifanii,

1130 2189 1325 2229 custodem
1349 2188 1536 2240 posuerit.
1590 2187 1794 2228 Barthius
1813 2199 1839 2228 e
1866 2188 2023 2228 veteri·

1132 2251 1212 2291 bus
1231 2250 1360 2291 editis
1380 2263 1430 2292 ac
1447 2251 1719 2302 membranis,
1747 2251 1901 2304 quibus
1921 2251 2023 2292 olim

1132 2326 1232 2354 usus
1264 2314 1423 2355 Coelius
1462 2315 1620 2355 Curio:
1666 2315 1723 2354 Ut
1755 2326 1951 2366 nunquam
1977 2314 2022 2355 in

1132 2379 1190 2418 eis
1219 2379 1414 2418 custodem
1439 2377 1685 2430 imposuerit.
1739 2376 2022 2417 Scribendum

1133 2453 1238 2481 vero
1256 2442 1352 2493 ipse
1382 2444 1532 2481 retur:
1564 2440 1777 2491 Nunquam
1804 2440 1847 2479 in
1866 2440 1923 2479 eis
1937 2451 2022 2479 cus·

1135 2506 1265 2545 todem
1276 2516 1394 2544 unum
1404 2504 1594 2555 posuerit.
1650 2503 1760 2543 Mihi
1776 2503 1923 2555 placet
1937 2503 2022 2554 lec-

1135 2571 1198 2611 tio
1214 2570 1386 2612 Codicis
1405 2568 1640 2610 Gifaniani.
1695 2569 1843 2609 Caesar
1858 2568 1911 2608 de
1922 2568 2022 2607 Bel·

1135 2635 1178 2675 lo
1198 2634 1311 2675 Gall.
1331 2634 1405 2675 lib.
1426 2645 1458 2674 1.
1477 2636 1543 2674 20.
1574 2633 1588 2654 ‘
1603 2631 1857 2682 Dumnorigi
1878 2635 2020 2671 eusto-

1136 2697 1211 2738 des
1240 2696 1390 2749 ponit;
1418 2700 1469 2736 ut
1496 2708 1593 2748 quae
1622 2700 1738 2747 agat,
1765 2694 2019 2746 quibuscum

1134 2761 1346 2813 loquatur,
1381 2759 1492 2799 scire
1529 2756 1704 2810 posset!
1763 2757 1929 2797 Cicero
1966 2767 2019 2797 11.

1134 2821 1402 2874 Philippica:
1431 2822 1443 2843 ‘
1457 2821 1639 2863 Quoties
1655 2825 1698 2859 te
1715 2819 2021 2860 Patertiusdo-

1133 2897 1203 2926 mo
1214 2884 1453 2937 suaqjecit?
1473 2883 1642 2936 quoties
1651 2882 1851 2923 custodes
1864 2882 2020 2934 posuit,

1133 2961 1188 2989 ne
1202 2949 1331 2989 limen
1348 2948 1534 2988 intrares
1546 2946 1575 2985 ?’
1591 2958 1668 2998 pro
1681 2946 1860 2986 Flacco:
1881 2944 1894 2967 ‘
1906 2943 2021 2985 Her·

1131 3013 1303 3065 mippus
1321 3016 1464 3051 custos
1484 3009 1538 3049 T.
1557 3006 1730 3048 Aufidio
1756 3007 2019 3047 Praetore.in

1134 3074 1352 3116 frumento
1378 3073 1554 3126 publico
1585 3077 1654 3112 est
1686 3069 1883 3123 positus.'
1914 3069 2017 3109 Geb-

1132 3140 1245 3180 hard.
1302 3139 1411 3179 Rem
1430 3141 1578 3178 narrat
1595 3135 1826 3175 Athenaeus
1842 3145 1897 3173 ex
1910 3133 2019 3175 Tho·

1132 3213 1334 3255 opompo,
1347 3200 1418 3241 lib.
1438 3210 1522 3240 xu.
1549 3198 1620 3238 Sic
1636 3202 1779 3238 autem
1798 3196 1910 3237 dixit
1928 3197 2019 3238 Ne·

1134 3278 1226 3318 pos,
1266 3264 1356 3304 ‘eis
1387 3260 1611 3303 custodem
1649 3257 1930 3311 imposuerit,’
1967 3265 2017 3300 ut

1132 3327 1285 3368 Cicero
1313 3325 1356 3365 in
1375 3325 1572 3366 oratione
1592 3334 1671 3375 pro
1685 3321 1884 3374 Plancio,
1909 3322 1923 3348 ⁴
1941 3322 2018 3362 vil·

1130 3390 1260 3431 licum
1279 3386 1530 3442 imponere?
1565 3387 1823 3441 Quanquam
1841 3397 1927 3428 non
1944 3397 2018 3427 ne·
