2326 3944
312 249 422 305 458

313 381 358 423 δὲ
369 380 461 423 τοὺς
468 380 607 434 φόρους
616 382 703 423 τοῖς
708 381 899 430 Ἕλλησι,
906 378 1085 431 τοσούτῳ
1098 395 1201 421 πτω-

313 445 479 498 χότερος
497 446 726 494 ἐπανῆλθεν,
760 443 854 485 ὅσον
883 440 937 485 eir
965 443 1041 492 τὴν
1057 443 1201 492 ἀποδη-

313 509 406 559 μίαν
422 507 640 557 ἀνήλωσεν.
671 509 895 549 Plutarch.
949 508 1116 548 Similes
1135 506 1201 548 fu-

315 578 442 613 erunt
461 571 800 624 Epaminondas,
818 571 1073 624 Lamachus,
1091 571 1203 612 Plio-

316 637 428 687 ci0n‚
447 635 695 689 Pelopidas,
711 639 842 688 atque
862 634 934 675 alii
952 634 1115 685 Duces,
1144 634 1200 676 de

314 698 469 752 quibus
483 699 640 752 passim
657 699 772 740 Hist.
788 699 1054 740 Graecorum.
1082 698 1202 740 Prae-

315 769 387 805 ter
407 763 623 809 Herodot.
642 762 897 812 Aristidem,
922 762 1116 803 Frontin.
1135 773 1200 804 iv.

315 831 355 868 8.
394 828 406 851 ‘
435 827 549 869 idem
582 827 883 880 praestiternnt
914 826 1201 869 Athenienses

314 889 417 932 filii-s
451 889 668 942 Aristidis,
709 895 811 943 post
846 890 1201 943 amplissimarum

315 967 459 997 rerum
484 955 916 1005 administrationem,
943 954 987 996 in
1015 954 1202 995 maxima

319 1023 578 1071 paupertate
597 1016 821 1060 defuncti!
849 1016 1012 1058 Scauro.

315 1117 323 1121 .
371 1081 570 1133 Decessit]
599 1081 653 1122 In
672 1080 831 1129 Ponto,
867 1084 1069 1121 auctores
1088 1079 1201 1131 apud

315 1144 614 1187 Plutarchum.
683 1142 880 1194 Athenis,
917 1142 1003 1183 alii·
1075 1142 1203 1184 Circa

315 1207 496 1260 Ioniam,
513 1209 736 1249 Craterus.
791 1205 846 1247 In
873 1206 1084 1248 Phalereo
1102 1218 1202 1259 por-

315 1278 382 1324 tu,
398 1272 672 1313 Plutarchus.
725 1271 823 1314 Quo
852 1269 918 1321 fit,
945 1275 996 1311 ut
1027 1270 1202 1311 halluci-

316 1340 447 1379 natus
477 1335 677 1377 videatur
705 1335 885 1387 Seneca,
920 1334 965 1374 in
1001 1334 1204 1375 Consola-

318 1398 438 1440 tione
485 1398 539 1439 ad
575 1397 796 1449 Albinam,
854 1409 956 1450 cap.
1006 1401 1072 1439 13.
1125 1397 1202 1438 ubi

316 1460 587 1504 &Aristidem
618 1462 774 1514 capitis
802 1461 1064 1513 damnatum,
1097 1461 1201 1503 duc·

318 1530 497 1578 tumque
517 1525 571 1566 ad
600 1525 858 1578 supplicium
883 1524 1037 1566 fuisse'-
1056 1525 1203 1567 tradit.

318 1587 447 1632 Quod
480 1587 535 1628 de
570 1588 789 1632 Phocione
824 1587 1117 1639 statuendum,
1153 1593 1204 1630 ut

319 1650 514 1695 disertim
531 1650 740 1692 refutavit
759 1651 888 1692 istum
918 1653 1065 1693 locum
1082 1652 1112 1694 J
1116 1657 1202 1694 ust-

318 1714 437 1767 Lim.
481 1714 568 1755 Sed
581 1715 773 1768 quamvis
788 1727 933 1757 omnes
945 1720 1204 1768 paupertate

319 1780 504 1822 maxima
515 1780 734 1821 laborasse
747 1778 983 1821 Aristidem
997 1785 1206 1830 asserant,

320 1843 546 1884 Plutarch.
590 1843 816 1885 tamenin
853 1842 1064 1895 principio
1102 1843 1204 1885 vitae

319 1906 425 1959 ejus
440 1906 694 1959 opulentum
719 1918 774 1947 ex
795 1905 1023 1947 Demetrio
1049 1907 1205 1948 Phale-

321 1982 398 2014 reo
417 1970 551 2011 fuisse
570 1970 740 2012 asserit.
795 1969 912 2012 Ante
940 1976 1123 2012 mortem
1143 1978 1206 2013 ta-

319 2045 419 2075 men
450 2034 675 2078 restitutus
708 2032 753 2074 in
784 2033 1012 2085 pristinum
1045 2038 1207 2075 statum

319 2103 539 2152 quaestura
555 2096 727 2138 functus
746 2102 826 2138 est.
854 2098 1085 2148 Longolius.

380 2163 437 2203 Ut
455 2162 523 2213 qui
539 2161 767 2213 efferretur]
793 2159 901 2200 Alii
933 2159 1132 2212 Codices,
1160 2164 1207 2201 ut

319 2224 458 2277 quibus
475 2222 698 2276 efferretur.
751 2221 827 2263 Sic
850 2221 944 2262 fere
971 2222 1208 2276 loquuntur

320 2287 510 2336 ΡῲιιῐιιεΥ
524 2292 570 2327 et
585 2286 834 2328 Terentius.
863 2284 1044 2337 *Efferre
1061 2290 1208 2327 autem

321 2352 494 2401 mirate,
514 2361 593 2402 pro
612 2353 828 2389 mortuum
846 2348 973 2403 domo
992 2348 1049 2389 ad
1066 2349 1207 2401 sepul-

324 2419 467 2457 turam
477 2417 722 2466 exportare.
760 2411 814 2452 In
830 2411 1035 2454 Cimone:
1063 2414 1076 2437 ‘
1094 2413 1208 2452 Pau·

322 2488 465 2532 peres,
490 2476 566 2530 quiv
582 2476 698 2518 unde
723 2473 978 2516 efferrentur
1005 2488 1091 2517 non
1110 2477 1209 2517 reli-

323 2541 530 2594 quissent,
560 2550 638 2581 suo
670 2543 845 2591 sumptu
874 2538 1065 2579 extulit?
1119 2539 1208 2579 Eu-

323 2616 477 2645 menet
506 2604 519 2627 ‘
539 2603 697 2655 Amplo
716 2600 869 2643 funere
888 2601 1074 2643 extulit!
1129 2600 1209 2643 At·

324 2667 443 2710 tico:
483 2666 496 2689 ‘
516 2665 569 2706 In
602 2665 753 2706 funere
779 2665 932 2706 matris
961 2678 1049 2707 suae
1080 2677 1208 2719 quam

289 2767 294 2773 .
323 2730 483 2771 extulit
499 2741 706 2771 annorum
721 2727 986 2780 nonaginta-²
1037 2729 1111 2770 Sic
1127 2730 1211 2770 Te.

324 2794 489 2835 rentius
526 2791 719 2834 Andria:
765 2793 778 2816 ⁴
806 2791 1032 2835 Effer-tur:>
1068 2792 1209 2835 imus.’

322 2855 523 2908 Ἕκφέρειν
560 2856 711 2897 dicunt
747 2860 794 2897 et
830 2856 997 2909 Graeci,
1035 2868 1091 2897 ex
1124 2868 1210 2910 quo

323 2919 484 2972 ἐκφορά.
522 2919 551 2963 J
555 2931 622 2959 am
639 2930 744 2959 vero
757 2920 887 2960 etiam
898 2920 1209 2972 Aristophanes

324 2983 371 3026 in
402 2983 534 3026 Pluto
567 2993 774 3022 summam
806 2988 1104 3035 paupertatem
1134 2982 1208 3024 de.

324 3047 493 3090 clarare
512 3046 677 3096 volens,
712 3044 775 3085 sic
804 3045 1026 3098 loquitur:
1051 3045 1121 3086 ‘ns
1135 3060 1210 3095 μα.

325 3108 500 3162 sopimur,
517 3107 548 3152 ὃ
566 3106 766 3161 Δάματερ,
782 3106 855 3150 τὸν
871 3107 960 3154 βίον
978 3108 1098 3149 αὐτοῦ
1114 3123 1210 3151 κατ’·

327 3172 477 3224 ἔλεξας,
523 3170 571 3217 Ei
600 3168 847 3224 φεισάμενος,
893 3170 959 3213 καὶ
989 3170 1209 3224 μοχθήσας,

325 3236 554 3288 καταλείψει
583 3234 682 3287 μηδὲ
709 3237 893 3288 ταφῆναι.
935 3236 1118 3277 Lambin.
1136 3236 1210 3277 Sa-

325 3313 433 3343 vuro.
486 3300 601 3339 Talis
633 3299 720 3341 fuit
749 3299 950 3354 Agrippa
979 3300 1210 3345 Menenius

329 3362 446 3415 apud
464 3362 612 3402 valer.
628 3363 866 3407 Maximum
896 3364 971 3407 lib.
990 3376 1055 3408 ιν.
1087 3369 1128 3410 4.
1162 3369 1210 3407 ot

329 3426 520 3471 Pilnium
534 3435 705 3468 xxxm.
725 3429 791 3469 10.

691 262 871 303 NOTAE
912 262 1247 303 VARIORUM
1289 262 1356 302 IN
1399 263 1455 302 C.
1494 263 1758 303 NEPOTIS

1317 380 1374 421 Et
1393 381 1440 420 de
1456 380 1649 422 communi
1676 380 1822 420 oerario
1839 378 1996 420 dotibus
2023 380 2144 429 datis,

1260 443 1561 497 collocarentur]
1589 443 1811 484 AEschines
1831 442 2014 484 oration.
2040 443 2143 484 κατὰ

1263 511 1438 558 Κτησιφ.
1491 505 1736 559 Ἀριστείδην
1748 504 1791 546 δὲ
1805 504 1877 544 τὸν
1893 503 1987 546 τοὺς
2004 503 2144 558 φόρους

1260 568 1434 622 τάξαντα
1450 573 1534 613 τοῖς
1542 571 1755 623 Ἕλλησιν,
1771 568 1817 611 οὗ
1832 569 2146 618 τελευτήσαντος

1261 633 1335 675 τὰς
1360 633 1574 687 θυγατέρας
1605 633 1788 686 ἐξέδωκεν
1814 635 1836 674 ὁ
1863 636 1995 685 δῆμος.
2047 633 2143 675 111ae

1260 698 1390 741 dotes
1408 713 1463 741 ex
1482 701 1719 754 Prytanaeo
1737 700 1903 753 sponsis
1931 700 1973 740 in
2001 699 2146 740 matri-

1262 763 1449 804 monium
1481 764 1608 806 datae.
1662 764 1921 805 Plutarchus
1948 764 1992 804 in
2026 764 2118 804 vita
2131 777 2145 804 ι

1261 825 1339 868 Καὶ
1355 826 1429 868 τὰς
1445 825 1518 877 μὲν
1536 825 1749 880 θυγατέρας
1767 827 1988 879 ἱστοροῦσιν
2014 826 2059 866 ἐκ
2075 826 2149 866 τοῦ

1261 889 1490 943 πρυτανείου
1504 893 1592 932 τοῖς
1609 890 1783 943 νυμφίοις
1801 891 2016 942 ἐκδοθῆναι,
2028 891 2148 940 δημο-

1262 954 1331 1007 σίᾳ
1347 957 1421 1003 τῆς
1435 952 1590 996 πόλεως
1605 952 1823 1005 τὸν«’γάμον
1840 953 2059 1005 emerus,
2075 953 2142 993 ocul

1262 1020 1404 1070 προῖκα
1419 1017 1645 1072 τρισχιλίας
1662 1017 1838 1071 δραχμὰς
1852 1015 2016 1071 ἑκατέρᾳ
2031 1020 2149 1070 ψηφι-

1264 1080 1448 1132 σαμένης.
1483 1082 1668 1123 Lombin.
1694 1082 1862 1132 Longol.
1895 1081 2013 1132 Mag.
2080 1080 2148 1120 De

1263 1146 1381 1187 hisce
1412 1145 1512 1186 vide
1545 1145 1784 1186 Mem-sium
1815 1142 1923 1184 Ath.
1955 1141 2097 1184 Attio.
2114 1152 2147 1183 1.

1265 1213 1304 1252 8.
1358 1207 1678 1260 Collocarentur]
1714 1208 1754 1248 Ν
1760 1211 1912 1259 uptnm
1925 1205 2149 1247 darentur.

1264 1274 1590 1328 Epaminonda:
1617 1274 1631 1297 ‘
1652 1278 1727 1314 aut
1747 1272 1868 1325 virgo
1886 1271 2011 1313 amici
2024 1270 2152 1312 ¹nubi·

1263 1340 1383 1380 liset
1402 1343 1586 1392 propter
1611 1342 1918 1391 paupertatem
1945 1335 2151 1376 collocari

1265 1415 1351 1443 non
1388 1400 1561 1455 posset!
1617 1401 1682 1442 Μ.
1713 1399 1867 1440 Cicero
1898 1397 1976 1438 lib.
2009 1408 2070 1438 ιι.
2092 1396 2148 1438 de

1266 1464 1451 1508 Officiis.
1505 1464 1519 1489 ⁴
1537 1465 1646 1506 Cum
1666 1463 1981 1512 consuleretur,
2005 1464 2149 1500 utrum

1265 1529 1379 1570 bono
1401 1529 1492 1569 viro
1512 1527 1710 1582 pauperi,
1735 1538 1791 1566 an
1809 1525 1949 1566 minus
1966 1522 2150 1577 probato

1266 1591 1394 1632 diviti
1410 1591 1541 1633 filiam
1556 1589 1818 1631 collocares.'
1870 1587 1995 1628 Idem
2009 1586 2153 1627 deff-In·

1267 1654 1498 1695 ventione:
1547 1653 1560 1676 ‘
1577 1653 1631 1694 P.
1661 1652 1805 1704 Scipio
1826 1650 2076 1692 Corneliam
2103 1649 2152 1690 fi-

1267 1716 1369 1757 liam
1378 1716 1445 1756 Ti.
1458 1716 1659 1757 Graccho
1675 1713 1932 1756 collocavit!
1976 1715 2049 1755 De
2066 1713 2153 1754 illis
2214 1717 2220 1723 ’

1267 1778 1556 1834 quorumfiliae
1567 1779 1742 1832 publice
1753 1790 1809 1819 ex
1822 1777 1975 1819 serario
1989 1777 2152 1818 dotata

1267 1843 1432 1885 fuerint
1461 1843 1687 1884 collocatae
1707 1847 1907 1894 nuptum,
1939 1840 2038 1881 vide
2057 1840 2155 1882 Val.

1268 1907 1508 1948 Maximum
1525 1906 1600 1947 lib.
1619 1917 1684 1948 ιν.
1711 1908 1780 1947 14.
1810 1904 1866 1945 de
1886 1905 2152 1957 Paupertate

1268 1971 1459 2014 laudata.
1491 1969 1693 2012 Gebhard.
1972 2002 1975 2006 .

1323 2035 1503 2076 Decessit
1520 2033 1752 2083 uutemsere
1765 2036 1856 2085 post
1875 2043 2019 2072 annam
2036 2043 2152 2083 quor·

1268 2097 1374 2150 tum]
1402 2097 1530 2140 Anno
1558 2095 1656 2138 fere
1681 2095 1980 2148 postssRomam
2007 2092 2157 2135 condi-

1269 2167 1358 2204 tam
1373 2171 1537 2203 ccnxx.
1591 2159 1704 2201 Nam
1722 2157 2159 2209 Marathoniapugm

1270 2235 1400 2266 ccnx.
1445 2223 1574 2264 Urbis
1609 2221 1798 2263 conditae
1818 2243 1821 2245 >
1842 2225 2036 2273 pugnata
2070 2227 2155 2270 est,

1271 2293 1387 2330 teste
1404 2285 1544 2340 Agell.
1571 2285 1647 2326 lib.
1667 2295 1788 2326 xvir.
1819 2287 1889 2325 21.
1914 2283 2155 2325 Themisto·

1271 2351 1359 2392 cles
1379 2361 1481 2390 vero
1504 2348 1612 2388 obiit
1642 2347 1822 2399 Olymp.
1840 2356 2023 2387 Lxxvn.
2042 2358 2153 2387 anno

1270 2418 1313 2456 2.
1368 2413 1468 2455 Non
1487 2412 1621 2465 igitur
1645 2409 1850 2452 Aristidae
1881 2408 2013 2451 filiam
2031 2409 2156 2452 duxit

1270 2479 1489 2527 Socrates,
1515 2481 1566 2517 ut
1584 2475 1782 2516 Laenius
1799 2474 1876 2515 lib.
1894 2485 1946 2514 n.
1973 2474 2050 2526 ait,
2077 2472 2152 2514 sed

1271 2542 1519 2594 θυγατριδῆν,
1538 2544 1587 2581 nt
1606 2538 1864 2580 Plutarchus
1883 2537 1928 2577 in
1948 2536 2156 2587 Aristide,

1270 2606 1526 2658 notavitque
1545 2602 1723 2644 doctiss.
1744 2599 1928 2641 casaub.
1955 2599 2000 2640 in
2023 2599 2156 2640 Lacr·

1271 2669 1398 2711 tium.
1424 2668 1593 2710 Schott..
1634 2667 1702 2706 De
1728 2666 1825 2706 loco
1857 2664 2005 2705 mortis
2025 2668 2075 2704 et
2090 2674 2157 2704 se·

1272 2733 1424 2785 pulcro
1468 2731 1510 2772 ei
1555 2729 1728 2784 publice
1765 2731 2031 2778 constructo,
2066 2725 2156 2769 vid.

1272 2793 1499 2836 Plutarch.
1589 2827 1591 2831 .

1279 2896 1281 2900 Α
1326 2859 1396 2899 De
1414 2855 1607 2898 Aristide
1634 2853 1811 2895 videndi
1831 2852 2092 2896 Plutarchus
2112 2852 2156 2895 in

1271 2921 1378 2974 vita,
1406 2919 1658 2962 Herodotus
1690 2918 1735 2958 in
1764 2917 1941 2967 Urania,
1972 2914 2155 2956 Diodor.

1271 2986 1404 3027 Sicul.
1420 2996 1487 3026 xi.
1518 2983 1750 3035 Polyaenus
1770 2991 1803 3021 r.
1821 2978 2014 3021 Frontin.
2032 2990 2098 3020 xv.
2115 2982 2158 3021 8.

1271 3049 1419 3089 Valer.
1438 3047 1618 3088 Maxim.
1638 3057 1682 3085 v.
1716 3048 1755 3085 3.
1785 3049 1875 3084 ext.
1907 3043 2070 3086 sustin.
2102 3053 2157 3085 ιι.

1271 3115 1339 3154 15.
1359 3111 1450 3152 Cic.
1469 3109 1642 3163 passim,
1659 3108 1809 3149 Senec.
1825 3107 1879 3148 de
1894 3106 2074 3149 benefic.
2091 3118 2157 3149 iv.

1269 3177 1340 3215 2⁷.
1372 3178 1419 3214 et
1452 3171 1627 3214 Consul.
1658 3170 1713 3211 ad
1739 3170 1867 3212 Helv.
1887 3173 1953 3211 13.
1975 3169 2071 3222 (ubi
2092 3174 2156 3210 ta-

1269 3249 1369 3280 men
1386 3247 1554 3278 errasse
1578 3234 1749 3275 videtur
1778 3231 1962 3283 Seneca)
1992 3232 2155 3273 AEschi-

1270 3313 1348 3342 nes
1403 3304 1554 3341 contra
1599 3296 1940 3349 Ctesiphontem,
1982 3292 2154 3336 Suidas.

1270 3365 1406 3408 Boecl.
