2306 3900
639 354 643 358 .
687 320 910 360 RERUM
956 320 1030 359 ΕΤ
1074 319 1446 360 VERBORUM.

158 487 160 490 v
194 443 263 494 qui
300 443 484 496 promissa
520 444 617 483 solv.
653 446 830 497 adeoque
871 458 1031 499 compos

196 498 426 539 votifactus.
482 497 576 538 vid.
596 499 753 538 omnino
770 500 888 539 Briss.
906 499 1032 539 Form.

196 554 234 590 1..
255 551 389 591 Boecl.
427 551 546 592 Adde
577 551 732 592 Gruter.
761 559 844 592 not.
863 554 912 592 ad
932 553 1032 593 Livii

193 604 223 642 Ι.
241 608 281 645 8.
313 611 355 646 et
371 606 548 658 Interpp'.
567 607 618 645 ad
635 605 734 646 illud
759 605 870 659 Virg.
894 606 1032 660 Eclog.

196 671 236 705 v,
264 662 318 699 8⁰
370 665 382 682 ⁸
402 659 605 698 damnabis
637 666 680 698 tu
713 673 872 713 quoque
905 661 1032 700 votis!

192 711 328 764 Atque
359 713 416 753 sic
447 719 488 752 et
516 712 649 752 Livius
678 713 797 754 semel
816 715 1034 766 iterumque

193 763 347 806 locutus
360 779 373 816 ;
401 772 446 804 ut
472 767 591 806 docet
615 767 730 807 Voss.
749 767 776 806 l.
794 780 830 807 c.
849 769 917 820 qui
943 782 1034 821 sup-

196 818 384 870 plendum
420 819 614 860 existimat
648 827 660 845 ¹
683 821 934 874 obligatione’
965 829 1034 862 aut

151 890 160 897 ·
194 876 207 894 ⁶
221 873 514 924 persolutione:
527 881 595 914 aut
609 875 725 915 simili
737 889 847 916 voce.
902 876 1034 916 Possis

194 932 237 965 et
264 927 471 968 subaudire
499 933 512 950 ‘
533 929 584 969 de
602 929 788 980 xdamnoss
819 936 864 968 ut
890 935 902 952 ⁴
926 931 1034 978 voti:

195 981 388 1020 vocabulo
401 994 460 1021 res
467 987 559 1021 vota
570 981 932 1035 designetur,sicuti
945 997 1034 1024 cum

195 1033 362 1074 dicimus
389 1039 403 1058 ‘
424 1035 541 1088 potiri
567 1035 697 1084 votis‚'
723 1038 809 1077 sub.
838 1043 851 1060 ⁴
872 1037 1033 1093 rebus').

199 1087 397 1128 damnatio
418 1090 491 1152 (de
509 1090 655 1130 mulcta
672 1090 878 1146 imposita)
907 1092 934 1140 i,
954 1095 980 1131 8

141 1139 301 1182 Damon
319 1142 533 1196 (musicus)
560 1157 624 1191 ιν,
644 1147 671 1186 2

142 1193 249 1235 Dare
267 1196 458 1249 parentib.
477 1197 627 1237 aditum
646 1199 910 1239 conveniendi
936 1199 990 1247 iv,
1008 1203 1033 1240 3

196 1249 315 1289 alicui
329 1263 475 1290 annum
497 1252 681 1304 temporis
707 1253 758 1292 de
775 1253 835 1292 his
852 1254 966 1292 rebus
993 1254 1036 1301 ii,

197 1307 225 1343 9
252 1300 532 1344 Paulo‘aliter:
562 1307 654 1346 dato
667 1314 841 1359 tempore
859 1308 910 1347 ad
929 1319 1035 1346 com-

194 1359 411 1418 parandum
424 1358 582 1412 (relicto
596 1361 723 1412 spatio
742 1361 927 1413 temporis
941 1374 1037 1400 con-

189 1411 344 1462 juratis,
357 1425 435 1464 quo
451 1419 720 1464 compararent
735 1414 902 1466 bellum)
929 1414 1038 1463 xxiii,

194 1468 221 1505 2
236 1465 387 1504 donum
395 1464 573 1518 Apollini
582 1467 751 1506 victoriae
759 1480 851 1520 ergo
851 1468 1036 1560 §offerre

195 1519 443 1573 consecrare)
470 1520 524 1567 iv,
546 1525 567 1561 1
604 1521 717 1574 (vide
734 1520 834 1561 infra
895 1522 1036 1575 onum)

197 1573 311 1612 alicui
331 1573 449 1613 fidem
473 1574 643 1628 (jurare)
670 1574 777 1622 xxiii,
795 1578 822 1616 2
849 1575 968 1615 fidem
985 1577 1037 1616 de

197 1640 239 1666 re
256 1626 394 1680 (super
410 1627 473 1681 re)
501 1628 581 1676 xiv,
600 1633 652 1669 10
680 1627 798 1669 filiam
831 1630 874 1668 in
905 1629 1037 1669 matri·

193 1680 370 1720 monium
397 1681 490 1730 xxii,
511 1685 536 1722 3
580 1682 700 1721 filiam
730 1688 897 1735 nuptum
924 1683 978 1730 iv,
997 1687 1038 1724 2.

198 1748 238 1781 x,
258 1739 280 1775 1
310 1735 515 1788 imperium
549 1735 651 1776 urbis
683 1735 902 1789 (praeficere
929 1737 1038 1788 urbi)

163 1828 166 1832 ,
198 1789 227 1834 i,
248 1792 272 1828 3
302 1788 381 1842 (sic
396 1802 500 1842 saepe
515 1788 624 1830 Curt.
638 1795 684 1828 ut
707 1789 766 1837 iii,
785 1794 827 1836 3,
847 1794 885 1831 l.
913 1797 955 1830 et
980 1791 1039 1838 iii,

200 1845 267 1889 13,
306 1843 395 1895 14).
448 1843 540 1883 dare
576 1856 734 1883 manum
769 1843 874 1898 (sive
907 1844 1038 1897 potius

198 1908 363 1935 manus:
401 1897 548 1936 victum
583 1910 625 1936 se
659 1896 858 1952 confiteri)
899 1897 993 1945 xxii,
1013 1901 1036 1938 1

200 1950 445 1990 occasionem
470 1949 532 1990 sui
559 1951 804 2004 opprimendi
832 1965 871 1999 x,
889 1955 915 1992 4
943 1965 1039 2004 ope-

199 2017 280 2042 ram
300 2011 345 2043 ut
369 2005 412 2052 ii,
426 2008 453 2045 7
481 2018 638 2058 operam
652 2006 863 2045 honoribus
881 2004 1040 2059 (capes-

201 2071 285 2097 sere
302 2057 462 2111 honor.)
490 2058 593 2107 xxiv,
611 2063 635 2100 1
665 2072 823 2112 operam
851 2059 1040 2112 palaestrae

198 2111 399 2166 (studere)
426 2125 491 2160 xv,
508 2116 536 2154 2
581 2125 738 2166 operam
773 2113 829 2153 rei
865 2113 1044 2153 familiari

202 2165 309 2219 (scil.
344 2167 502 2205 tuendas
543 2165 835 2219 augendaeque)
876 2180 977 2214 -xxv‚
1013 2171 1041 2208 4

202 2224 435 2271 potestatem
464 2219 541 2273 (sc.
574 2219 666 2260 belli
693 2218 875 2274 gerendi)
901 2220 995 2268 xvii,
1015 2224 1042 2261 2

203 2271 376 2324 praesidii
406 2273 513 2326 quod
543 2274 635 2313 satis
672 2280 732 2313 est
757 2274 801 2322 ii,
819 2277 846 2315 8
888 2274 1042 2326 signum

203 2327 281 2380 (sc.
299 2326 353 2366 rei
372 2326 593 2389 patrandae)
621 2327 649 2374 i,
668 2330 694 2367 7
723 2327 875 2380 signum
898 2340 1042 2380 pugnae

203 2380 311 2428 xxiii,
330 2384 380 2420 11
420 2393 574 2433 signum
603 2380 728 2432 praelii
754 2382 807 2429 xi,
824 2385 851 2421 2
889 2387 1042 2421 tantum
1070 2388 1082 2398 ”

201 2434 381 2486 pecunias
410 2436 461 2474 ad
493 2434 637 2475 classes
656 2435 906 2475 aedificandas
925 2435 1041 2482 (con-

202 2488 321 2540 serre)
360 2488 416 2535 iii,
437 2492 463 2529 3
516 2489 605 2528 Sic:
651 2496 841 2541 quantum
877 2489 1043 2541 quisque

201 2543 313 2582 daret
336 2540 409 2594 (ad
438 2542 697 2581 sublevandos
717 2542 861 2582 amicos
880 2541 987 2595 scil.)
1014 2542 1043 2589 i,

206 2599 230 2635 3
261 2601 428 2646 tempus,
454 2595 558 2635 diem
576 2594 647 2647 (ex
665 2595 898 2647 composito,
916 2595 1044 2647 praefi-

205 2647 310 2700 nire)
337 2648 455 2695 xvi,2
483 2655 637 2701 tempus
653 2647 770 2688 literis
781 2648 1044 2702 (impendere,

205 2700 393 2754 tribuere)
421 2702 465 2749 ii,
484 2706 536 2743 10
580 2702 841 2742 testimonium
866 2702 916 2742 ad
944 2702 999 2750 vi,
1016 2706 1043 2744 4

206 2756 292 2795 vela
309 2755 435 2796 ventis
453 2756 525 2809 (de
543 2757 706 2795 navibus
736 2757 777 2796 in
805 2756 926 2796 altum
955 2770 1045 2809 pro-

205 2809 349 2862 vectis)
395 2810 500 2858 xxiii‚
533 2814 559 2851 8
604 2810 758 2850 veniam
792 2810 1045 2864 (concedere,

205 2877 375 2903 annuere
395 2863 620 2917 postulatis)
647 2864 690 2911 ii,
709 2867 761 2905 10
790 2877 875 2904 eam
892 2865 1044 2903 veniam

229 2919 269 2957 in
301 2931 348 2957 eo
379 2917 572 2970 annuere)
600 2918 654 2968 iv,
672 2923 712 2959 4.
753 2932 792 2966 x,
810 2922 851 2959 2.
890 2918 998 2966 xviii,
1018 2923 1046 2959 6

228 2986 267 3010 v.
303 2970 455 3024 Venia)
490 2973 583 3012 dare
626 2971 744 3012 alicui
770 2971 1047 3024 jusjurandum

236 3024 378 3077 ὐκαι-ε)
406 3026 513 3073 xxiii,
528 3029 563 3066 ’2
604 3025 691 3079 (Sic
719 3025 850 3066 Plaut.
869 3026 1047 3066 Mostell-

208 3093 246 3124 v,
264 3082 301 3125 1,
314 3082 380 3118 36.
408 3085 449 3118 et
461 3079 549 3119 Ter.
565 3079 664 3119 Hec.
691 3079 744 3130 iv,
759 3082 800 3127 4,
816 3078 906 3133 75).
931 3079 1048 3120 alicui

208 3133 371 3172 classem
407 3132 436 3179 i,
454 3136 481 3173 7
519 3133 670 3174 crimini
700 3132 903 3196 (arguere)
937 3147 1000 3181 xv,
1021 3137 1047 3173 8

209 3187 347 3225 decem
366 3184 485 3224 millia
511 3186 688 3238 peditum
715 3199 744 3234 1,
761 3191 789 3228 4
827 3188 870 3227 id
900 3187 1050 3240 negotii

209 3240 263 3286 ix,
294 3242 320 3280 4
362 3239 511 3290 populo
544 3239 691 3279 talenta
721 3238 872 3292 aliquot
898 3239 1050 3280 muneri

209 3293 304 3339 xvii,
325 3296 351 3333 8
380 3292 580 3345 negotium
599 3292 732 3339 alicui,
779 3293 821 3332 ui
835 3292 990 3332 simulet
1007 3306 1050 3331 se

211 3345 408 3386 inimicum
449 3350 532 3393 x,8
577 3351 623 3385 ut
657 3346 698 3385 in
784 3345 863 3385 ciat
899 3345 966 3392 vii,
998 3349 1050 3386 10

214 3411 348 3450 poenas
366 3399 515 3440 civibus
535 3398 709 3453 (puniri)
736 3399 765 3444 i,
784 3402 808 3439 3
839 3404 1050 3451 potestates

214 3464 380 3492 summas
405 3453 538 3494 amicis
565 3452 644 3500 xvi,
664 3456 685 3494 l
726 3452 845 3492 alicui
874 3465 1052 3505 soporem

215 3505 338 3558 (porri
366 3519 429 3546 ere
440 3508 764 3547 medicamentum
778 3505 1052 3559 soporiferum)

213 3561 288 3607 x,2
308 3559 327 3614 (
356 3559 393 3601 ic
406 3561 517 3602 'dare
526 3561 980 3604 medicamentum’curt.
998 3559 1054 3609 vi,

1794 309 1980 360 xxxix

1149 452 1216 495 10,
1229 451 1295 489 34.
1324 454 1335 472 ⁸
1351 446 1646 495 venenum,'1d.
1675 451 1789 495 x,l⁰‚
1807 447 1984 500 14,&c.)

1149 508 1314 540 statuam
1347 502 1537 555 (ponere)
1573 502 1654 549 xiii,
1680 506 1706 542 2
1749 502 1984 554 supplicium

1149 555 1398 595 multitudine
1427 555 1558 607 aliqua
1586 556 1663 607 (sc.
1696 568 1881 595 caesorum
1914 557 1985 595 ho-

1148 609 1294 647 minum
1307 623 1315 647 :
1331 610 1409 648 vid.
1421 610 1676 661 Supplicium.
1687 610 1813 661 puniri
1829 617 1987 661 propter

1148 661 1339 714 aliquem)
1379 663 1473 710 xvii,
1496 668 1520 702 5
1564 663 1681 702 verba
1712 662 1775 715 (re
1805 669 1847 702 et
1879 663 1986 703 facto

1148 727 1218 767 per
1249 716 1383 754 dolum
1410 714 1590 768 eludere)
1628 716 1731 763 xxiii,
1751 721 1776 756 5
1804 717 1986 756 vestitum

1149 781 1261 807 suum
1280 769 1586 822 (permutatione
1618 769 1745 821 facta)
1772 769 1851 818 xiv,
1870 774 1897 810 9
1925 783 1989 809 so-

1147 835 1271 862 rorem
1287 836 1396 862 suam
1411 835 1567 863 uxorem
1585 821 1813 875 (collocare,
1845 835 1988 863 conce·

1151 877 1257 924 dere,
1289 878 1339 916 de
1372 877 1509 916 marito
1544 876 1648 916 illius
1680 876 1790 916 alteri
1818 875 1987 929 conjuge

1150 943 1220 970 sua
1245 930 1434 984 cedente)
1473 943 1512 977 v,
1530 934 1553 970 1
1601 930 1740 970 librum
1777 931 1989 970 testimonii

1150 983 1238 1023 loco
1266 985 1320 1032 vi,
1338 989 1366 1026 4
1393 984 1561 1036 aliquem
1598 984 1640 1022 in
1676 985 1893 1024 custodiam
1923 984 1988 1038 (in

1151 1037 1307 1079 vincula
1323 1037 1541 1090 conjicere)
1569 1037 1676 1084 xviii,
1695 1041 1744 1078 11
1775 1051 1817 1077 se
1835 1038 1989 1078 duritiae

1149 1091 1329 1144 (operam
1360 1093 1466 1132 dare.
1494 1093 1546 1131 de
1575 1091 1753 1131 instituto
1780 1091 1894 1144 vitae)
1920 1092 1990 1139 vii,

1152 1148 1201 1186 11
1246 1145 1333 1198 (Sic
1351 1146 1437 1186 Cic.
1454 1145 1565 1185 Verr.
1583 1151 1607 1186 5
1638 1151 1650 1168 ¹
1669 1146 1763 1185 dare
1794 1159 1835 1185 se
1867 1145 1990 1185 labori

1150 1205 1269 1251 atque
1305 1199 1505 1239 itineribus
1521 1199 1546 1248 ;'
1588 1205 1630 1239 et
1665 1198 1785 1239 alibi:
1816 1205 1828 1222 ⁴
1845 1199 1899 1239 rei
1930 1199 1989 1239 sa-

1152 1254 1287 1292 miliari
1310 1253 1480 1306 vitaeque
1504 1251 1706 1306 rusticae’).
1738 1266 1779 1292 se
1807 1253 1990 1293 fluctibus

1150 1307 1327 1347 civilibus
1354 1305 1640 1361 (committere)
1682 1320 1772 1352 xxv,
1791 1309 1818 1346 6
1859 1320 1901 1347 se
1929 1314 1991 1346 to·

1152 1366 1236 1400 turn
1253 1361 1348 1412 reip.
1376 1361 1420 1411 ii,
1439 1365 1462 1401 1
1490 1360 1578 1413 (Ita
1595 1373 1635 1412 q.
1652 1361 1744 1400 edd.
1762 1361 1831 1399 sed
1848 1361 1991 1400 rectius

1150 1414 1231 1462 alii,
1265 1413 1444 1467 dedere).
1489 1427 1531 1453 se
1567 1413 1791 1453 adversariis
1826 1413 1993 1466 alicujus

1150 1466 1371 1520 (applicare
1406 1479 1448 1507 se
1480 1467 1572 1515 illis,
1617 1467 1660 1506 in
1695 1480 1828 1507 eorum
1863 1474 1993 1520 partes

1152 1521 1389 1575 concedere)
1408 1534 1496 1568 xxV,
1510 1525 1537 1562 9
1566 1521 1652 1575 (Sic
1671 1526 1685 1554 ἐ
1700 1522 1793 1561 dare
1811 1534 1852 1560 se
1871 1521 1993 1574 legio-

1153 1575 1280 1614 nibus'
1299 1589 1363 1628 ap.
1381 1575 1507 1616 Tacit.
1527 1575 1635 1614 Ann.
1661 1575 1691 1621 i,
1712 1579 1781 1623 31,
1802 1579 1840 1615 1.
1868 1582 1909 1616 et
1927 1589 1992 1628 ap.

1150 1628 1307 1670 Terent.
1335 1634 1347 1653 ‘
1368 1629 1473 1669 dare’
1493 1635 1534 1669 et
1561 1635 1572 1651 ⁸
1593 1629 1738 1668 dedere
1770 1642 1813 1668 se
1847 1629 1994 1669 alicui!

1151 1695 1191 1721 v.
1235 1683 1521 1723 Chrestomath.
1562 1681 1777 1735 Boecleri).
1816 1689 1994 1722 senatum

1153 1736 1291 1788 legatis
1318 1736 1446 1790 (diem
1478 1738 1585 1784 dare,
1617 1742 1659 1775 ut
1677 1743 1853 1775 senatum
1871 1737 1995 1783 adire,

1154 1791 1416 1843 mandataque
1434 1804 1504 1829 sua
1521 1796 1562 1829 et
1579 1789 1776 1842 postulata
1799 1803 1994 1842 exponere

1153 1842 1327 1897 possint)
1353 1844 1462 1892 xxiii,
1480 1848 1506 1885 7
1553 1843 1742 1896 (propria
1766 1856 1867 1882 vox:
1902 1843 1994 1883 vide

1153 1896 1328 1937 Brisson.
1354 1899 1467 1937 form.
1494 1898 1590 1939 1.,2.
1616 1897 1753 1937 Boecl.
1806 1896 1870 1937 Sic
1888 1898 1996 1949 apud

1155 1951 1242 1990 Liv.
1269 1965 1383 1998 xxxv,
1398 1955 1450 1992 33
1466 1958 1508 1992 et
1523 1956 1578 1993 40
1606 1957 1618 1974 ‘
1637 1951 1845 1991 concilium
1859 1951 1995 1990 datum

1154 2005 1340 2058 legatis’).
1355 2006 1469 2045 datur
1482 2005 1586 2044 hosti
1598 2005 1708 2044 locus
1722 2005 1892 2044 nocendi
1906 2004 1996 2058 (oc-

1157 2058 1283 2111 casio)
1310 2059 1403 2107 xxii‚
1419 2063 1442 2100 1
1483 2059 1575 2099 huic
1592 2058 1757 2098 facultas
1774 2058 1997 2110 perorandi,

1158 2113 1318 2152 dicendi
1345 2125 1501 2153 causam
1542 2112 1619 2159 xix,
1637 2115 1664 2152 4
1710 2111 1828 2152 alicui
1856 2112 1997 2164 aliquis

1159 2165 1315 2218 adjutor
1352 2167 1406 2214 ix,
1436 2171 1477 2208 4.
1521 2166 1588 2213 xii,
1617 2169 1644 2206 2
1686 2165 1769 2218 (sc.
1797 2166 1840 2205 in
1872 2163 1998 2218 bello)

1159 2233 1307 2259 summa
1325 2220 1419 2260 belli
1435 2218 1731 2274 (committitur)
1756 2219 1835 2267 xvi,
1853 2224 1878 2260 5
1907 2219 1999 2260 huic

1157 2273 1322 2315 facultas
1350 2275 1507 2314 vivendi
1535 2286 1606 2326 pro
1635 2273 1775 2326 dignit.
1792 2273 2000 2326 (relinqui-

1159 2332 1222 2366 tur
1271 2341 1363 2375 xxv,
1385 2331 1411 2369 2
1453 2326 1660 2368 accubanti
1678 2327 1843 2379 epistola
1859 2326 1998 2381 (offer-

1159 2387 1221 2420 tur
1272 2382 1350 2429 xvi,
1368 2385 1393 2422 3
1422 2382 1536 2421 datur
1554 2380 1707 2421 occasio
1734 2394 1759 2420 a
1787 2382 1942 2420 fortuna
1969 2381 1998 2429 i,

1158 2438 1183 2474 3
1213 2436 1355 2474 dantur
1387 2436 1498 2475 dotes
1530 2435 1681 2474 filiabus
1698 2433 1817 2474 Arist.
1836 2436 1886 2474 de
1904 2446 2000 2473 aera-

1159 2488 1216 2526 rio
1243 2488 1300 2536 iii,
1319 2493 1343 2529 3
1372 2489 1490 2528 alicui
1515 2489 1556 2526 in
1574 2488 1779 2530 consilium
1796 2489 1876 2527 duo
1894 2488 1999 2540 sapi-

1160 2546 1270 2580 entes
1285 2542 1492 2595 (tanquam
1508 2540 1705 2592 adjutores
1718 2546 1759 2579 et
1771 2540 2003 2594 consiliarii)

1159 2594 1242 2641 xiii,
1261 2599 1286 2635 3
1315 2595 1476 2647 collegae
1494 2594 1609 2647 (duci
1625 2591 1741 2645 belli)
1768 2594 1834 2641 vii,
1854 2598 1879 2634 3
1907 2595 2003 2634 data

1161 2647 1368 2688 occasione
1395 2649 1488 2695 xxii,
1508 2651 1530 2688 1
1560 2649 1654 2687 data
1677 2647 1813 2687 dextra
1829 2648 2000 2700 recipere

1161 2702 1202 2740 in
1214 2702 1330 2742 fidem
1356 2702 1398 2749 ii,
1413 2706 1439 2744 8
1466 2701 1549 2741 dati
1563 2702 1612 2741 ad
1628 2700 1862 2754 supplicium
1877 2702 2000 2754 (pub-

1160 2755 1237 2795 lico
1274 2756 1467 2809 supplicio
1505 2754 1658 2806 affecti)
1699 2756 1754 2801 iv,
1783 2761 1808 2795 5
1863 2757 1999 2796 datum

1162 2811 1311 2851 muneri
1329 2810 1531 2850 castellum
1560 2809 1666 2855 xxiii,
1687 2811 1738 2848 12

1108 2863 1268 2912 Darius,
1297 2864 1508 2917 Hystaspis
1545 2864 1661 2908 filius,
1697 2862 1899 2901 Persarum
1935 2875 2002 2902 rex

1162 2918 1242 2964 xxi,
1275 2922 1297 2959 1
1354 2918 1535 2957 adversus
1581 2917 1749 2969 Scythas
1797 2915 2004 2956 infeliciter

1164 2971 1284 3011 bellat
1311 2971 1340 3018 i,
1359 2974 1384 3012 3
1414 2970 1578 3011 Graeciae
1607 2970 1849 3009 dominatum
1881 2970 2006 3022 agitat

1162 3026 1191 3072 i,
1211 3029 1252 3072 4,
1280 3025 1354 3065 διο.
1398 3038 1532 3077 pugna
1563 3023 1812 3064 Marathonia
1838 3022 2005 3062 vincitur

1163 3080 1190 3126 i,
1210 3085 1235 3119 5
1266 3079 1378 3119 Darii
1405 3079 1505 3131 regis
1535 3078 1741 3131 praefectus
1769 3076 1895 3129 (Ochi
1925 3075 2004 3127 sc.)

1164 3133 1231 3179 vii,
1250 3138 1274 3173 5

1109 3185 1300 3225 Datames
1336 3186 1440 3225 bello
1476 3183 1698 3224 Artaxerxis
1735 3182 1776 3220 in
1811 3182 2005 3222 Cadusios

1163 3239 1390 3285 illustratus,
1426 3238 1526 3291 patri
1561 3236 1746 3276 successit
1772 3234 1850 3282 xiv,
1872 3239 1894 3276 1
1934 3236 2006 3276 ad-

1166 3305 1297 3331 versus
1330 3292 1547 3331 defectores
1582 3302 1739 3341 quoque
1772 3289 1902 3341 magni
1930 3289 2008 3328 fuit

1167 3345 1253 3397 ejus
1271 3356 1390 3395 opera
1416 3344 1494 3390 xiv,
1513 3347 1539 3383 2
1566 3342 1723 3395 Tbyum
1741 3342 1863 3382 vincit
1880 3342 2006 3395 capit-

1167 3411 1258 3449 que,
1290 3397 1386 3436 ibid.
1424 3410 1540 3450 quem
1571 3395 1728 3435 insolito
1759 3403 1897 3439 ornatu
1925 3395 2008 3448 regi

1167 3450 1330 3490 adducit
1357 3451 1434 3497 xiv,
1453 3455 1494 3498 3,
1522 3450 1597 3490 &c-
1626 3449 1762 3502 Aspim
1782 3450 2006 3502 impruden-

1171 3512 1248 3544 tem
1281 3503 1466 3556 opprimit
1492 3504 1569 3551 xiv,
1597 3507 1623 3544 4
1652 3504 1742 3543 binc
1770 3502 2005 3542 benevolen-

1170 3558 1224 3598 tia
1260 3559 1374 3611 rcgis‚
1428 3557 1639 3600 aulicorum
1676 3557 1823 3597 invidia
1881 3553 1960 3603 xiv,
1980 3559 2003 3595 5
