2306 3900
334 225 486 279 cxliv

387 363 448 404 vel
481 373 549 417 per
581 367 865 415 procuratorem
881 376 895 404 ε-
921 374 1038 415 quam
1057 363 1124 418 qui
1143 363 1217 403 im-

385 418 562 470 plebant,
580 423 591 440 ¹
609 417 728 456 obire'
748 415 1012 457 vadimonium
1030 417 1217 458 diceban-

386 479 474 510 tur:
503 471 621 510 etiam
639 475 652 493 ⁴
668 470 828 510 sistere!
846 471 927 511 vid.
956 470 1100 511 Ponet.
1127 471 1218 511 bist.

385 525 457 563 for.
476 523 594 563 Rom.
623 537 663 571 ν,
684 527 721 564 1.
766 524 870 576 Ergo
885 524 987 564 sicut
1013 530 1026 548 ‘
1042 523 1218 565 vadimo-
1250 526 1256 532 ”

383 577 747 631 ῃίυῐῃ·]’πιροηετε,’
784 584 845 616 est
876 577 1009 617 vadari
1033 578 1240 631 aliquems

386 632 466 670 sive
503 632 553 683 ad
586 631 889 684 promittendum
921 632 1022 671 datis
1051 632 1218 672 vadibus

386 685 556 736 adigere.
575 691 678 724 certa
695 684 762 724 die
779 686 821 724 in
845 685 1058 737 judicioloe
1073 686 1217 725 affutu-

384 751 467 777 rum
484 753 494 776 ε
523 739 606 777 ‘ita
619 744 631 762 ‘
647 739 778 778 sistere
793 739 1086 786 vadimonium’.
1103 745 1163 779 est
1174 738 1218 779 se

393 793 432 830 in
447 791 600 844 judicio
623 791 771 839 sistere,
791 792 897 844 quod
923 805 978 831 sc.
994 791 1043 839 is,
1071 792 1136 831 cui
1153 806 1218 832 va-

385 846 599 885 dimonium
618 848 700 884 erat
717 845 956 897 impositum,
984 845 1086 884 datis
1109 846 1217 885 vadi-

386 900 459 938 bus
485 899 723 952 promiserat‚
758 898 828 950 qui
857 898 964 938 obito
994 899 1217 938 vadimonio

387 953 609 992 liberantur.
663 951 743 991 Adi
762 951 893 991 Carol.
908 952 1042 1005 Sigon.
1061 953 1113 992 de
1127 952 1218 1005 jud.

384 1007 412 1052 i,
432 1009 498 1047 20.
519 1004 754 1058 Cumprimis
770 1005 872 1045 clara
888 1006 999 1053 fient,
1017 1019 1106 1058 quae
1118 1005 1219 1046 dixi-

384 1072 485 1107 mus,
516 1061 684 1100 lectione
702 1058 874 1100 Brisson.
901 1059 1150 1099 formularum
1169 1060 1216 1100 L.

385 1118 427 1155 5.
457 1113 580 1165 princ.
615 1112 723 1152 Add.
755 1111 890 1153 Gifan.
925 1114 1010 1152 obs.
1029 1113 1078 1153 L.
1110 1113 1156 1153 L.
1176 1127 1217 1167 p.

385 1171 481 1208 243.
517 1173 601 1207 not.
645 1166 806 1215 Ernstii‚
835 1172 877 1206 et
908 1168 959 1207 ab
991 1179 1048 1207 ⁴eo
1080 1167 1217 1208 lauda-

387 1220 472 1274 tos)
604 1264 607 1267 ,
698 1239 702 1241 ἡ
1019 1234 1022 1238 ’

333 1274 488 1327 Vagina
505 1275 651 1315 nudare
671 1275 790 1317 telum
824 1274 901 1323 κίν,
921 1279 972 1316 11

334 1328 477 1368 Valere
494 1344 504 1368 ι
530 1330 624 1382 plus,
642 1329 766 1368 valuit
783 1330 986 1369 Miltiades
1004 1341 1119 1381 quam
1136 1329 1217 1369 col-

387 1383 485 1434 legae
502 1383 609 1435 (ejus
627 1382 832 1422 consilium
851 1390 891 1421 et
902 1383 1111 1422 auctoritas
1129 1383 1218 1435 plus

387 1497 550 1542 accepta
574 1497 660 1537 est3
691 1501 770 1528 non
802 1488 989 1540 persuasit
1021 1488 1118 1542 ἃς.)
1145 1490 1172 1536 i,
1192 1493 1217 1529 3

386 1544 514 1583 valere
544 1543 632 1595 plus
657 1542 938 1595 (potentiorem
973 1542 1079 1595 esse)
1111 1541 1219 1589 xxiii,

391 1601 442 1637 lo
470 1597 530 1636 his
551 1596 647 1636 locis
673 1595 761 1648 plus
781 1597 980 1647 pedestres
996 1595 1139 1647 ,copiaer
1152 1608 1218 1635 va·

388 1651 470 1701 lent
500 1650 611 1704 (plus
654 1655 822 1701 possunt
849 1648 1021 1702 efficere)
1062 1649 1154 1696 xvii,
1192 1653 1217 1690 3
1257 1695 1259 1698 .

386 1704 550 1743 multum
561 1703 689 1742 valere
708 1716 772 1755 ap.
800 1703 1006 1755 optimates
1016 1702 1098 1756 (sc
1125 1699 1218 1743 aucss

388 1757 565 1809 toritate)
605 1771 645 1803 x,
674 1761 703 1798 ὓ
744 1757 885 1808 plene:
915 1770 980 1808 ap.
1007 1757 1219 1797 exercitum

388 1811 593 1864 plurimum
612 1809 734 1849 valuit
763 1810 993 1849 auctoritate
1019 1824 1059 1857 V,
1077 1814 1103 1852 2
1133 1823 1217 1864 gra-

388 1865 444 1904 tia
467 1865 632 1903 multum
662 1877 726 1918 ap.
755 1865 922 1916 aliquem
954 1864 1082 1904 valere
1110 1864 1163 1912 ix,
1191 1868 1218 1904 2

387 1919 518 1959 multis
535 1918 762 1971 magnisque
780 1919 924 1957 meritis
932 1919 1038 1972 apud
1050 1917 1219 1974 aliquem

388 1971 516 2012 &alere
547 1971 838 2026 (auctoritatem
869 1985 939 2025 per
967 1972 1102 2011 merita
1119 1972 1221 2011 obti-

387 2026 500 2077 nere)
515 2026 583 2073 ix,
601 2030 634 2074 3,
655 2026 781 2066 valere
799 2026 941 2065 virtute
963 2026 1221 2079 (superiorem

359 2111 364 2114 .
388 2079 495 2133 esse)
522 2081 551 2127 i,
569 2085 591 2121 5
622 2080 750 2119 valere
767 2079 937 2119 dicendo
964 2079 1068 2126 vii,1
1099 2079 1218 2119 alibi:

387 2133 613 2186 eloquentia
641 2148 678 2180 x,
698 2137 723 2174 8
752 2133 892 2186 copiis,
909 2134 1078 2173 navibus
1106 2133 1176 2181 vii,
1195 2138 1222 2174 8

390 2188 569 2235 consilio,
589 2187 795 2240 prudentia
821 2187 872 2234 xi,
890 2192 911 2228 1
942 2187 1134 2240 equitatu,
1154 2200 1222 2239 pe-

388 2242 516 2281 ditatu
543 2242 796 2295 (instructum
825 2241 932 2292 esse)
960 2241 1067 2287 xviii,
1086 2245 1111 2281 3
1139 2254 1221 2280 non

389 2297 517 2335 valere
533 2295 699 2348 pedibus
712 2295 814 2347 (non
829 2295 980 2347 ingredi
996 2307 1109 2346 posse
1122 2295 1221 2334 male

389 2349 521 2388 affect.
553 2347 664 2398 ped.)
709 2348 827 2393 xix,21
866 2348 976 2385 *valet
994 2348 1055 2385 lex
1074 2348 1223 2398 (serva-

391 2399 472 2454 tur)
500 2401 582 2446 viii,
599 2403 624 2439 3
653 2399 744 2439 Sic:
773 2399 879 2438 valet
901 2401 978 2438 hoc
1003 2411 1067 2446 eo,
1085 2405 1129 2438 ut
1147 2399 1223 2440 &c-

389 2454 579 2508 (pertinet
609 2453 680 2505 eo)
708 2452 751 2499 ii,
769 2456 795 2493 4
841 2465 921 2504 quo
939 2451 1086 2492 valeret
1103 2454 1143 2491 id
1163 2465 1222 2492 re-

390 2521 574 2561 sponsum
600 2519 715 2545 nemo
743 2505 988 2559 intelligebat
1010 2505 1129 2559 (quid
1149 2504 1223 2545 sibi

390 2563 523 2608 vellet,
555 2574 634 2613 quo
663 2560 887 2611 pertineret,
918 2573 998 2613 quo
1017 2565 1223 2612 spectaret,

391 2621 435 2653 ut
463 2616 545 2661 ii‚6
574 2613 766 2667 loquitur)
795 2614 837 2665 ii,
857 2617 883 2653 2
954 2616 959 2621 ’

337 2668 485 2709 Valens
517 2669 680 2720 (potens
709 2673 749 2706 et
772 2667 879 2720 opib.
908 2667 958 2706 ad
978 2667 1223 2719 oppression.

393 2730 511 2762 ceter.
525 2720 786 2773 invalescens)
812 2721 894 2767 xiii,
909 2724 933 2760 3
953 2721 1126 2760 valentes
1139 2722 1224 2774 opi-

392 2777 465 2815 bus
507 2775 614 2822 xviii,
649 2779 701 2815 10
741 2774 932 2814 valentior
963 2772 1224 2827 (instructior)

394 2829 502 2876 xxiii,
539 2833 567 2870 6
609 2828 871 2868 valentissima
901 2827 1046 2867 Africae
1076 2828 1224 2880 oppida

394 2883 486 2930 xxii,
505 2886 530 2924 2
586 2884 589 2886 ’
1048 2924 1052 2927 Α

340 2937 539 2976 Valetudo
558 2935 633 2988 (de
649 2934 845 2986 caecitate)
874 2949 935 2982 xx,
955 2938 981 2975 4
1020 2936 1070 2974 de
1090 2935 1223 2974 morbo

395 2991 593 3030 oculorum
623 2990 728 3035 xxiii,
747 2993 772 3028 4
816 2989 922 3041 (Cic.
942 2993 1007 3030 14.
1036 2989 1086 3028 ad
1116 2989 1225 3028 Fam.

393 3048 419 3084 4
466 3051 478 3068 ⁸
499 3044 681 3084 Clodium
701 3042 962 3089 Philetaerum,
996 3043 1102 3095 quod
1119 3042 1226 3081 vale-

396 3099 533 3138 tudine
551 3098 751 3148 oculorum
779 3096 1076 3148 impediebatur,
1102 3096 1226 3134 homi-

395 3164 484 3190 nem
509 3151 743 3203 fidelemque
773 3149 950 3202 remisi’).
991 3148 1227 3188 'valetudinis

396 3205 650 3256 prosperitate
677 3203 735 3242 uti
762 3216 851 3250 xxv,
871 3207 922 3245 21

343 3258 522 3297 Valerius
537 3258 582 3296 L.
601 3258 763 3298 Flaccus
790 3257 892 3303 xxiV‚
911 3261 938 3298 2
1210 3289 1214 3292 ,

343 3311 499 3351 Vallum
514 3312 617 3362 (scil.
633 3310 864 3363 castrorum)
891 3310 1000 3358 xxiii,
1013 3315 1036 3351 5
1065 3311 1135 3365 (de
1150 3322 1228 3363 quo

397 3378 436 3402 v.
455 3364 561 3415 Lips.
590 3367 639 3403 dc
659 3367 736 3403 mil.
766 3364 881 3403 Rom.
910 3363 1031 3416 v‚5)>
1212 3375 1213 3378 ’

345 3418 483 3457 valvae
499 3418 593 3456 aedis
620 3419 671 3464 iv,
691 3425 715 3459 6

346 3472 485 3511 Varius
506 3486 516 3512 :
550 3472 589 3512 in
609 3473 712 3511 omni
734 3486 872 3524 genere
901 3472 990 3512 vitae
1003 3473 1128 3512 varius
1155 3470 1228 3524 (de

1149 236 1353 279 INDEX

1336 361 1543 409 Pausania,
1570 360 1676 403 vitiis
1701 367 1744 403 et
1775 346 1983 404 virtutibus
2002 374 2064 405 rna
2119 364 2167 418 ο)

1333 416 1386 463 iv,
1424 422 1445 457 1
1489 416 1603 471 (alibi
1638 418 1688 457 de
1706 416 1951 480 Alcibiade).
1982 418 2022 468 ῃ·
2106 429 2166 459 'co

1332 469 1452 510 fuisse
1482 470 1733 512 excellentius
1756 471 1818 510 vel
1850 471 1890 510 in
1916 470 2019 512 vitiis
2043 470 2167 513 velia
2236 523 2240 526 ²

1335 523 1540 566 virtutibus
1571 525 1639 572 vii,
1660 528 1680 564 1

1283 576 1462 617 Varietas
1478 593 1488 618 ε
1502 584 1628 619 ‚tanta
1645 577 1810 618 varietas
1826 576 1902 616 fuit
1927 577 2094 618 fortuna
2123 585 2169 618 ut

1334 630 1410 670 ἃς.
1437 645 1526 679 xxv,
1548 635 1600 673 10
1644 631 1685 670 iu
1717 632 1792 671 hoc
1820 632 1986 679 fortunae
2005 633 2169 672 varietas

1333 690 1395 724 est
1411 686 1679 725 animadversa
1722 685 1804 731 xiii,
1821 688 1848 726 4
1894 685 1986 739 (Sic
2011 685 2169 738 Curtius
2199 688 2201 690 “

1334 737 1389 785 iv,
1411 742 1477 785 14,
1494 742 1522 779 2
1566 738 1783 790 'jactamur
1798 738 1966 780 invicem
1983 740 2170 779 varietate

1303 815 1306 817 -
1335 790 1528 830 fortunae.’
1572 790 1718 831 Jusun.
1745 804 1785 839 x,
1804 794 1846 839 3,
1863 795 1892 832 0
1920 792 2084 842 dixin·
2103 788 2169 832 ra·
2240 811 2247 817 ·

1323 843 1458 884 -riante
1475 843 1666 897 fortuna’)
1926 872 1929 875 >

1281 896 1406 937 Varro
1422 898 1471 939 C.
1486 897 1697 938 Terentius·
1709 897 1837 939 victus
1864 897 1974 947 xxiii.
1991 902 2018 941 4
2038 917 2042 924 ·

1281 949 1388 990 Vasa
1402 951 1537 992 fictilia
1564 951 1672 1000 xxiii,
1693 950 1766 993 10'
1813 974 1817 977 ·

1282 1003 1429 1045 Vates:
1459 1012 1504 1044 ut
1532 1012 1640 1045 vates
1666 1003 1824 1052 cecinit,
1853 1018 1945 1059 quas
1971 1014 2079 1047 nunc
2096 1018 2169 1046 unu

1337 1058 1503 1099 veniunt
1519 1060 1594 1112 (de
1611 1059 1832 1152 Cicer-enez
1852 1068 1942 1107 xxv,
1962 1063 2016 1102 16

1282 1111 1384 1151 Ubi:
1415 1113 1760 1161 animadvertebat,
1779 1126 1804 1152 u
1833 1113 1901 1152 iirl
1913 1111 2171 1162 recisseuex·

1336 1167 1498 1206 ercitum
1517 1167 1745 1220 periturum,
1765 1167 1798 1206 si
1815 1167 1857 1206 id
1874 1167 2004 1206 feciss-
2031 1167 2140 1215 xvj?

1282 1218 1488 1273 Vectigal:
1508 1221 1791 1274 quinquaginta
1809 1220 1958 1259 talenta
1970 1219 2173 1280 vectigalis

1337 1275 1520 1326 capiebat
1550 1289 1599 1314 ex
1624 1280 1750 1314 castro
1791 1273 1860 1328 vii,
1890 1277 1920 1317 9
1965 1271 2171 1327 Vectigalia

1336 1339 1441 1367 nova
1456 1328 1615 1368 inventa
1632 1327 1682 1367 ab
1701 1327 1930 1369 Hannibale·
1953 1326 2058 1376 sim,
2076 1331 2102 1369 ⁷

1244 1381 1251 1388 '
1283 1379 1385 1420 vehi
1403 1396 1412 1420 ε
1442 1396 1545 1435 equo
1566 1383 1764 1422 concitato
1775 1381 1834 1421 'ad
1850 1382 2000 1422 hostem
2018 1381 2172 1421 vehitur

388 1436 488 1489 val.)
519 1438 546 1483 i,
566 1442 590 1475 6
618 1435 704 1488 ejus
741 1436 839 1474 ratio
859 1449 938 1474 non
968 1436 1090 1474 valuit
1115 1437 1217 1489 (non
1263 1464 1265 1466 .

1337 1434 1416 1482 xiv,
1432 1439 1460 1475 4
1483 1436 1528 1485 „in
1550 1446 1628 1487 qua
1645 1432 1884 1476 nave'fuerat
1901 1438 2037 1474 vectus
2062 1432 2170 1482 sim

1336 1494 1381 1527 ut
1409 1487 1568 1535 scirent,
1600 1490 1641 1526 in
1671 1501 1749 1542 qua
1768 1501 1868 1528 nave
1885 1501 1952 1541 ren
1968 1487 2172 1528 veheretur

1337 1541 1446 1587 xxiii,
1485 1546 1536 1581 10
1579 1541 1664 1595 (Sic
1699 1541 1839 1588 Cicero
1875 1542 1926 1581 d‘e
1971 1537 2107 1582 Divin.
2143 1545 2170 1582 2

1337 1601 1504 1647 Ὄφιος,
1533 1595 1574 1632 in
1601 1607 1683 1647 quo
1711 1595 2070 1642 vehebat,3meenm
2091 1607 2169 1634 una

1338 1646 1537 1688 demersus
1549 1659 1678 1687 rursus
1691 1647 1900 1700 apparuit-⁹
1927 1646 2171 1704 Idemfrusc.

1338 1706 1361 1743 1
1410 1707 1423 1726 ‘
1440 1709 1624 1754 tanquam
1655 1700 1748 1741 ratis
1777 1701 1820 1740 in
1851 1701 1957 1740 mari:
1982 1701 2172 1742 immenso

1693 1806 1695 1808 -
1864 1752 2042 1795 o'vidiusss
2054 1754 2172 1795 Trist.

1585 1814 1597 1832 ‘
1617 1808 1701 1848 Has
1715 1821 1832 1863 super
1848 1809 2018 1851 in‘curm
2037 1809 2170 1854 Caesar

1337 1863 1483 1904 victore
1496 1862 1698 1916 veheris')·
1905 1875 1908 1880 ·
1951 1878 1953 1882 ·

1283 1918 1520 1958 Vehiculum
1547 1916 1613 1963 κῃ
1632 1921 1657 1958 4
2004 1942 2006 1944 v

1283 1972 1387 2011 Vel:
1417 1970 1534 2024 hujus
1571 1970 1744 2032 vi'c4toriae
1787 1970 1866 2025 velv
1886 1970 2053 2011 maxima
2096 1970 2173 2027 fuit

1338 2025 1437 2073 laus,
1451 2025 1558 2078 quod
1577 2023 1650 2065 &c.
1679 2024 1952 2078 (ἑπιτατικῦς)
1977 2025 2071 2077 nii,
2089 2028 2117 2066 4

1285 2079 1385 2120 Vela
1401 2077 1529 2118 ventis
1540 2079 1634 2118 dare
1651 2079 1714 2132 (in
1729 2079 1850 2119 altum
1865 2078 2046 2133 provehi)
2063 2079 2172 2126 xxiii,

1294 2154 1300 2158 ·
1338 2137 1376 2174 8·
1403 2133 1492 2187 <Sic
1521 2132 1708 2185 Virgilius
1726 2146 1805 2173 non
1825 2146 1906 2184 uno
1925 2133 2028 2173 loco.
2083 2132 2171 2172 Irn'o

1339 2186 1457 2227 etiam
1497 2185 1766 2234 Quintilianus
1795 2183 1977 2227 ›lib..÷1'o.'
2005 2196 2095 2259 cap.
2116 2190 2173 2227 ’3.

1294 2263 1296 2266 -
1339 2241 1442 2280 dixit*
1454 2246 1467 2265 ‘
1485 2240 1576 2281 vela
1587 2240 1714 2288 'dare‚’
1727 2253 1811 2293 pro,
1827 2246 1840 2264 ‘
1854 2241 2051 2294 navigare.
2093 2240 2172 2288 Per

1339 2294 1629 2334 translationem
1666 2299 1679 2318 ‘
1693 2295 1779 2338 vela
1814 2295 1907 2334 dare
1935 2305 2014 2332 ωε
2041 2293 2170 2333 famae'

1338 2353 1399 2384 est
1417 2360 1482 2398 ap.
1510 2347 1734 2385 Martialem
1759 2347 1842 2393 viii,
1862 2346 1938 2400 ⁷0)

1285 2398 1400 2439 Velle
1418 2414 1428 2438 ε
1457 2400 1499 2438 id
1517 2411 1722 2437 commune
1741 2399 1915 2438 aerarium
1933 2413 2017 2439 esse
2035 2400 2170 2439 volue-

1338 2458 1430 2492 runt
1441 2450 1769 2505 (constituerunt)
1786 2452 1842 2498 iii',
1855 2444 1881 2492 3
1901 2452 2042 2500 minus,
2053 2465 2171 2505 quam

1340 2506 1474 2553 vellet,
1487 2505 1670 2550 movebat
1686 2518 1775 2545 eum
1803 2505 1845 2551 ii,
1864 2508 1890 2545 4
1918 2506 2014 2553 noli,
2033 2517 2101 2559 oro
2116 2513 2173 2554 te,
2204 2532 2214 2541 ·

1341 2560 1543 2599 adversum
1580 2571 1646 2598 eos
1678 2572 1740 2598 me
1767 2559 1867 2599 velle
1895 2560 2051 2607 ducere,
2079 2572 2170 2604 curu

1339 2613 1482 2666 quibus
1501 2613 1574 2652 &c.
1605 2627 1692 2660 xxv,
1711 2616 1735 2653 4
1765 2613 1985 2666 appellatus
2017 2619 2093 2661 est,
2125 2619 2172 2653 ut

1341 2667 1427 2719 ejus
1463 2666 1518 2706 rei
1549 2666 1730 2719 princeps
1761 2679 1847 2706 esse
1881 2666 2000 2706 vellet
2036 2664 2126 2714 κέν,
2145 2671 2171 2708 8

1341 2721 1433 2760 Sic:
1463 2734 1511 2760 eo
1527 2733 1604 2759 rem
1624 2721 1806 2773 perduxit
1823 2734 1833 2758 :
1854 2726 1899 2759 ut
1917 2718 2058 2759 talibus
2076 2733 2170 2774 pac-

1342 2774 1512 2814 tionibus
1541 2786 1676 2826 pacem
1693 2781 1896 2832 ⁸tyrannus
1911 2774 2038 2813 facere
2053 2773 2172 2814 vellet

1342 2827 1417 2867 &c.
1443 2841 1484 2875 x,
1501 2833 1524 2868 5
1553 2828 1654 2867 sicut
1673 2827 1756 2879 ipse
1775 2829 1950 2867 voluerat
1968 2828 2071 2874 :itui

1290 2882 1489 2922 Velocitas
1506 2882 1556 2921 ad
1575 2881 1667 2920 belli
1685 2881 1892 2921 utilitatem
1906 2878 2084 2934 'pertinet'
2105 2893 2173 2927 κν,

1342 2940 1368 2977 2
1407 2935 1524 2988 igitur
1558 2934 1616 2974 illi
1646 2935 1686 2974 in
1716 2932 1896 2986 pal'aestm
1913 2933 2172 2982 serviendum,

1341 2989 1438 3028 ibid.
1474 3007 1476 3009 ·
1996 3010 2007 3017 -

1289 3042 1410 3084 Velut
1438 3041 1662 3082 hoereditate
1689 3041 1865 3082 relictum
1893 3041 2027 3082 odium
2044 3046 2172 3095 pater·

1342 3109 1434 3135 num
1455 3108 1549 3148 erga
1565 3095 1767 3134 Romanos
1786 3097 1842 3135 sic
1860 3095 2115 3143 confirmavit,
2129 3100 2173 3134 ut

1343 3149 1417 3190 &c.
1445 3150 1552 3196 xxiii,
1583 3153 1604 3189 1
1634 3147 1834 3202 (additur
1862 3150 1947 3189 haee
1981 3148 2192 3202 particula·

1343 3202 1591 3255 metaphoris,
1611 3203 1813 3242 sententiis
1831 3215 1877 3242 ex
1896 3202 2080 3242 translato
2098 3202 2173 3241 ori-

1328 3261 1331 3266 “
1345 3256 1515 3304 entibus,
1531 3255 1836 3310 inventionibus,
1853 3256 1927 3296 &o-
1956 3253 2117 3305 Boeel.)

1291 3309 1438 3350 Venari
1468 3311 1617 3349 fortiter
1643 3310 1743 3349 iuter
1768 3311 1969 3350 Persarum
1995 3307 2172 3361 instituta

1345 3365 1414 3411 vii,
1429 3368 1477 3405 11
1509 3363 1765 3416 (taxent->plu
1793 3366 1894 3405 παιδ.
1923 3362 2093 3403 Brisson.
2121 3361 2173 3402 de

1345 3431 1453 3470 regn.
1482 3417 1590 3456 Pers.
1617 3416 1666 3469 2)

1291 3471 1471 3513 Venatici
1486 3484 1602 3511 canes
1629 3470 1706 3521 xvi,
1725 3474 1752 3511 2

1337 1752 1471 1811 nostra
1489 1755 1641 1795 vehitur
1657 1754 1807 1794 oratio!

1339 1810 1402 1849 El.
1430 1810 1482 1858 iv,
1501 1814 1528 1850 2
