2306 3900
734 266 956 306 RERUM
1000 266 1075 305 ΕΤ
1116 265 1488 307 VERBORUM.

229 392 361 433 ticiose
378 399 419 432 et
438 399 678 446 peramanter
695 393 893 443 observat)
920 403 1011 441 xxv,
1028 399 1056 436 ο

177 448 304 487 Obses
323 453 493 487 retentus
525 447 753 500 (legationis
769 447 898 485 misere
916 450 1054 500 causa)

228 501 271 548 ii,
285 505 311 542 7
356 502 533 541 obsidem
552 500 639 554 ejus
665 501 720 540 rei
737 512 780 539 se
797 500 880 540 fore
901 502 1054 553 pollici·

226 553 290 594 tus
305 561 366 594 est
385 554 596 607 (obligavit
614 551 732 594 fidem
751 565 859 594 suam
879 556 955 595 hoc
973 567 1054 595 non

225 621 312 648 esse
331 609 526 661 futurum)
553 608 631 654 xix,
649 610 677 648 2

173 662 356 707 obsideri
386 662 500 716 (urbs
532 661 688 708 dicitur,
717 660 831 714 cujus
866 670 932 700 arx
971 663 1055 702 scil.

223 716 611 810 {2251325002'32‘5'
639 715 841 808 '‘333231013
844 715 986 809 bita?
1004 717 1054 810 ἓξ

226 824 339 875 (cum
374 799 674 865 exitus'omnes
707 820 896 863 custoditi
939 784 1054 881 antiit)

227 876 335 924 xxiii,
355 881 407 917 12

173 929 403 970 Obsidionis
432 929 546 978 ratio,
564 935 664 970 artes
682 934 725 970 et
741 930 998 971 instrumenta
1025 931 1054 978 i,

174 1038 391 1090 obsignare
410 1032 550 1077 librum
577 1037 676 1083 vi‚A

173 1092 370 1155 Obsistere
389 1085 564 1144 (cursum
583 1089 786 1144 impedire,
801 1088 971 1143 objicere
989 1092 1054 1145 se)

226 1158 320 1192 xvn,

173 1149 383 1239 Obsoletfis
401 1198 525 1237 honor
541 1197 716 1262 (spretus
734 1196 834 1249 ἐκ.)
863 1196 891 1245 i,
909 1200 938 1239 6
983 1211 1054 1250 op·

227 1265 322 1305 pon.
338 1251 538 1304 gloriosus,
555 1252 652 1291 ibid.
693 1251 782 1304 (Sic
798 1251 909 1292 Curt.
938 1251 992 1299 ix,
1012 1256 1053 1299 l,

226 1311 253 1347 2
296 1305 402 1358 ‘jam
430 1306 521 1344 vilia
544 1312 586 1345 et
613 1305 790 1345 obsoleta
817 1318 903 1345 esse
929 1306 1056 1359 spolia

227 1361 279 1400 de
297 1359 456 1400 Persis-⁹
499 1359 591 1398 add.
610 1358 720 1399 Suet.
738 1357 846 1411 Aug.
863 1358 956 1410 89).
987 1360 1056 1399 obs

225 1414 372 1453 soletus
389 1413 553 1452 vestitus
577 1414 669 1460 xvii,
689 1415 716 1453 8
755 1412 955 1466 (detritus,
974 1424 1054 1452 sor-

225 1467 344 1508 didus
362 1481 372 1505 :
402 1472 447 1505 ut
465 1466 570 1519 apud
590 1466 774 1513 Curavi,
793 1469 836 1513 9,
854 1468 907 1506 25
954 1471 968 1490 ·
982 1468 1054 1505 ob-

225 1521 394 1561 soletum
411 1519 652 1568 amiculum‚'
681 1526 722 1559 et
740 1531 806 1574 ap.
825 1519 911 1560 Liv.
941 1522 954 1543 ·
967 1531 1055 1560 ves-

227 1575 276 1614 tis
294 1573 508 1627 obsoleta')

173 1629 419 1668 obsonium:
449 1642 486 1667 v.
506 1627 730 1680 Opsoninm

172 1683 337 1725 Obstat-e
352 1681 524 1722 consiliis
535 1680 702 1733 alicujus
717 1680 982 1734 (propositum
994 1680 1054 1719 in·

226 1742 432 1776 tervertere
460 1736 569 1782 ixa.
598 1746 638 1781 x,
656 1736 683 1775 9
710 1735 863 1775 obstitit
889 1745 942 1775 ne
959 1747 1055 1775 con·

225 1791 404 1831 ficeretur
418 1787 661 1842 (impedivit)
686 1787 715 1835 i,
731 1791 756 1829 3

171 1843 396 1884 Obstinatio
424 1844 615 1883 taciturna
644 1840 878 1894 (obstinatio
907 1850 1055 1894 propo-

227 1898 291 1938 siti
320 1897 583 1937 taciturnitate
617 1902 788 1944 ostensa,
817 1895 1056 1950 significata)

227 1962 316 1999 xxv,
333 1952 388 1992 22

171 2002 384 2046 obstruere
400 2004 532 2044 valvas
546 2002 641 2043 aedis
665 2002 722 2050 iv,
741 2003 766 2043 5

171 2060 452 2112 Obtemperare
469 2058 620 2112 legibus
638 2058 774 2110 patrias
800 2069 866 2105 xx,
886 2058 908 2099 l

171 2113 360 2155 obterere
391 2113 547 2152 laudem
574 2111 726 2151 virtutis
754 2124 818 2158 xx,
838 2112 861 2152 1
908 2109 1055 2165 (inclu-

226 2168 287 2207 dit
297 2166 558 2220 significatum
571 2170 794 2204 contemtus
809 2175 856 2205 ac
873 2176 1056 2228 suppres-

228 2219 362 2260 sionis.
388 2219 527 2260 Boecl.
555 2217 732 2258 similiter
759 2218 871 2259 Curt.
898 2218 980 2267 viii,
1014 2223 1056 2267 1,

228 2276 282 2316 23
302 2281 347 2314 et
363 2276 412 2316 31
991 2274 995 2278 ’

175 2272 470 2369 obtestation)es
523 2325 690 2366 assiduae
733 2323 1055 2379 (postulationes,

226 2394 362 2435 preces
376 2392 457 2421 non
476 2379 561 2420 sine
570 2378 815 2432 flagitatione
829 2380 871 2418 et
888 2376 1055 2418 obstrin-

228 2435 410 2488 gentibus
427 2434 568 2475 verbis.
586 2430 751 2487 Boecl.)
777 2432 871 2481 xxii,
889 2436 916 2474 4

172 2488 329 2542 Obtigit
339 2489 405 2528 ille
420 2493 590 2540 quaestor
602 2486 778 2539 Scipioni
796 2485 902 2533 xxiv,
916 2485 939 2526 1
977 2484 1056 2541 (ita

226 2553 335 2634 ἱεραὶ
352 2540 523 2634 Ῑῒὶῑὲηὲειῖξ
540 2544 733 2633 αὲοωὲεε,
753 2538 810 2645 (11ιί
821 2538 1055 2591 magistrati.

254 2609 300 2634 us
318 2608 362 2635 so
468 2606 491 2632 a
511 2605 542 2632 ιε
597 2604 633 2632 c.
687 2604 758 2632 oec
775 2619 786 2631 .

175 2648 364 2689 Obtinere
400 2647 631 2700 dignitatem
667 2651 886 2699 equestrem
919 2653 1008 2693 xxv,
1029 2651 1051 2687 1

229 2704 358 2743 locum
390 2702 559 2742 eundem
589 2700 696 2753 apud
728 2699 897 2753 aliquem
927 2700 1055 2753 (idem

229 2755 398 2796 officium
419 2754 572 2809 gerere)
600 2753 708 2802 xviii,
722 2754 772 2795 1⁸
802 2754 931 2795 locum
950 2752 1055 2807 lega-

230 2811 259 2850 ti
278 2810 385 2863 apud
411 2810 581 2862 aliquem
608 2819 698 2855 xxv,
715 2810 743 2848 6
794 2804 846 2847 im
934 2814 999 2847 unt
1027 2809 1055 2856 i,

226 2867 255 2905 2
284 2869 512 2918 perpetuam
530 2862 835 2902 dominationem
870 2865 921 2909 ,8
949 2869 1056 2902 max-

226 2917 347 2957 imum
366 2917 631 2970 magistratum
650 2915 728 2963 xvi,
740 2919 765 2956 3
794 2914 1055 2970 principatum

227 2971 269 3011 in
287 2971 445 3012 civitate
472 2970 618 3018 xxiv,2
645 2969 884 3022 provinciam
909 2969 1015 3016 xxiv,
1031 2974 1054 3011 1

226 3022 934 3129 ἱίῗέἰῒωῗέἶέἒᾷαἱὶῗῒοέἔὲέ
963 3022 1056 3078 ⁰¹*

177 3130 407 3171 obtrectare
436 3131 537 3171 inter
562 3142 604 3171 se
631 3130 737 3185 (non
764 3129 903 3170 aemula
967 3136 1055 3171 tan-

232 3192 330 3231 tum,
349 3185 417 3224 sed
435 3183 627 3225 adversari
654 3183 728 3223 sibi
755 3190 910 3233 mutuo,
927 3185 1056 3224 detra-

229 3238 344 3290 here)
385 3236 443 3284 iii,
477 3242 499 3277 l
547 3235 810 3290 (ζηλοτυπῒν
842 3234 1056 3278 Lambinus

230 3291 404 3345 exponit.
478 3289 543 3330 Sic
578 3290 684 3330 enim
721 3288 861 3331 Cicero
894 3289 1057 3331 Tuscul.

231 3346 383 3394 Quaest.
411 3349 424 3368 ‘
441 3343 684 3384 Obtrectatio
702 3346 764 3383 est
780 3353 843 3391 ea,
917 3354 978 3383 am
995 3344 1056 3383 in·

231 3399 355 3453 telligi
381 3398 489 3438 Zelot
521 3397 625 3450 piam
654 3395 761 3444 voio,
790 3396 980 3450 aegritudo
1007 3411 1056 3436 ex

233 3465 299 3499 eo,
333 3453 438 3506 quod
513 3457 570 3491 ter
596 3459 755 3504 qnoque
871 3455 958 3491 atur
992 3463 1056 3497 eo,

234 3506 342 3560 quod
360 3505 427 3548 ille
440 3504 525 3559 ipse
546 3502 849 3559 concupivent’)

1909 252 2003 307 ciii

1117 394 1388 435 Obtrectatio:
1418 394 1521 433 inter
1545 405 1614 432 eos
1633 389 1753 432 tant’oe
1773 391 1901 432 laudis
1918 397 2000 431 erat

1171 449 1382 492 aemulatio.
1400 449 1509 487 nulla
1527 447 1794 487 intercedebat
1807 444 2002 486 obtrecta-

1171 503 1226 541 tio
1244 503 1319 555 (de
1333 502 1523 542 Cicerone
1541 507 1582 540 et
1597 498 1808 540 Hortensio
1824 500 1875 539 de
1894 499 2000 553 prin-

1171 555 1306 608 cipatu
1359 555 1597 607 eloquentia!
1648 553 2001 607 contendentibus)

1173 619 1263 655 xxv,
1281 613 1305 650 5
1353 609 1454 648 inter
1487 622 1554 648 eos
1586 607 1838 647 maximarum
1874 618 2000 647 rerum

1170 672 1250 701 non
1283 663 1410 702 solum
1444 661 1658 708 aemulatio,
1677 662 1747 701 sed
1766 661 1999 701 obtrectatio

1171 715 1440 756 intercedebat
1471 716 1544 767 (de
1562 715 1716 755 Caesare
1749 724 1790 754 et
1806 714 2002 761 Antonio,

1171 781 1364 809 summum
1381 769 1586 821 imperium
1599 767 1897 821 affectantibus)
1911 779 2002 815 xxv,

1172 823 1227 864 20
1272 820 1384 876 (Illic
1411 822 1570 861 miratur
1586 821 1747 869 Noster,
1776 823 1882 874 quod
1900 822 2003 862 inter

1171 883 1302 916 tantos
1330 876 1490 915 aemulos
1509 876 1678 916 amicitia
1695 875 1895 922 manserit,
1913 875 2002 916 heic

1172 932 1291 970 docet
1307 929 1397 969 oriri
1426 928 1641 969 simultates
1674 941 1722 968 ex
1753 928 2001 968 aemulatione

1173 983 1334 1036 solere).
1378 983 1610 1023 obtrectatio
1641 982 1792 1022 virtutis
1819 983 1928 1034 xviii,
1950 987 2002 1024 10

1173 1037 1405 1078 obtrectatio
1422 1036 1631 1077 multorum
1645 1036 1765 1077 vincit
1779 1035 1895 1077 facile
1913 1037 2001 1076 uni-

1173 1105 1219 1130 us
1234 1091 1414 1131 virtutem
1443 1090 1550 1138 xxiii,
1571 1096 1592 1132 1

1119 1144 1367 1185 obtrectator
1381 1144 1748 1198 (ἀντιτασσόμενος,
1764 1143 1877 1196 mox)
1896 1158 1905 1183 t
1928 1143 1999 1183 ad-

1174 1198 1364 1239 versarius
1381 1199 1422 1238 in
1441 1198 1748 1239 administranda
1764 1198 1916 1252 republ.
1935 1208 2000 1246 xv,

1120 1306 1288 1346 Obviam
1306 1306 1361 1345 ire
1376 1303 1551 1347 hostibus
1579 1306 1607 1354 i,
1621 1309 1647 1347 4
1991 1357 1993 1359 ι

1119 1359 1270 1400 Obvius
1288 1360 1324 1400 ei
1349 1359 1426 1399 fuit
1451 1361 1531 1408 xix,
1549 1363 1576 1402 4
1615 1359 1752 1400 obvius
1769 1356 1898 1400 itineri
1915 1358 2001 1413 ejus

1171 1424 1285 1453 mons
1313 1412 1422 1461 xviii,
1440 1419 1469 1456 9

1119 1466 1286 1507 Occasio
1303 1481 1313 1506 ε
1357 1464 1451 1507 data
1487 1467 1692 1507 occasione
1738 1462 1830 1513 xxii,
1865 1469 1888 1508 1
1949 1480 2000 1507 ne

1172 1521 1339 1561 militum
1368 1520 1614 1561 immodestia
1632 1521 1785 1560 occasio
1813 1521 1850 1560 ei
1879 1521 2005 1560 nostri.

1172 1575 1418 1627 opprimendi
1468 1575 1660 1616 exercitus
1709 1575 1823 1614 detur
1868 1574 1936 1622 vii,
1972 1575 2000 1614 8

1172 1628 1259 1668 Sict
1306 1640 1357 1668 ne
1375 1629 1544 1682 aliquam
1576 1628 1820 1669 occasionem
1852 1627 1911 1667 sui
1929 1638 2002 1681 op-

1171 1680 1367 1734 primendi
1385 1681 1495 1722 daret
1523 1693 1562 1730 x,
1580 1686 1607 1723 4
1652 1692 1703 1722 ne
1721 1680 1854 1721 datam
1882 1692 1906 1720 a
1923 1679 2002 1720 for-

1172 1743 1268 1775 tuna
1303 1736 1550 1776 occasionem
1587 1734 1799 1776 liberandae
1836 1732 2002 1776 Graecias

1174 1789 1416 1830 dimitterent
1442 1787 1472 1837 i,
1491 1788 1517 1831 3

1120 1843 1295 1884 Occasus
1312 1857 1321 1882 τ
1351 1849 1441 1896 post
1457 1842 1575 1896 hujus
1594 1851 1775 1883 occasum
1793 1842 1924 1882 statim
1940 1854 2001 1884 re-

1199 1898 1279 1937 ·um
1315 1905 1494 1937 ornatum
1529 1906 1752 1960 nomenque
1783 1901 2001 1937 sumserunt

1171 1907 1284 2006 {post
1300 1950 1418 2004 hujus
1435 1948 1618 2004 mortem)
1645 1948 1752 1997 xviii,
1772 1951 1823 1991 13
1850 1947 1916 1991 Sic
1934 1951 2003 1992 Ci-

1173 2015 1263 2046 cero
1291 2006 1443 2053 Quaest.
1461 2002 1589 2045 Acad.
1608 2004 1648 2045 1.
1696 2008 1708 2027 ⁸
1725 2009 1816 2056 post
1834 2004 1882 2044 L.
1902 2002 2002 2045 AElii

1171 2059 1295 2099 nostri
1313 2059 1523 2100 occasum?
1551 2056 1759 2112 Lambin.)

1119 2111 1311 2153 Occulere
1326 2112 1523 2153 fortunam
1539 2122 1648 2152 snam
1675 2110 1743 2160 vii,
1758 2115 1787 2152 9
1804 2131 1806 2133 ·

1117 2164 1329 2207 occultare
1347 2165 1590 2206 voluntatem
1610 2166 1651 2205 in
1680 2175 1720 2206 re
1739 2163 1872 2218 aliqua
1898 2163 1953 2213 vi,
1973 2169 2000 2206 2

1118 2217 1325 2273 Occupare
1344 2219 1593 2274 tyrannidem
1620 2232 1684 2267 xx,
1718 2223 1739 2260 1
1786 2227 2003 2272 occupatus

1172 2274 1214 2313 in
1233 2287 1282 2313 eo
1301 2281 1398 2321 erat,
1417 2278 1461 2313 ut
1477 2270 1622 2314 bellum
1642 2283 1760 2326 quam
1785 2270 2002 2313 diutissime

1171 2328 1334 2368 duceret
1360 2326 1430 2376 vii,
1446 2327 1475 2368 8
1525 2326 1710 2380 occupari
1744 2327 1942 2367 acerrime
1959 2327 2002 2365 in

1171 2381 1398 2434 apparando
1425 2377 1533 2428 xxiii,
1551 2383 1578 2421 7
1686 2393 1689 2396 ·

1117 2431 1412 2488 occupationes
1428 2434 1593 2474 infinitas
1621 2446 1711 2479 xxv,
1729 2436 1784 2474 2⁰

1118 2487 1331 2528 Occunere
1349 2488 1405 2527 tei
1422 2485 1614 2541 (mederi)
1642 2486 1722 2533 xvi,
1739 2488 1763 2527 1

1118 2539 1306 2580 Octavius
1324 2537 1458 2582 Caesat
1475 2539 1653 2580 Atticum
1678 2537 1918 2579 raumarica-
1933 2544 2003 2595 per

1171 2593 1358 2687 epistolas
1373 2595 1469 2635 colit
1495 2603 1586 2640 xxv,
1604 2597 1659 2634 2⁰

1119 2645 1208 2688 Ocu
1224 2660 1334 2688 orum
1363 2646 1512 2688 lumina
1530 2646 1707 2687 amittere
1738 2644 1909 2699 (visum)
1937 2660 2001 2694 xx,

1173 2703 1199 2743 4
1242 2701 1443 2743 oculorum
1472 2698 1629 2741 morbus
1657 2699 1766 2748 xxiii,
1793 2700 1819 2741 4
1865 2702 2002 2740 oculos

1173 2756 1347 2795 omnium
1366 2757 1416 2795 ad
1436 2768 1478 2796 se
1498 2758 1724 2795 convertere
1741 2751 1809 2801 vii,
1825 2752 1849 2794 3
1879 2754 2002 2807 (Cur-

1174 2808 1252 2849 tius
1279 2807 1364 2856 viil,
1382 2813 1424 2856 4,
1443 2810 1496 2850 24
1526 2815 1539 2833 ‘
1554 2808 1725 2848 omnium
1746 2807 1881 2847 oculos
1899 2809 1939 2847 in
1959 2823 2001 2848 se

1172 2864 1428 2904 convertere.'
1454 2860 1508 2903 Et
1535 2861 1592 2910 iii,
1611 2862 1681 2909 11,
1700 2864 1752 2903 2⁴
1802 2861 2001 2900 ‘onmium

1174 2917 1310 2957 oculos
1341 2915 1571 2970 animosque
1603 2916 1646 2956 in
1677 2925 1718 2955 se
1745 2917 2002 2955 convertere)

1172 2970 1238 3011 Sic
1265 2967 1401 3022 morus
1429 2968 1470 3018 il,
1491 2975 1561 3018 17,
1582 2973 1631 3012 u
1679 2974 1692 2993 ‘
1709 2969 1881 3009 omnium
1897 2968 1942 3007 in
1961 2982 2003 3008 se

1174 3029 1324 3065 mentes
1353 3023 1626 3078 convertere’).
1665 3028 1757 3063 ante
1785 3020 1919 3062 ocutos
1947 3023 2002 3061 ci-

1171 3078 1278 3118 vium
1297 3088 1452 3118 snorum
1481 3078 1646 3118 libenter
1672 3087 1751 3115 non
1769 3082 1851 3115 erat
1887 3073 1955 3120 xii.
1975 3078 2000 3115 8

1174 3132 1297 3185 oculis
1314 3133 1483 3172 fructum
1502 3139 1642 3184 capere
1660 3140 1707 3170 ex
1726 3139 1817 3170 casu
1834 3127 2002 3180 alicujus

1171 3184 1376 3237 (delectari
1394 3183 1509 3238 casu)
1537 3184 1644 3230 xviii,
1672 3186 1721 3223 11
1764 3181 1910 3235 (simile
1927 3188 2002 3228 est,

1173 3243 1186 3261 ⁶
1204 3238 1340 3278 oculos
1358 3237 1546 3290 pascere,’
1566 3235 1815 3282 contrarium,
1846 3240 1860 3259 ⁴
1875 3235 2000 3276 oculis

1174 3290 1337 3339 dolere?
1354 3290 1432 3338 vel,
1449 3296 1461 3314 ⁸
1478 3289 1612 3330 oculos
1630 3286 1749 3329 alicui
1767 3287 1931 3336 dolere:
1948 3287 2000 3329 dc

1175 3355 1254 3396 quo
1293 3353 1330 3383 v.
1367 3340 1457 3383 Pet.
1476 3341 1584 3384 Vlct.
1612 3339 1709 3383 Var-
1744 3341 1856 3383 Lect.
1886 3341 1932 3391 ii,
1959 3347 1999 3383 5.

1173 3397 1343 3436 Turneb.
1378 3398 1468 3436 adv.
1514 3397 1582 3444 xii,
1626 3400 1692 3438 1⁷.
1744 3396 1909 3436 nutum.
1948 3398 1999 3435 ad

1174 3448 1304 3490 Plant.
1323 3448 1436 3490 Asin.
1473 3460 1510 3499 v,
1528 3454 1567 3499 1.
1583 3453 1623 3493 4.
1669 3456 1711 3491 et
1737 3446 1913 3491 Mostell.
1944 3449 1997 3494 iv,

1173 3506 1216 3552 2,
1239 3507 1301 3546 1⁰.
1329 3500 1427 3557 &c.)
1925 3528 1937 3543 0
