2306 3900
702 283 861 323 xxv.
921 283 1229 334 ATTmUM,
1270 282 1409 323 car.
1447 267 1536 321 12.

193 404 364 445 retineo
385 404 614 458 vulgatam,
632 406 830 456 percepta.
864 402 1085 454 Frequens

196 468 247 508 in
265 468 329 508 his
359 480 479 509 error
511 480 562 508 ac
592 467 736 519 lapsus
758 465 857 506 olim
888 465 1085 506 librario-

205 544 314 572 rum.
361 534 414 573 P.
449 532 610 585 Syrus:
652 532 664 553 ‘
687 530 866 582 Optime
900 530 1084 581 positum

197 601 269 636 est
287 595 557 644 beneficium,
576 593 650 634 ubi
677 593 769 645 ejus
796 592 992 632 meminit
1011 592 1084 644 qui

194 658 402 712 accepit?
451 658 605 699 Idem:
633 657 647 680 ⁴
667 657 745 697 Sat
775 666 927 707 magna
959 667 1086 695 usura

194 729 288 774 est,
315 734 395 775 pro
424 719 634 761 beneficio
670 712 907 759 memoria.¹
965 718 1085 758 Prae-

200 790 333 838 cepto
351 796 458 825 vero
484 782 785 823 Demosthenis
810 781 1084 833 obtempera-

200 849 282 900 vit,
319 849 391 902 qni
423 849 519 890 loco
555 846 765 902 quodam:
794 845 897 896 Ἐγὼ
928 843 1085 896 νομίζω,

195 913 359 967 inquit,
384 911 456 963 μὲν
482 911 555 952 τὸν
582 909 626 953 οὗ
653 910 826 951 παθόντα
844 911 925 950 δεῖν
938 910 1085 960 μεμνῆ-

199 980 304 1028 σθαι,
330 975 402 1016 τὸν
430 977 462 1015 δ’
486 973 530 1015 εὖ
560 973 778 1023 ποιήσαντα
819 972 927 1015 εὐθὺς
956 974 1084 1014 &rme-

200 1040 362 1088 λῆσθιιι.
407 1038 611 1079 Gebhard.
754 1082 770 1090 ⁴

256 1102 426 1144 Tamdiu
441 1102 686 1152 meminerat,
700 1101 826 1153 quoad
842 1099 909 1140 ille
922 1099 1085 1152 gratus]

199 1166 290 1207 Pro
322 1164 538 1219 quamdiu.
604 1163 825 1206 Ciceronis
855 1163 937 1203 hoc
976 1174 1085 1215 prae-

199 1235 376 1282 ceptum
394 1228 438 1268 in
458 1228 617 1268 La-lio:
645 1227 658 1250 ‘
679 1226 930 1267 Meminisse
951 1225 1084 1266 debet

199 1292 259 1344 is,
269 1292 314 1332 in
333 1303 458 1345 quem
477 1291 679 1331 collatum
712 1295 780 1330 est
812 1289 1083 1337 beneficium,

196 1367 283 1396 non
319 1347 394 1408 qui
431 1352 647 1395 contulit!
727 1354 867 1405 Supra
903 1354 1079 1405 Nepos:

195 1419 211 1441 ‘
231 1418 470 1459 Maximum
488 1417 735 1457 existimans
753 1421 980 1469 quaestum,
995 1427 1083 1455 me-

197 1494 359 1523 morem
381 1487 636 1534 gratumque
655 1479 887 1532 cognosci.’
928 1479 1083 1519 Schott.

255 1545 332 1587 Sua·
361 1545 496 1597 cuique
519 1557 646 1584 mores
663 1543 831 1597 fingunt
855 1542 1083 1596 fortunam]

195 1610 391 1662 ‘Elegans
420 1606 571 1659 γνώμη.
639 1605 790 1647 Infra:
831 1607 845 1630 ‘
866 1607 1086 1648 Quantum

193 1671 456 1723 poterimus,
486 1681 629 1711 rerum
662 1669 872 1722 exemplis
901 1670 1087 1710 lectores

199 1733 462 1782 docebimus,
474 1732 588 1773 sicut
601 1744 728 1784 supra
739 1730 1085 1782 significavimus,

200 1809 299 1839 suos
332 1797 488 1850 cuique
516 1808 657 1836 mores
689 1795 918 1836 conciliare
950 1793 1086 1835 fortu-

199 1860 328 1902 nam!
384 1860 448 1900 Ut
467 1860 532 1900 M.
548 1858 692 1900 Tullio
722 1859 940 1910 Nepotem
959 1856 1084 1898 fami·

200 1923 382 1974 liariter,
403 1922 467 1963 sic
486 1927 533 1962 et
551 1921 724 1973 scriptis
753 1922 848 1972 ejus
867 1933 991 1961 usum
1011 1933 1084 1973 ap-

200 1990 342 2038 paret.
395 1985 470 2026 Sic
498 1985 612 2026 enim
642 1984 860 2026 ParadoX.
879 1996 922 2026 v.
949 1984 962 2006 ‘
982 1985 1085 2025 For-

199 2054 323 2099 tuna,
339 2047 452 2088 sicut
469 2049 637 2100 sapiens
655 2047 795 2088 Poeta
814 2047 947 2088 dixit:
986 2047 1085 2087 Suis

196 2126 254 2154 vca
283 2114 438 2167 cuique
469 2112 649 2166 fingitur
677 2113 894 2155 moribus.’
956 2106 1093 2156 Quod

199 2175 387 2217 fortasse
406 2188 461 2217 ex
483 2176 645 2217 Plauto
671 2180 888 2228 sumptum
917 2175 961 2216 in
989 2175 1086 2216 Tri-

200 2248 401 2280 nummo:
444 2240 458 2263 ‘
475 2240 656 2292 Sapiens
687 2240 781 2292 ipse
805 2238 932 2292 fingit
949 2238 1086 2280 fortu-

196 2314 300 2343 nam
319 2301 431 2343 sibi.'
484 2302 633 2343 Livius
652 2302 728 2345 lib.
749 2312 919 2343 xxxix.
937 2301 994 2342 de
1020 2302 1086 2343 M.

195 2366 398 2406 Catone:
428 2365 442 2389 ‘
461 2364 513 2405 In
542 2366 623 2406 hoc
640 2376 745 2406 vero
772 2369 899 2405 tanta
916 2364 978 2405 vis
997 2365 1087 2406 ani-

194 2428 278 2481 -mi,
288 2428 534 2482 ingeniique
552 2427 655 2480 fuit,
672 2432 724 2469 ut
742 2439 1004 2481 quocunque
1023 2429 1086 2469 lo-

202 2506 255 2535 co
271 2499 398 2535 natus
416 2500 546 2544 esset,
564 2493 780 2536 fortunam
794 2493 875 2534 sibi
892 2494 986 2546 ipse
998 2492 1085 2534 fac-

202 2563 326 2599 turus
351 2558 603 2600 videretur!
660 2559 719 2599 Et
736 2558 985 2599 Macrobius
1010 2557 1085 2599 lib.

203 2631 237 2662 1.
271 2624 336 2663 11.
367 2621 421 2662 de
454 2633 675 2662 servorum
706 2620 904 2663 fortuna:
960 2621 973 2644 ‘
993 2620 1087 2661 Sibi

202 2684 383 2738 quisque
408 2683 492 2734 ,dat
517 2695 670 2734 mores,
702 2683 993 2725 conditionem
1018 2695 1088 2724 can

204 2760 276 2788 sus
296 2746 514 2800 assignat!
572 2747 673 2788 Huc
701 2747 895 2800 pertinet
928 2752 974 2787 et
991 2751 1089 2788 tota

204 2812 265 2852 D.
299 2811 590 2864 Chrysostomi
627 2810 818 2852 Homilia
859 2811 903 2851 in
949 2810 1083 2851 illud:

196 2874 216 2897 ⁴
236 2873 377 2916 Nemo
396 2875 571 2915 laeditur
591 2874 671 2915 nisi
690 2886 715 2914 a
728 2873 901 2927 seipso.’
933 2873 1087 2916 Schott.

196 2956 200 2960 ¹
260 2937 343 2983 Qui
373 2938 477 2992 canit
504 2950 554 2979 ne
581 2950 657 2990 qua
687 2938 731 2978 in
760 2950 805 2978 re
830 2938 1086 2991 plecteretur]

196 3002 302 3042 Uno
321 3013 533 3043 consensu
551 3002 660 3042 Mss.
679 3001 845 3042 addunt
863 3002 959 3052 ⁸iure
985 3003 1088 3054 plec-

198 3067 363 3105 teretur.
417 3064 517 3105 Non
538 3064 706 3105 abludit
731 3064 846 3105 idem
876 3063 1086 3105 Publius:

202 3125 217 3149 ‘
238 3125 291 3166 Id
309 3138 429 3179 agas,
447 3132 523 3168 tuo
543 3132 588 3168 te
607 3128 761 3169 merito
788 3139 844 3167 ne
873 3127 967 3181 quis
988 3126 1088 3168 ode-

196 3189 294 3230 ·rit.'
348 3189 548 3231 Gebhard.
619 3191 767 3232 Malo:
811 3203 862 3231 ne
894 3203 970 3243 qua
993 3189 1089 3240 jure

199 3254 462 3305 plecteretur:
488 3265 585 3293 cum
616 3253 799 3293 alterum
836 3264 890 3292 ex
918 3252 1091 3294 inscitia

199 3314 541 3356 describentium
560 3314 840 3367 subrepserit.

261 3379 373 3420 CAP-
413 3382 479 3420 12.
538 3379 601 3418 M.
644 3378 852 3429 Vipsanius
887 3377 1089 3430 Agrippa]

207 3443 346 3485 Quem
361 3445 374 3466 ‘
388 3455 591 3496 generum
612 3441 766 3482 Attici’
778 3447 904 3483 vocat
922 3442 1091 3482 Seneca

207 3504 346 3556 Epist.
376 3516 476 3546 xxi.
508 3506 671 3559 quippe
704 3505 775 3558 qui
807 3505 1087 3557 Pomponiam

257 3618 261 3622 .
317 3571 459 3622 Delma.
477 3578 515 3612 et
538 3573 631 3613 Vnr.
655 3575 761 3613 Clas.

1075 3574 1119 3612 N
1119 3586 1177 3625 ep.

1917 265 2026 320 689

1148 400 1242 453 ejus
1256 401 1387 441 filiam
1407 400 1593 442 duxerat
1611 399 1653 440 iu
1672 410 1864 440 uxorem.

1203 464 1365 504 Nullius
1391 462 1646 515 conditionis]
1699 463 1804 513 Pro,
1823 460 2027 513 conjugii.

1148 527 1265 567 Hinc
1311 528 1518 568 usitatum
1564 527 1685 574 illud,
1726 526 1739 550 ‘
1759 525 2027 568 conditiones

1147 590 1374 643 quaerere!
1417 590 1567 631 Schott.
1636 591 1707 630 Sic
1730 602 1812 630 vox
1831 590 1906 631 illa
1935 590 2027 642 ple·

1146 665 1328 706 rumque
1347 653 1529 694 sumitur
1557 653 1671 705 apud
1700 653 1819 695 Juris
1851 653 2032 696 Consul-

1147 720 1232 757 tos.
1287 715 1513 758 Quomodo
1552 721 1598 756 et
1631 715 1859 757 Suetonius
1890 717 2030 758 utitur

1145 778 1188 819 in
1204 777 1418 830 Augusto.
1446 778 1599 818 Keuch.

1198 843 1522 894 Proeoptaretque
1541 841 1702 894 Equitis
1717 841 1889 882 Romani
1893 841 2031 895 filiam

1142 918 1372 958 generosam
1389 905 1558 958 nuptiis]
1614 904 1910 957 M..Agrippae
1941 910 2030 945 tres

1145 982 1303 1010 uxores
1328 969 1518 1011 fuerunt.
1596 969 1762 1020 Prima,
1790 968 2032 1020 Pomponia

1143 1031 1288 1074 Attici
1321 1031 1427 1083 filia,
1458 1031 1718 1073 conciliante
1749 1043 1823 1071 eas
1856 1031 2031 1083 nuptias

1148 1095 1212 1135 M.
1231 1095 1423 1136 Antonio
1441 1095 1684 1136 'triumviro
1702 1108 1713 1135 t
1743 1106 1798 1135 ex
1814 1106 1868 1135 ea
1883 1094 2032 1146 genuit

1147 1159 1411 1212 Vipsaniam,
1429 1159 1565 1200 Drusi
1597 1163 1794 1199 matrem.
1865 1156 2034 1209 Altera,

1145 1222 1356 1263 Marcella
1373 1222 1568 1262 Octaviae
1596 1221 1700 1273 filia,
1731 1233 1785 1261 ex
1815 1233 1901 1273 qua
1928 1232 2032 1273 quo-

1145 1298 1229 1339 que
1256 1285 1400 1337 liberi,
1431 1285 1466 1326 si
1484 1285 1691 1325 Suetonio
1710 1283 1830 1325 fides.
1885 1284 2034 1325 Tertia

1145 1359 1254 1388 uxor
1285 1347 1404 1389 Julia
1421 1362 1432 1388 ε
1476 1359 1530 1388 ex
1549 1358 1603 1388 ea
1622 1348 1712 1388 nati
1734 1347 1864 1389 Caius
1883 1353 1930 1387 et
1950 1349 2035 1388 Lu·

1146 1411 1238 1450 cius
1258 1411 1465 1458 Caesares,
1484 1410 1718 1451 Postumus
1747 1409 1955 1462 Agrippa,
1973 1410 2034 1451 A·

1146 1473 1363 1526 grippina,
1392 1479 1438 1514 et
1465 1474 1599 1516 Julia.
1654 1473 1708 1514 In
1735 1474 1801 1514 his
1818 1474 2034 1526 plerisque

1147 1551 1313 1592 verum,
1343 1540 1457 1593 quod
1481 1540 1662 1581 Tacitus
1682 1543 1806 1580 notat
1823 1537 1940 1580 Anu.
1960 1549 2034 1579 111.

1146 1603 1159 1625 ‘
1179 1603 1280 1644 Una
1324 1603 1512 1644 omnium
1542 1601 1753 1656 Agrippae
1801 1601 2037 1643 liberorum

1147 1667 1355 1719 Vipsania
1374 1667 1468 1708 miti
1488 1666 1636 1708 obitu!
1664 1666 1777 1719 ln'ps.

1207 1732 1356 1773 Filiam
1369 1744 1596 1783 generosam
1612 1731 1785 1784 nuptiis]
1825 1729 2038 1783 Atticam,

1149 1807 1277 1848 quam
1297 1796 1595 1849 ὑποκοριστικῶς
1612 1796 1852 1838 Atticulam
1877 1797 2037 1838 Cicero

1146 1864 1277 1899 -vocat
1297 1860 1437 1911 Epist.
1455 1859 1532 1900 lib.
1548 1871 1609 1901 vr.
1629 1864 1670 1902 6.
1725 1861 1792 1901 De
1811 1859 1975 1902 affectu
1992 1861 2039 1901 in

1150 1931 1243 1960 eam
1265 1920 1403 1962 Attici
1433 1922 1508 1964 lib.
1528 1934 1612 1964 vn.
1641 1926 1683 1964 2.
1716 1928 1764 1964 et
1795 1924 1870 1965 lib.
1898 1936 1942 1965 v.
1971 1928 2038 1966 19.

1151 1985 1300 2025 Filiam
1324 1997 1551 2037 generosam
1566 1987 1733 2040 wamiis]
1778 1987 1879 2030 Hoc
1909 2000 2040 2029 sensu

1149 2048 1163 2071 ‘
1182 2056 1292 2089 uxor
1329 2050 1564 2102 generosa'
1615 2050 1781 2092 dicitur
1818 2051 1873 2092 ab
1905 2051 2040 2104 Apul.

1152 2111 1294 2152 Miles.
1324 2111 1398 2152 lib.
1418 2123 1482 2152 rx.
1538 2114 1745 2167 Explicat
1763 2119 1888 2155 vetus
1908 2114 2038 2155 Glos-

1142 2186 1235 2216 sar.
1269 2175 1505 2224 Generonoe,
1522 2175 1698 2229 εὐγενὴς,
1726 2178 1748 2218 ὁ
1777 2177 1855 2219 ἀπὸ
1873 2176 2054 2229 vinoun*

1147 2251 1349 2281 mancum
1382 2239 1453 2294 (ut
1471 2240 1665 2294 videtur)
1687 2242 1833 2283 locum
1862 2243 2040 2294 sarcito,

1149 2300 1276 2352 τίμιος
1292 2303 1362 2343 vel
1380 2301 1534 2354 ἔντιμος
1563 2304 1780 2345 addendo.
1835 2305 2040 2348 Keneston.

1156 2365 1442 2407 Generosos-um
1485 2367 1640 2420 nuptiis
1667 2367 1832 2410 habent
1862 2369 2039 2422 quidam

1150 2427 1266 2480 libri,
1283 2429 1398 2482 quod
1417 2435 1464 2470 et
1483 2430 1777 2472 Freinshemio
1795 2437 1976 2473 venerat
1994 2433 2040 2473 in

1151 2497 1354 2532 mentem.
1391 2493 1570 2535 Boecler.
1623 2494 1727 2536 Sine
1746 2494 1877 2536 dubio
1894 2495 2040 2548 legen-

1153 2554 1256 2595 dum
1294 2568 1589 2609 generosarum,
1622 2557 1667 2598 id
1701 2564 1786 2610 est,
1815 2557 2040 2611 nobilium,

1150 2618 1365 2660 Senatorii
1412 2620 1594 2670 ordinis,
1627 2632 1862 2673 quarumve
1893 2627 2040 2674 patres

1154 2697 1205 2726 ac
1223 2686 1308 2738 maj
1315 2698 1412 2727 ores
1429 2686 1614 2726 honores
1632 2685 1678 2726 in
1693 2697 1784 2738 rep.
1798 2691 2039 2738 gesserant.

1150 2750 1164 2772 ‘
1186 2750 1423 2791 Generosae
1438 2753 1449 2771 ’
1480 2749 1641 2803 quippe
1666 2745 1781 2799 sun't,
1798 2748 1953 2803 quibus
1973 2755 2040 2790 est

1154 2824 1362 2864 generosa
1378 2812 1528 2866 stirps,
1543 2817 1595 2852 ut
1614 2811 1676 2852 ait
1694 2811 1737 2851 in
1763 2812 1975 2865 Eumene,
1994 2811 2040 2852 iu

1146 2875 1291 2917 initio.

1210 2938 1412 2979 Triumvir
1463 2939 1686 2991 reipublice
1743 2938 2040 2991 constituenda]

1154 3003 1319 3044 Natum
1340 3003 1538 3044 mendum
1558 3008 1626 3044 est
1641 3014 1695 3043 ex
1711 3003 1888 3055 antiqua
1905 3002 2041 3054 scrip·

1155 3071 1269 3121 tura,
1295 3080 1392 3121 quas
1425 3068 1522 3108 talis
1554 3072 1676 3109 erat:
1706 3068 1718 3090 ‘
1738 3067 1804 3107 M.
1825 3065 2039 3107 Antonius

1153 3140 1223 3171 ιιι.
1244 3130 1327 3183 vir,
1355 3143 1401 3172 n.
1421 3131 1529 3174 P.c.'
1609 3131 1682 3174 Sic
1715 3130 1946 3172 Suetonius
1985 3129 2039 3169 de

1153 3193 1353 3246 Augusto
1367 3206 1380 3233 ε
1402 3195 1415 3215 ⁸
1430 3192 1766 3233 Triumviratum
1788 3190 2038 3242 reipublicae

1155 3254 1466 3307 constituendae
1512 3267 1594 3306 per
1622 3254 1772 3294 decem
1804 3265 1936 3295 annos
1964 3252 2040 3294 ad-

1154 3318 1443 3361 ministravit.'
1501 3318 1650 3359 Fasti:
1679 3328 1732 3358 Μ.
1750 3327 1953 3359 κκιιινε
1980 3328 2038 3359 nr.

1144 3394 1193 3424 r.
1221 3394 1267 3426 Q.
1300 3393 1344 3423 Ν.
1371 3393 1578 3431 ιειηυνε,
1620 3392 1673 3424 u.
1713 3390 1941 3422 snromvs
1983 3393 2037 3422 n.

1156 3457 1196 3485 r.
1227 3456 1278 3484 M.
1312 3456 1355 3485 N.
1386 3455 1425 3484 c.
1468 3454 1617 3485 rvuvs
1658 3455 1697 3485 c.
1734 3455 1774 3485 r.
1804 3456 1845 3485 c.
1876 3456 1920 3486 st.
1952 3455 2038 3486 cm-

1156 3517 1254 3547 ssn.
1298 3516 1543 3547 ocrsvmn.
1586 3518 1656 3548 nr.
1698 3518 1797 3547 vim
1838 3519 1883 3548 n.
1927 3519 1967 3548 r.
1998 3518 2036 3547 c.

1832 3574 1929 3613 2Χ
