2306 3900
289 246 399 300 594

291 375 468 430 περὶτῶν
491 374 673 428 φυγάδων
685 374 860 429 μήνυσις,
878 375 929 418 ὥς
942 377 984 418 ἐν
1000 377 1052 430 τῇ
1066 374 1178 417 πόλει

292 438 576 494 κρυπτομένων.

351 504 453 545 Vino
470 503 667 555 epulisque
690 501 838 555 dediti]
883 500 988 542 Pari
1008 501 1178 545 ratione

291 570 435 611 ebrios
462 571 624 622 piratas
644 569 866 622 jugulavit
898 569 986 612 Jul.
1014 570 1178 622 Caesar,

291 638 471 685 recepta
515 633 629 673 omni
671 632 857 685 pecunia
907 632 1179 685 Milesiisque

291 696 509 747 restituta,
528 708 612 750 qua
633 708 680 736 se
699 696 911 737 redimere
923 695 1179 747 jubebatur.

290 759 549 812 Exemplum
575 757 780 800 festivum
805 760 1054 812 posteritati
1079 760 1180 800 reli-

292 821 388 873 quit
419 822 616 874 Polyaen.
653 821 729 863 lib.
749 833 802 862 11.
847 821 1122 876 Ἀριστομένης
1158 824 1181 863 ὁ

293 883 524 936 Μεσσήνιος,
535 884 836 936 Λακεδαιμονίων
851 888 936 928 τοῖς
949 884 1181 939 διοσκούροις

291 945 490 998 πάνδημον
505 948 641 988 θυσίαν
653 947 950 1001 ἐπιτελούντων,
975 949 1077 1000 μετὰ
1097 948 1182 992 &vos

292 1011 425 1064 φίλου,
442 1014 591 1053 λευκῶν
615 1011 742 1054 ἵππων
757 1011 956 1061 ἐπέβησαν
974 1013 1100 1066 ἄμφω,
1117 1012 1183 1053 καὶ

292 1077 380 1117 ταῖς
425 1077 618 1127 κεφαλαῖς
655 1075 987 1129 περιεκαθηκάτην
1011 1077 1182 1130 χρυσοῦς

291 1137 476 1192 ἀστέρας,
492 1137 558 1179 καὶ
574 1137 712 1180 νυκτὸς
737 1139 812 1188 ἤδη
838 1139 1046 1192 προΐούσης
1063 1140 1181 1191 ἐπεφ·

289 1200 442 1251 ἀνησαν
475 1202 577 1253 μετὰ
621 1201 840 1256 σύμμετρον
875 1201 1069 1254 διάστημα
1098 1205 1183 1245 τοῖς

291 1265 612 1318 Λακεδαιμονίοις,
626 1264 696 1318 ἔξω
708 1265 860 1309 πόλεως
876 1267 978 1318 μετὰ
989 1270 1183 1318 ’γυναικῶν

292 1329 359 1370 καὶ
389 1328 535 1370 παίδων
558 1328 900 1383 πανηγυρίζουσιν.
956 1329 1007 1371 Οἱ
1031 1329 1105 1380 μὲν
1134 1330 1182 1379 δὴ

289 1392 522 1447 διοσκοῦρων
531 1391 755 1446 ἐπιφάνειαν
761 1392 950 1443 οἰηθέντες
959 1393 1181 1447 γεγονέναι,

291 1455 471 1509 προΐασιν
488 1456 530 1499 ἐς
545 1455 665 1507 μέθην
683 1455 748 1498 καὶ
764 1455 903 1506 ἡδονὴν
919 1456 1095 1498 πλείονα.
1132 1457 1182 1498 Οἱ

292 1519 336 1561 δὲ
372 1519 449 1561 ἀπὸ
473 1523 553 1561 τῶν
576 1519 704 1561 ἵππων
734 1518 995 1571 καταβάντες,
1011 1518 1065 1561 τὰ
1089 1518 1182 1571 ξίφη

294 1583 552 1636 σπασάμενοι,
582 1584 792 1626 πλείστους
818 1583 1183 1637 καταφονεύσαντες

297 1650 426 1691 αὐτῶν
442 1648 509 1690 καὶ
525 1647 838 1701 ἀφιππεύσαντες
857 1648 1024 1699 ᾤχοντο.
1064 1648 1182 1691 Quid

290 1714 447 1755 mirum
461 1712 731 1765 manipulum
748 1712 965 1753 hominum
993 1711 1182 1752 ebrieta-

290 1782 381 1819 tem
395 1776 440 1817 in
454 1776 633 1817 exitium
651 1775 964 1829 praecipitasse,
979 1788 1076 1816 cum
1091 1787 1182 1815 mu·

292 1840 516 1881 nitissimae
556 1839 682 1881 urbes
725 1839 868 1880 Genio
913 1845 960 1880 et
1004 1839 1181 1879 Baccho

291 1906 524 1955 operantes
552 1914 605 1943 eo
636 1908 832 1954 tempore
858 1901 1106 1944 libertatem
1133 1906 1181 1942 et

294 1966 519 2018 imperium
549 1977 672 2007 suum
707 1965 948 2017 amiserint,
973 1977 1058 2018 quo
1084 1965 1182 2006 illas

292 2030 485 2070 Fortuna
500 2029 729 2070 destruere
755 2028 953 2082 cogitans
977 2033 1099 2069 tanta
1117 2039 1182 2068 se-

296 2094 482 2135 curitate
498 2091 710 2143 illigavit?
751 2093 823 2133 De
843 2091 964 2144 Tyro
977 2092 1099 2133 Curt.
1116 2102 1183 2132 ιν.

291 2160 332 2197 4.
347 2161 389 2197 5.
432 2154 563 2196 Aliud
579 2155 823 2207 exemplum
842 2155 1041 2207 praebent
1051 2155 1182 2206 Syra-

293 2231 409 2261 cusae
423 2223 582 2269 captoe,
597 2229 694 2259 cum
706 2216 910 2269 Epicides
925 2217 1184 2269 praebuisset

294 2281 383 2322 vini
401 2282 712 2334 epularumque
741 2279 928 2333 copiam,
949 2281 1064 2333 quod
1083 2279 1184 2333 qnia

294 2355 351 2384 ex
365 2344 458 2385 Liv.
473 2354 592 2384 xxu.
606 2348 652 2384 et
663 2343 859 2384 Frontini
873 2354 944 2384 111.
965 2346 1004 2384 3.
1022 2347 1065 2384 2.
1077 2343 1182 2384 satis

293 2413 444 2451 notum
453 2412 534 2457 est,
547 2408 630 2449 hue
646 2406 887 2448 transferre
902 2407 1183 2459 supersedeo.

297 2472 471 2515 Cranon
490 2470 725 2513 Thessaliae
743 2470 846 2512 urbe
873 2483 900 2511 a
931 2470 1062 2512 Dinia
1078 2483 1184 2524 quo-

294 2534 392 2575 dam
411 2534 596 2575 Pheraeo
621 2532 874 2586 Thelesippi
903 2533 954 2574 F.
979 2532 1183 2575 sordidisss

294 2597 389 2638 simi
400 2596 573 2650 aucupii
585 2596 726 2638 diurni
737 2601 908 2650 quaestu
921 2595 1075 2639 famem
1087 2608 1184 2648 pro·

293 2660 497 2713 pulsante
515 2671 723 2714 oppressa
749 2664 832 2712 est,
851 2672 950 2701 cum
981 2659 1098 2703 cives
1116 2672 1185 2701 se·

292 2723 388 2763 curi
419 2723 520 2764 vino
550 2728 597 2763 et
624 2722 763 2775 epulis
792 2735 840 2765 se
868 2722 1185 2780 delmersissent.

294 2786 408 2828 Vide
440 2786 642 2839 Polyaeu.
675 2786 752 2829 lib.
771 2798 825 2828 11.
870 2792 919 2827 et
946 2786 1080 2828 Diod.
1107 2785 1183 2827 lib.

293 2860 394 2891 xvi.
437 2849 523 2890 Ubi
542 2849 737 2902 Nypsius
768 2849 966 2902 Dionysii
993 2848 1185 2892 Junioris

294 2914 400 2954 Dux
414 2913 707 2965 Syracusanos
737 2925 792 2954 ex
812 2913 994 2954 victoria
1026 2913 1186 2965 navali,

295 2976 490 3019 ἐπινικίοις
524 2977 772 3027 celebratis,
811 2989 959 3018 somno
1000 2989 1050 3018 ac
1084 2978 1185 3020 vino

293 3043 488 3095 sepultos
508 3041 673 3083 invadit
685 3048 815 3095 atque
835 3041 1055 3094 opprimit.
1079 3041 1182 3082 Geb-

295 3106 409 3146 hard.

346 3168 411 3211 Ab
424 3168 576 3209 Archia
590 3168 843 3221 hierophaute
857 3168 1037 3221 Archioe]
1069 3168 1183 3221 Lap-

296 3243 367 3271 sus
400 3236 466 3271 est
497 3231 669 3272 Probus
707 3243 790 3271 non
821 3231 989 3272 Graecae
1021 3231 1183 3283 lingua

295 3293 483 3344 inscitia,
511 3294 588 3335 sed
616 3294 782 3336 incuria
809 3295 966 3347 potius.
1010 3295 1184 3336 Certum

297 3360 366 3396 est
389 3356 500 3396 enim
536 3357 739 3398 Graecum
771 3357 1040 3408 historicum,
1070 3357 1186 3398 unde

295 3422 388 3462 haec
422 3421 464 3460 in
502 3421 698 3462 Latinam
736 3421 923 3474 linguam
949 3422 1184 3473 convertit,

298 3485 524 3538 scripsisse
541 3499 552 3526 ε
582 3486 646 3525 ἀπ’
660 3485 819 3537 Ἀρχίου
832 3485 935 3528 τινὸς
949 3486 1019 3526 τιν’
1031 3484 1185 3539 Ἀρχίᾳ,

650 256 829 298 NoTAE
873 256 1211 301 vARloRUM
1254 258 1319 298 ΙΝ
1364 259 1424 299 0.
1459 259 1727 300 NEPOTlS

1239 377 1322 420 hoc
1340 382 1425 430 est,
1437 378 1488 419 ab
1504 378 1656 421 Archia
1673 390 1748 420 uno
1776 378 1932 425 cuidam
1946 379 2126 423 Archia·

1241 441 1357 482 Nam
1402 442 1477 495 qui
1525 442 1785 495 significavit
1837 442 2128 498 Atheniensis,

1241 515 1395 545 nomen
1413 504 1563 546 habuit
1581 505 1760 551 Archias
1775 518 1787 555 ;
1816 510 1863 547 et
1880 506 1951 547 cui
1967 505 2125 558 siguifi-

1242 567 1436 621 cabatur,
1476 580 1634 622 nempe
1667 570 1738 611 cui
1774 580 1939 610 summa
1972 569 2127 612 Thebi·

1241 637 1436 684 potestas
1451 638 1562 684 erat,
1579 632 1760 674 Archias
1774 632 2130 686 nuncupabatur:

1242 694 1287 735 id
1306 707 1362 736 ex
1373 696 1606 743 Plutarcho
1621 696 1732 738 scire
1749 696 1870 747 licet,
1887 696 2017 750 quiin
2036 696 2128 738 vita

1242 758 1467 811 Pelopidae
1497 759 1578 800 hac
1606 759 1662 800 de
1691 771 1740 800 re
1766 759 1933 800 scribit.
1958 759 2128 810 Longol.

1243 821 1406 873 Scripti
1440 821 1611 874 quidam
1643 821 1827 863 Codices
1854 822 2033 864 vitiose:
2062 821 2128 864 Ab

1242 883 1420 926 Archino
1444 895 1521 925 uuo
1539 897 1590 924 ex
1617 884 1680 926 his
1710 885 1868 927 Archia.
1915 885 2031 927 Alii:
2059 886 2127 927 Ab

1243 947 1396 988 Archia
1412 959 1489 988 uno
1511 947 1748 989 Timarchide.
1789 946 1918 988 Unde
1934 950 2129 993 nonnulli

1244 1011 1452 1052 eliciunt:
1506 1010 1572 1052 Ab
1605 1010 1758 1053 Archia
1796 1023 1871 1052 uno
1904 1011 2130 1064 Tynarchae·

1246 1073 1468 1115 Rnarehioe
1478 1073 1686 1116 mendose
1699 1074 1871 1127 legitur,
1882 1086 1978 1127 quae
1998 1075 2132 1117 lectio

1246 1149 1302 1178 ex
1334 1137 1591 1191 compendio
1624 1138 1877 1180 Graecarum
1907 1137 2131 1183 literarum

1244 1208 1356 1255 orta,
1387 1203 1510 1257 quasi
1542 1203 1752 1256 scriptum
1781 1209 1913 1255 esset,
1944 1201 2132 1256 Τιναρχίᾳ

1245 1281 1331 1309 uno
1364 1269 1592 1319 vocabulo,
1622 1280 1721 1309 cum
1755 1273 1900 1309 essent
1930 1267 2033 1319 duo,
2059 1268 2131 1309 τιν’

1247 1331 1402 1385 Ἀρχίᾳ,
1439 1344 1519 1385 pro
1547 1330 1624 1373 τινὶ
1648 1331 1801 1385 Ἀρχίᾳ.
1864 1330 1979 1372 Vide
2008 1332 2133 1373 Lam-

1244 1395 1407 1436 binum.
1474 1395 1646 1437 Primus
1678 1394 1816 1436 Aldus
1850 1393 2075 1436 Manutiu-
2106 1406 2132 1436 e

1244 1457 1481 1499 Plutarcho
1526 1458 1668 1499 locum
1713 1458 1954 1509 constituit,
2000 1457 2124 1510 cujus

1243 1522 1339 1562 haec
1366 1521 1411 1562 in
1437 1521 1653 1573 Pelopida
1681 1527 1805 1563 sunt:
1845 1520 1950 1574 παρὰ
1972 1520 2135 1573 Ἀρχίου

1243 1585 1316 1625 τοῦ
1325 1581 1552 1637 ἱεροφάντου
1561 1582 1658 1637 πρὸς
1668 1583 1831 1637 Ἀρχίαν
1842 1583 1912 1625 τὸν
1921 1582 2132 1635 infirmnm

1245 1648 1398 1689 Schott.

1303 1712 1403 1757 Quoe
1420 1710 1637 1763 quumjam
1653 1710 1882 1763 accubanti]
1913 1702 2135 1753 onustati

1245 1772 1332 1815 ἀντὶ
1348 1774 1420 1814 τοῦ
1445 1773 1650 1815 accubanti
1670 1774 1855 1826 positum
1873 1775 2068 1827 suspicor
2086 1774 2134 1815 in

1246 1838 1387 1878 veteri
1399 1837 1524 1878 libro.
1555 1837 1626 1879 Sic
1637 1836 1760 1888 obire,
1768 1837 1948 1888 obiicere,
1957 1839 2135 1879 accedere

1247 1900 1470 1952 dicebant,
1513 1913 1593 1954 pro
1636 1900 1772 1950 adire,
1813 1901 2023 1954 adjicere,
2064 1913 2135 1942 ac—

1247 1963 1422 2016 cedere,
1442 1969 1489 2005 et
1508 1964 1594 2005 alia
1620 1963 1804 2007 infinita.
1860 1964 1972 2005 Nam
1989 1964 2037 2005 ob
2055 1976 2137 2018 pro

1247 2031 1298 2070 ad
1315 2029 1533 2082 δυσφημίας
1557 2029 1746 2071 vitandae
1779 2035 1948 2072 veteres
1975 2031 2136 2072 dixisse

1247 2104 1301 2132 ex
1320 2093 1450 2134 Festo
1469 2098 1633 2134 notum.
1664 2092 1866 2134 Kena-hen.

1302 2155 1419 2197 Sicut
1436 2160 1523 2198 erat
1540 2155 1701 2206 signatu
1722 2155 1767 2196 in
1788 2155 1992 2207 puleiatum
2013 2154 2136 2204 οιιὶᾔί.

1246 2220 1370 2272 ciens]
1411 2220 1534 2261 Curt.
1554 2219 1631 2260 lib.
1647 2230 1717 2260 111.
1733 2222 1802 2261 21.
1853 2223 1867 2242 ‘
1882 2219 1972 2263 Diu
1993 2219 2137 2260 animo

1246 2283 1292 2323 in
1305 2283 1478 2323 diversa
1495 2288 1678 2334 versato,
1693 2283 1797 2323 nulli
1811 2282 1914 2335 quid
1925 2282 2135 2334 scriptum

1247 2346 1306 2386 sit
1324 2346 1546 2397 enunciat,
1564 2346 1882 2398 epistolamque
1900 2345 2042 2397 sigillo
2061 2357 2135 2385 an·

1245 2408 1334 2449 nuli
1348 2409 1414 2448 sui
1435 2409 1660 2460 impresso,
1678 2409 1868 2460 pulvino,
1880 2409 1950 2449 cni
1963 2408 2138 2450 incuba-

1247 2471 1343 2522 bat,
1369 2470 1584 2523 subiecit!
1631 2470 1819 2514 Quidam
1847 2472 1946 2512 libri
1971 2472 2137 2516 habent

1246 2534 1316 2574 nb
1329 2534 1548 2587 pulvinum.
1604 2533 1743 2574 Porro
1773 2534 1895 2576 vides
1923 2547 2019 2588 qum
2045 2534 2136 2577 fato

1247 2603 1441 2650 manent,
1477 2598 1609 2639 vitari
1641 2610 1728 2639 non
1767 2611 1907 2651 posse.
1973 2600 2137 2651 Cant,

1248 2663 1363 2715 apud
1400 2664 1579 2705 sueton.
1618 2675 1716 2717 cap.
1744 2666 1814 2704 81.
1876 2664 1890 2687 ⁴
1920 2663 2137 2706 Libellum

1247 2726 1497 2768 insidiarum
1513 2726 1700 2767 indicem
1725 2726 1780 2767 ab
1806 2726 1934 2768 obvio
1951 2727 2136 2782 quodam

1249 2796 1497 2843 porrectum
1528 2790 1683 2831 libellis
1699 2790 2008 2844 caeteris,quos
2036 2791 2137 2832 sini-

1249 2859 1341 2894 stra
1351 2865 1481 2894 manu
1492 2852 1682 2903 tenebat,
1694 2854 1815 2906 quasi
1829 2865 1929 2894 mox
1945 2855 2136 2895 lecturus

1249 2916 1545 2959 commiscuit!
1608 2917 1723 2958 Vide
1749 2917 2028 2958 Paterculnn
2056 2917 2135 2959 lib.

1248 2991 1299 3022 ιι.
1319 2984 1385 3022 67.
1429 2980 1503 3021 ubi
1533 2980 1713 3032 pulchre
1731 2979 1977 3021 concludit:
2015 2981 2029 3002 ‘
2047 2980 2134 3021 Sed

1248 3042 1448 3096 profecto
1494 3042 1787 3083 ineluctabilis
1829 3041 2018 3095 fatorum¹
2058 3044 2137 3097 vis,

1248 3106 1372 3158 cujus
1407 3117 1502 3146 cum
1539 3101 1754 3146 fortunam
1787 3111 1954 3146 mutare
1982 3107 2137 3149 eomu-

1249 3169 1348 3221 tuit‚
1361 3167 1537 3209 consilia
1551 3167 1821 3220 corrumpit,’
1833 3170 1913 3210 dcc.
1932 3168 2133 3217 Gebhard.

1302 3232 1354 3271 In
1376 3230 1582 3283 pulvinum
1607 3230 1831 3283 uebjicim]
1874 3230 2132 3278 Pluton-ebus

1247 3292 1362 3334 idem
1409 3294 1567 3348 inquit,
1614 3294 1687 3334 ὑπὸ
1729 3293 1780 3334 τὸ
1822 3292 2135 3346 προσκεφάλαιον

1251 3357 1449 3406 ὑπέθηκεν.
1497 3357 1722 3411 Interpres
1736 3358 1882 3410 inepte
1907 3370 1987 3409 pro
2005 3360 2133 3409 pulvi·

1247 3437 1313 3475 no,
1330 3423 1463 3464 lectuli
1482 3427 1597 3474 caput
1617 3422 1761 3461 vertit.
1820 3421 1988 3461 Morem
2012 3427 2132 3462 vete-

1249 3501 1344 3529 rum
1362 3488 1431 3529 hic
1452 3486 1625 3528 Probus
1638 3484 1792 3537 innuit,
1805 3484 1934 3537 quiin
1948 3484 2132 3527 discubi-
