2306 3900
348 268 456 322 676

346 400 453 440 duos
474 399 584 440 filios
615 404 918 452 praetextatos,
953 404 998 441 et
1019 401 1068 441 C.
1087 401 1231 453 Sulpi-

345 463 402 503 cii
422 463 539 502 Galli
558 462 710 512 filium,
729 464 852 516 cujus
877 468 997 505 tutor
1015 470 1141 516 erat;
1169 466 1232 506 ita

344 525 651 566 miserabiliter
686 539 763 579 pro
790 539 836 567 se
867 528 1034 568 locutus
1067 534 1150 579 est,
1183 534 1230 569 ut

344 587 511 639 rogatio
531 588 840 641 antiquaretur.
867 590 1048 632 Lambin.
1080 591 1229 633 Oliver.

341 653 501 692 Exstat
533 653 807 705 reprehensio
843 654 994 694 Rutilii
1030 653 1127 694 Rufi
1157 654 1230 694 ad-

340 727 488 758 versus
508 717 602 757 Ser.
632 717 869 769 Sulpicium
898 717 1081 758 Galbam
1115 718 1231 770 apud

344 780 595 820 Ciceronem
615 780 692 821 lib.
714 792 747 820 1.
782 780 836 820 de
857 771 1072 831 Oratore3
1114 782 1229 834 quod

337 843 391 895 iS,
412 844 465 884 L.
493 844 718 885 Scribonio
751 844 914 884 Libone
949 845 1228 897 quaestionem

338 908 384 949 in
404 920 502 949 eum
521 907 706 958 ferente,
719 907 868 960 populi
887 907 1227 948 misericordiam

339 971 620 1012 concitasset.
694 971 782 1011 Ubi
829 971 943 1011 inter
972 971 1057 1011 alia
1094 971 1228 1024 tradit

338 1035 508 1087 Cicero,
545 1035 657 1089 quod
698 1034 812 1087 apud
836 1036 1066 1075 'Catonem
1110 1035 1225 1076 idem

335 1098 542 1149 scriptum
576 1098 767 1139 vidisset.
823 1098 940 1148 Lege
966 1098 1148 1138 eundem
1179 1099 1222 1138 in

335 1161 493 1201 Bruto.
523 1160 743 1200 Valerium
775 1160 850 1201 lib.
883 1171 952 1201 ix.
985 1163 1024 1201 6.
1070 1160 1222 1213 Epito-

337 1234 434 1263 men
457 1235 622 1265 xnvnt.

389 1287 459 1327 De
494 1285 577 1327 vita
606 1291 647 1327 et
673 1286 861 1338 moribus]
907 1288 1006 1330 Quo
1027 1291 1222 1340 tempore

333 1351 494 1402 aetatis,
514 1358 559 1391 et
574 1356 758 1406 ann0,¹et
777 1350 1035 1391 Consulibus
1050 1352 1223 1392 interie-

334 1417 391 1454 rit
423 1416 547 1462 Cato,
579 1415 829 1455 discordant
853 1415 968 1454 inter
997 1427 1042 1455 se
1073 1415 1220 1456 Histo-

329 1479 422 1518 rici.
477 1479 588 1519 Sunt
607 1479 680 1531 qui
701 1478 754 1520 A.
772 1483 870 1519 605.
900 1484 1115 1519 mortuum
1146 1492 1218 1520 vo-

328 1542 574 1583 lunt-Urbis
601 1542 828 1582 Conditae:
858 1542 1081 1593 octoginta
1097 1542 1218 1595 quin·

327 1618 411 1658 que
431 1617 561 1645 annos
592 1609 731 1656 natus,
761 1605 812 1644 L.
833 1605 1001 1645 Marcio
1020 1605 1218 1645 Censori·

325 1680 398 1718 no,
428 1668 578 1707 Manio
612 1668 775 1707 Manlio
805 1667 922 1708 Cosa
951 1667 1212 1707 Paterculus

325 1743 430 1771 vero
448 1731 575 1770 vmale
609 1731 661 1770 P.
678 1729 930 1779 Censorino,
967 1729 1030 1770 M.
1047 1729 1213 1770 Manlio

325 1794 446 1834 Coss.
479 1794 632 1833 Cicero
661 1793 704 1832 iu
734 1793 898 1832 Bruto:
939 1791 952 1814 ‘
973 1791 1112 1842 Cato:
1148 1792 1211 1832 in-

325 1857 435 1910 quit,
472 1857 486 1880 ‘
508 1869 641 1896 annos
681 1856 867 1909 quinque
904 1859 950 1895 et
982 1855 1210 1906 octoginta

323 1926 451 1961 natus
483 1920 670 1960 excessit
703 1931 728 1958 e
750 1919 861 1959 vita:
903 1931 999 1959 cum
1031 1918 1207 1970 quidem

323 1996 374 2024 eo
394 1985 490 2036 ipso
517 1996 627 2024 anno
657 1988 807 2024 contra
833 1983 929 2023 Ser.
949 1981 1134 2023 Galbam
1155 1981 1210 2022 ad

528 2435 757 2497 XXV.

333 2648 338 2654 ,
373 2617 610 2669 Pomponius
630 2618 805 2671 Atticus]
832 2618 911 2660 Cui
931 2619 1043 2659 vitas
1058 2619 1198 2660 excel-

311 2681 489 2720 lentium
541 2681 729 2723 Graeciae
773 2682 1088 2734 Imperatorum
1134 2683 1197 2722 in-

732 282 911 322 NOTAE
957 282 1290 323 VARIORUM
1331 284 1396 324 IN
1439 287 1495 325 O.
1535 285 1798 325 NEPOTIS

1299 403 1505 455 populum
1541 416 1703 445 summa
1741 404 2028 445 contentione.
2052 405 2185 447 dixis·

1297 466 1393 507 set?
1437 468 1635 508 Valerius
1667 481 1766 508 vero
1800 468 1881 508 lib.
1899 472 2061 510 vn1..l.
2081 475 2128 510 et
2145 474 2186 510 7.

1297 530 1603 582 octogesimum
1620 536 1789 570 sextum
1808 536 2185 583 annum-agentem

1297 591 1500 632 adversus
1549 593 1730 634 Galbam
1777 605 2001 646 perorasse
2058 593 2183 635 dicit.

1298 653 1466 696 Plinius
1484 655 1560 697 lib.
1575 666 1671 696 xlv.
1698 660 1738 697 4.
1770 657 2084 697 sexcentesimo
2104 658 2184 697 Ur-

1298 715 1365 757 bis
1401 719 1589 760 conditae
1621 724 1851 770 mortuum,
1890 720 2075 760 rotundo
2112 732 2187 760 nu-

1296 791 1414 821 mero
1459 781 1582 822 dixit.
1657 782 1757 822 Non
1793 789 1928 833 recte,
1976 788 2027 824 ut
2063 788 2186 836 puto,

1297 843 1555 884 Plutarchus
1589 844 1838 893 ἐννενήκοντα
1874 847 2099 897 Catonem,
2135 852 2182 887 et

1294 906 1441 946 Livius
1461 908 1748 960 nonagenario
1766 909 1968 961 majorem
1997 908 2178 951 faciunt.

1293 968 1491 1010 Schottus.
1724 996 1729 1003 υ

1347 1033 1400 1072 In
1418 1046 1462 1073 eo
1479 1033 1596 1086 libro]
1624 1035 1756 1087 Cujus
1785 1034 2073 1088 fragmentum
2091 1037 2178 1077 ele·-

1293 1107 1397 1147 gans
1416 1097 1514 1137 vide
1535 1099 1650 1149 apud
1672 1099 1787 1139 Gell.
1804 1099 1878 1139 lib.
1895 1112 1945 1141 11.
1960 1103 2001 1141 8.
2025 1100 2176 1147 Satur.

1291 1158 1458 1211 Aperte
1491 1160 1672 1213 indicat,
1704 1174 1756 1202 eo
1789 1174 1902 1202 nunc
1933 1163 1988 1203 de
2011 1163 2176 1204 Catone

1290 1222 1462 1263 brevius
1480 1235 1525 1263 se
1546 1236 1693 1276 agere,
1724 1226 1841 1278 quia⁴
1857 1227 2092 1278 separatim
2120 1229 2176 1268 de

1290 1296 1342 1325 eo
1359 1286 1594 1338 scripserit.
1636 1288 1750 1339 Ergo
1779 1288 1870 1328 vita
1886 1289 1960 1328 illa
1978 1289 2170 1338 Catonis,

1288 1360 1416 1400 quam
1464 1349 1612 1400 paucis
1642 1351 1921 1402 perstrictam
1955 1351 2175 1403 habemus,

1286 1413 1458 1464 maj0ris
1491 1425 1591 1464 pars
1633 1420 1702 1454 est
1731 1415 2049 1466 voluminis,-in
2088 1429 2174 1467 quo

1285 1476 1570 1516 Romanorum
1605 1477 1884 1528 complurium
1921 1479 2022 1519 vitae
2073 1492 2173 1519 con-

1282 1540 1535 1581 tinerentur.
1586 1541 1761 1581 Vossius.

1337 1602 1597 1654 Delegamus]
1626 1603 1698 1643 Sic
1714 1604 1818 1643 Mss.
1838 1608 1885 1644 et
1901 1605 2065 1656 vulgati
2085 1618 2172 1646 om-

1280 1677 1371 1716 nes,
1385 1671 1520 1706 recte.
1575 1667 1742 1707 Seneca
1760 1667 1815 1707 de
1845 1667 2076 1709 Beneficiis
2095 1669 2170 1710 lib.

1277 1740 1342 1769 1v.
1365 1732 1429 1770 11.
1457 1730 1470 1752 ‘
1493 1729 1727 1770 Debitores
1747 1730 1870 1770 nobis
1898 1732 2018 1771 Deos
2050 1731 2166 1773 dele·

1279 1797 1368 1844 gat,
1400 1798 1689 1845 precaturque
1717 1792 1778 1837 illi
1807 1804 1888 1845 pro
1914 1805 1977 1833 σθ.-
1987 1794 2168 1846 gratiam

1277 1855 1503 1896 referant?
1559 1856 1788 1896 Lambinus
1807 1857 2024 1907 relegamus
2041 1857 2166 1909 legit,

1277 1932 1358 1971 pro
1376 1932 1459 1971 quo
1474 1918 1582 1959 facit
1596 1919 1761 1959 Plinius
1772 1918 1846 1960 lib.
1862 1930 1947 1961 vn.
1960 1923 1998 1960 1.
2027 1920 2040 1941 ‘
2055 1921 2170 1972 poti·

1277 1995 1411 2036 usque
1431 1983 1486 2024 ad
1505 1987 1703 2024 auctores
1721 1981 1951 2036 relegatio!
1980 1982 2144 2024 Savaro.

827 2435 913 2496 T.
966 2435 1504 2523 POMPONIUS
1554 2435 1955 2498 Africus·

1265 2623 1560 2672 usurpassent.
1590 2618 1734 2658 Livius
1766 2629 1799 2657 1.
1849 2617 1863 2642 ‘
1884 2614 1954 2656 Ibi
1973 2614 2153 2668 Tarqui-

1262 2683 1357 2723 nius
1391 2683 1446 2723 ab
1486 2682 1637 2722 ultima
1655 2682 1792 2733 stirpe
1812 2678 1963 2720 orsus.’
1992 2677 2146 2723 Some.

311 2743 511 2794 scr-ipsit:
559 2749 608 2784 nt
657 2757 716 2785 ex
761 2744 1026 2785 Praefatione
1061 2751 1198 2798 patet.
1263 2746 1405 2798 Stirps
1429 2746 1622 2785 Romana
1641 2750 1747 2796 post<
1767 2743 1993 2784 Romulum
2013 2754 2040 2782 a
2059 2741 2153 2782 Nu-

313 2807 434 2847 Gens
460 2807 701 2860 Pomponia
715 2807 898 2849 familias
916 2808 1080 2859 habuit,
1098 2810 1200 2849 Bas-

311 2881 472 2918 sorum,
511 2870 821 2923 Secundorum,
854 2871 1119 2922 Atticorum,
1153 2877 1199 2912 et

311 2930 571 2972 Labeonum.
606 2933 811 2974 Kenchen.
868 2934 1089 2974 Manutius
1108 2935 1200 2986 opi·

309 3000 455 3043 natur,
488 2994 601 3046 quod
638 2994 754 3045 inde,
788 2996 891 3048 quia
930 2996 1022 3037 ‘sic
1041 2996 1196 3037 Graece

307 3055 580 3108 loquebatur,
598 3062 647 3097 ut
680 3057 862 3098 Athenis
885 3064 1010 3098 natus
1032 3059 1198 3099 videre·

307 3117 410 3166 tur,'
450 3129 686 3170 cognomen
720 3118 863 3160 Attici
911 3120 1093 3172 adeptus
1129 3121 1198 3161 sit.

311 3181 512 3224 Ernstius.
570 3182 770 3223 Meminit
808 3182 1004 3235 ejusdem
1036 3183 1080 3222 in
1115 3183 1197 3223 Ca-

305 3248 422 3293 tone,
460 3245 471 3266 ‘
496 3250 646 3296 rogatu
685 3246 734 3286 T.
761 3245 988 3298 Pomponii
1026 3244 1195 3286 Attici:

307 3303 475 3344 Savaro.

1267 2820 1336 2847 ma
1371 2807 1585 2859 Pompilio
1623 2807 1744 2858 capit
1773 2805 1994 2857 originem.
2068 2804 2155 2846 Qui

1266 2870 1380 2911 inter
1393 2876 1579 2923 quatuor
1597 2869 1708 2910 filios
1727 2881 1858 2910 unum
1888 2869 2155 2920 Pomponem

1238 2939 1244 2943 “
1265 2934 1512 2985 appellavit.
1571 2933 1611 2973 A
1633 2945 1719 2985 quo
1738 2931 2008 2984 postmodum
2028 2931 2155 2971 Pom-

1264 2997 1382 3049 ponii
1416 2996 1556 3037 vocati
1587 3001 1700 3036 sunt.
1755 2995 1941 3035 Videtur
1973 2995 2057 3035 huc
2090 3005 2155 3034 re-

1264 3060 1458 3112 spexisse
1474 3059 1637 3111 Nepos,
1654 3057 1825 3112 quando
1839 3057 1893 3098 ab
1911 3057 2074 3109 origine
2088 3057 2153 3097 ul-

1265 3124 1370 3164 tima
1384 3122 1531 3175 stirpis
1546 3123 1746 3162 Romanae
1760 3126 2011 3173 generatum
2026 3120 2154 3162 Pom-

1261 3185 1437 3237 ponium
1476 3184 1596 3226 dicit.
1663 3184 1827 3224 Locum
1876 3183 2068 3224 restituit
2106 3186 2152 3222 et

1262 3246 1458 3298 explicat
1478 3247 1694 3299 Casparus
1716 3245 1916 3286 Barthius
1935 3244 2008 3286 lib.
2028 3253 2146 3284 xmr.

1261 3312 1329 3349 29
1360 3309 1562 3350 Kena-lien.
1615 3309 1679 3349 Ab
1707 3309 1863 3359 origine
1889 3306 2028 3347 ultima
2052 3306 2149 3345 stir-

359 3366 423 3405 Ab
461 3368 614 3416 orig-ine
651 3370 790 3409 ultima
825 3370 962 3422 stirpis
1003 3371 1190 3411 Romanae
1254 3371 1321 3423 pis
1341 3372 1529 3411 Romana.»
1544 3370 1774 3422 generatus]
1802 3368 2007 3410 Certant
1996 3380 2039 3407 in
2057 3368 2145 3408 elu-

302 3429 532 3478 gemmeus]
562 3430 648 3468 Ριο
672 3432 821 3481 plima.
852 3432 980 3474 Quod
1009 3432 1191 3472 incredi-

307 3490 392 3530 bile
415 3490 648 3543 videretur,
671 3493 747 3532 uisi
782 3494 842 3534 ita
875 3506 990 3546 saepe
1020 3501 1190 3536 veteres

1259 3434 1370 3474 endo
1399 3434 1478 3474 hoc
1507 3435 1600 3474 loco
1630 3433 1790 3473 Docti:
1833 3442 2009 3483 quorum
2031 3430 2145 3482 prin-

1260 3508 1366 3549 ceps
1385 3497 1606 3538 Manutius
1627 3493 1872 3547 corrigebat
1889 3506 1910 3534 e
1924 3493 2047 3546 stirpe
2062 3493 2144 3534 Ro·
