<?xml version="1.0" encoding="UTF-8"?>
<!DOCTYPE html PUBLIC "-//W3C//DTD XHTML 1.0 Transitional//EN"
    "http://www.w3.org/TR/xhtml1/DTD/xhtml1-transitional.dtd">
<html xmlns="http://www.w3.org/1999/xhtml" xml:lang="en" lang="en">
 <head>
  <title>
</title>
<meta http-equiv="Content-Type" content="text/html;charset=utf-8" />
  <meta name='ocr-system' content='tesseract 3.04.00' />
  <meta name='ocr-capabilities' content='ocr_page ocr_carea ocr_par ocr_line ocrx_word'/>
</head>
<body>
  <div class='ocr_page' id='page_1' title='image "./vitaeexcellentiu02nepouoft_0414.png"; bbox 0 0 2306 3900; ppageno 0'>
   <div class='ocr_carea' id='block_1_1' title="bbox 308 267 557 325">
    <p class='ocr_par' dir='ltr' id='par_1_1' title="bbox 308 267 557 325">
     <span class='ocr_line' id='line_1_1' title="bbox 308 267 557 325; baseline -0.012 0"><span class='ocrx_word' id='word_1_1' title='bbox 308 267 557 325; x_wconf 83' lang='lat' dir='ltr'>lxxxviii</span> 
     </span>
    </p>
   </div>
   <div class='ocr_carea' id='block_1_2' title="bbox 311 403 1176 511">
    <p class='ocr_par' dir='ltr' id='par_1_2' title="bbox 311 403 1176 511">
     <span class='ocr_line' id='line_1_2' title="bbox 311 403 1176 445; baseline 0 0"><span class='ocrx_word' id='word_1_2' title='bbox 311 404 531 445; x_wconf 72' lang='lat' dir='ltr'><strong>Laudatioz</strong></span> <span class='ocrx_word' id='word_1_3' title='bbox 558 405 735 444; x_wconf 84' lang='lat' dir='ltr'><strong>simulata</strong></span> <span class='ocrx_word' id='word_1_4' title='bbox 770 403 992 445; x_wconf 84' lang='lat' dir='ltr'><strong>laudatione</strong></span> <span class='ocrx_word' id='word_1_5' title='bbox 1028 405 1176 445; x_wconf 76' lang='lat' dir='ltr'><strong>adoles-</strong></span> 
     </span>
     <span class='ocr_line' id='line_1_3' title="bbox 363 457 964 511; baseline 0.002 -14"><span class='ocrx_word' id='word_1_6' title='bbox 363 459 540 498; x_wconf 87' lang='lat' dir='ltr'><strong>centulos</strong></span> <span class='ocrx_word' id='word_1_7' title='bbox 559 457 801 511; x_wconf 85' lang='lat' dir='ltr'><strong>recuperavit</strong></span> <span class='ocrx_word' id='word_1_8' title='bbox 828 457 919 504; x_wconf 75' lang='lat' dir='ltr'><strong>xvii,</strong></span> <span class='ocrx_word' id='word_1_9' title='bbox 938 462 964 498; x_wconf 86' lang='lat'><strong>6</strong></span> 
     </span>
    </p>
   </div>
   <div class='ocr_carea' id='block_1_3' title="bbox 312 511 1238 563">
    <p class='ocr_par' dir='ltr' id='par_1_3' title="bbox 312 511 1238 563">
     <span class='ocr_line' id='line_1_4' title="bbox 312 511 1238 563; baseline 0.002 -13"><span class='ocrx_word' id='word_1_10' title='bbox 312 511 414 550; x_wconf 85' lang='lat' dir='ltr'><strong>Laus</strong></span> <span class='ocrx_word' id='word_1_11' title='bbox 432 511 660 551; x_wconf 88' lang='lat' dir='ltr'><strong>liberandar.</strong></span> <span class='ocrx_word' id='word_1_12' title='bbox 675 511 840 550; x_wconf 85' lang='lat' dir='ltr'><strong>T.bebar</strong></span> <span class='ocrx_word' id='word_1_13' title='bbox 856 512 1010 563; x_wconf 87' lang='lat' dir='ltr'><strong>propria</strong></span> <span class='ocrx_word' id='word_1_14' title='bbox 1024 520 1083 551; x_wconf 89' lang='lat' dir='ltr'><strong>est</strong></span> <span class='ocrx_word' id='word_1_15' title='bbox 1102 512 1177 552; x_wconf 91' lang='lat' dir='ltr'><strong>Pe-</strong></span> <span class='ocrx_word' id='word_1_16' title='bbox 1236 526 1238 530; x_wconf 92' lang='lat'>·</span> 
     </span>
    </p>
   </div>
   <div class='ocr_carea' id='block_1_4' title="bbox 304 562 1188 3590">
    <p class='ocr_par' dir='ltr' id='par_1_4' title="bbox 363 562 1183 1039">
     <span class='ocr_line' id='line_1_5' title="bbox 365 562 1179 627; baseline 0.004 -25"><span class='ocrx_word' id='word_1_17' title='bbox 365 562 510 615; x_wconf 83' lang='lat' dir='ltr'><strong>lopidae</strong></span> <span class='ocrx_word' id='word_1_18' title='bbox 528 563 601 627; x_wconf 88' lang='lat' dir='ltr'><strong>(de</strong></span> <span class='ocrx_word' id='word_1_19' title='bbox 618 565 704 617; x_wconf 89' lang='lat' dir='ltr'><strong>ejus</strong></span> <span class='ocrx_word' id='word_1_20' title='bbox 723 564 844 616; x_wconf 84' lang='lat' dir='ltr'><strong>gloria</strong></span> <span class='ocrx_word' id='word_1_21' title='bbox 860 577 909 603; x_wconf 86' lang='lat' dir='ltr'><strong>ex</strong></span> <span class='ocrx_word' id='word_1_22' title='bbox 925 564 1069 604; x_wconf 86' lang='lat' dir='ltr'>Thebis</span> <span class='ocrx_word' id='word_1_23' title='bbox 1082 564 1179 605; x_wconf 91' lang='lat' dir='ltr'><strong>libe-</strong></span> 
     </span>
     <span class='ocr_line' id='line_1_6' title="bbox 364 616 1180 668; baseline 0.002 -13"><span class='ocrx_word' id='word_1_24' title='bbox 364 616 473 668; x_wconf 85' lang='lat' dir='ltr'><strong>ratis)</strong></span> <span class='ocrx_word' id='word_1_25' title='bbox 498 617 578 665; x_wconf 82' lang='lat' dir='ltr'><strong>xvi,</strong></span> <span class='ocrx_word' id='word_1_26' title='bbox 596 621 624 658; x_wconf 99' lang='lat'>4</span> <span class='ocrx_word' id='word_1_27' title='bbox 649 624 787 658; x_wconf 87' lang='lat' dir='ltr'><strong>ceterae</strong></span> <span class='ocrx_word' id='word_1_28' title='bbox 806 617 940 656; x_wconf 88' lang='lat' dir='ltr'><strong>laudes</strong></span> <span class='ocrx_word' id='word_1_29' title='bbox 957 628 1180 658; x_wconf 87' lang='lat' dir='ltr'><strong>communes</strong></span> 
     </span>
     <span class='ocr_line' id='line_1_7' title="bbox 363 670 1181 722; baseline 0.004 -14"><span class='ocrx_word' id='word_1_30' title='bbox 363 675 455 713; x_wconf 88' lang='lat' dir='ltr'><strong>sunt</strong></span> <span class='ocrx_word' id='word_1_31' title='bbox 469 682 557 710; x_wconf 90' lang='lat' dir='ltr'><strong>cum</strong></span> <span class='ocrx_word' id='word_1_32' title='bbox 576 670 863 722; x_wconf 83' lang='lat' dir='ltr'><strong>Epaminonda,</strong></span> <span class='ocrx_word' id='word_1_33' title='bbox 882 671 978 710; x_wconf 83' lang='lat' dir='ltr'><strong>ibid.</strong></span> <span class='ocrx_word' id='word_1_34' title='bbox 1024 672 1114 710; x_wconf 88' lang='lat' dir='ltr'><strong>laus</strong></span> <span class='ocrx_word' id='word_1_35' title='bbox 1125 672 1181 711; x_wconf 87' lang='lat' dir='ltr'><strong>rei</strong></span> 
     </span>
     <span class='ocr_line' id='line_1_8' title="bbox 364 721 1181 776; baseline 0.004 -16"><span class='ocrx_word' id='word_1_36' title='bbox 364 721 538 762; x_wconf 87' lang='lat' dir='ltr'><strong>militaris</strong></span> <span class='ocrx_word' id='word_1_37' title='bbox 567 722 640 776; x_wconf 90' lang='lat' dir='ltr'><strong>(de</strong></span> <span class='ocrx_word' id='word_1_38' title='bbox 669 723 770 762; x_wconf 80' lang='lat' dir='ltr'><strong>fama</strong></span> <span class='ocrx_word' id='word_1_39' title='bbox 798 724 911 763; x_wconf 86' lang='lat' dir='ltr'><strong>rebus</strong></span> <span class='ocrx_word' id='word_1_40' title='bbox 940 724 1042 763; x_wconf 87' lang='lat' dir='ltr'><strong>bello</strong></span> <span class='ocrx_word' id='word_1_41' title='bbox 1063 725 1181 774; x_wconf 83' lang='lat' dir='ltr'><strong>gestis</strong></span> 
     </span>
     <span class='ocr_line' id='line_1_9' title="bbox 364 774 1180 838; baseline 0.002 -24"><span class='ocrx_word' id='word_1_42' title='bbox 364 774 532 838; x_wconf 84' lang='lat' dir='ltr'><strong>parta)</strong></span> <span class='ocrx_word' id='word_1_43' title='bbox 520 790 549 825; x_wconf 83' lang='lat'><strong>1,</strong></span> <span class='ocrx_word' id='word_1_44' title='bbox 577 782 602 818; x_wconf 87' lang='grc'>8</span> <span class='ocrx_word' id='word_1_45' title='bbox 647 777 830 815; x_wconf 86' lang='lat' dir='ltr'><strong>virtutum</strong></span> <span class='ocrx_word' id='word_1_46' title='bbox 860 776 928 828; x_wconf 83' lang='lat' dir='ltr'><strong>(ex</strong></span> <span class='ocrx_word' id='word_1_47' title='bbox 956 777 1180 830; x_wconf 87' lang='lat' dir='ltr'><strong>virtutibus)</strong></span> 
     </span>
     <span class='ocr_line' id='line_1_10' title="bbox 363 827 1183 881; baseline 0.004 -15"><span class='ocrx_word' id='word_1_48' title='bbox 363 829 467 876; x_wconf 78' lang='lat' dir='ltr'><strong>xxiv,</strong></span> <span class='ocrx_word' id='word_1_49' title='bbox 485 833 512 869; x_wconf 80' lang='grc'>2</span> <span class='ocrx_word' id='word_1_50' title='bbox 557 828 674 881; x_wconf 79' lang='lat' dir='ltr'><strong>huJus</strong></span> <span class='ocrx_word' id='word_1_51' title='bbox 711 827 882 868; x_wconf 84' lang='lat' dir='ltr'><strong>victoriae</strong></span> <span class='ocrx_word' id='word_1_52' title='bbox 919 830 979 868; x_wconf 88' lang='lat' dir='ltr'><strong>vel</strong></span> <span class='ocrx_word' id='word_1_53' title='bbox 1017 831 1183 869; x_wconf 85' lang='lat' dir='ltr'><strong>maxima</strong></span> 
     </span>
     <span class='ocr_line' id='line_1_11' title="bbox 364 858 1182 942; baseline 0.004 -23.004"><span class='ocrx_word' id='word_1_54' title='bbox 364 881 442 920; x_wconf 79' lang='lat' dir='ltr'><strong>fuit</strong></span> <span class='ocrx_word' id='word_1_55' title='bbox 455 858 554 929; x_wconf 85' lang='lat' dir='ltr'><strong>laus,</strong></span> <span class='ocrx_word' id='word_1_56' title='bbox 573 884 679 934; x_wconf 92' lang='lat' dir='ltr'><strong>quod</strong></span> <span class='ocrx_word' id='word_1_57' title='bbox 697 881 771 920; x_wconf 75' lang='grc' dir='ltr'>διο.</span> <span class='ocrx_word' id='word_1_58' title='bbox 789 881 1008 942; x_wconf 86' lang='lat' dir='ltr'><strong>(victoria</strong></span> <span class='ocrx_word' id='word_1_59' title='bbox 996 896 1037 921; x_wconf 88' lang='grc' dir='ltr'><strong>ιιι</strong></span> <span class='ocrx_word' id='word_1_60' title='bbox 1056 896 1104 921; x_wconf 88' lang='lat' dir='ltr'><strong>eo</strong></span> <span class='ocrx_word' id='word_1_61' title='bbox 1123 890 1182 922; x_wconf 89' lang='lat' dir='ltr'><strong>est</strong></span> 
     </span>
     <span class='ocr_line' id='line_1_12' title="bbox 363 934 1181 995; baseline 0.002 -23"><span class='ocrx_word' id='word_1_62' title='bbox 363 934 582 980; x_wconf 85' lang='lat' dir='ltr'><strong>laudabilis,</strong></span> <span class='ocrx_word' id='word_1_63' title='bbox 601 936 708 987; x_wconf 90' lang='lat' dir='ltr'><strong>quod</strong></span> <span class='ocrx_word' id='word_1_64' title='bbox 725 934 820 986; x_wconf 89' lang='lat' dir='ltr'><strong>&amp;c.)</strong></span> <span class='ocrx_word' id='word_1_65' title='bbox 848 934 941 981; x_wconf 86' lang='lat' dir='ltr'><strong>xvii,</strong></span> <span class='ocrx_word' id='word_1_66' title='bbox 959 939 986 995; x_wconf 89' lang='grc'>4</span> <span class='ocrx_word' id='word_1_67' title='bbox 1015 935 1122 974; x_wconf 89' lang='lat' dir='ltr'><strong>laudi</strong></span> <span class='ocrx_word' id='word_1_68' title='bbox 1140 936 1181 974; x_wconf 90' lang='lat' dir='ltr'><strong>id</strong></span> 
     </span>
     <span class='ocr_line' id='line_1_13' title="bbox 363 987 1182 1039; baseline 0.002 -13"><span class='ocrx_word' id='word_1_69' title='bbox 363 988 532 1034; x_wconf 89' lang='lat' dir='ltr'><strong>ducitur,</strong></span> <span class='ocrx_word' id='word_1_70' title='bbox 550 988 666 1028; x_wconf 85' lang='lat' dir='ltr'><strong>Praef.</strong></span> <span class='ocrx_word' id='word_1_71' title='bbox 693 988 846 1027; x_wconf 89' lang='lat' dir='ltr'><strong>laudem</strong></span> <span class='ocrx_word' id='word_1_72' title='bbox 859 987 1095 1039; x_wconf 88' lang='lat' dir='ltr'><strong>praecipuam</strong></span> <span class='ocrx_word' id='word_1_73' title='bbox 1114 990 1182 1028; x_wconf 86' lang='lat' dir='ltr'><strong>ha-</strong></span> 
     </span>
    </p>

    <p class='ocr_par' dir='ltr' id='par_1_5' title="bbox 312 1040 1184 1411">
     <span class='ocr_line' id='line_1_14' title="bbox 312 1040 1182 1095; baseline 0.002 -16"><span class='ocrx_word' id='word_1_74' title='bbox 312 1083 314 1085; x_wconf 50' lang='lat'><strong>,</strong></span> <span class='ocrx_word' id='word_1_75' title='bbox 367 1041 457 1079; x_wconf 90' lang='lat' dir='ltr'><strong>bere</strong></span> <span class='ocrx_word' id='word_1_76' title='bbox 487 1040 731 1093; x_wconf 65' lang='lat' dir='ltr'><strong>amplissimae</strong></span> <span class='ocrx_word' id='word_1_77' title='bbox 760 1042 930 1091; x_wconf 87' lang='lat' dir='ltr'><strong>corporis</strong></span> <span class='ocrx_word' id='word_1_78' title='bbox 959 1041 1091 1080; x_wconf 64' lang='lat' dir='ltr'><strong>formae</strong></span> <span class='ocrx_word' id='word_1_79' title='bbox 1109 1043 1182 1095; x_wconf 92' lang='lat' dir='ltr'><strong>(ob</strong></span> 
     </span>
     <span class='ocr_line' id='line_1_15' title="bbox 365 1093 1182 1156; baseline 0.002 -25"><span class='ocrx_word' id='word_1_80' title='bbox 365 1094 536 1145; x_wconf 85' lang='lat' dir='ltr'><strong>ampliss.</strong></span> <span class='ocrx_word' id='word_1_81' title='bbox 582 1107 688 1146; x_wconf 90' lang='lat' dir='ltr'><strong>corp.</strong></span> <span class='ocrx_word' id='word_1_82' title='bbox 733 1093 894 1132; x_wconf 82' lang='lat' dir='ltr'><strong>sormam</strong></span> <span class='ocrx_word' id='word_1_83' title='bbox 939 1095 1182 1156; x_wconf 75' lang='lat' dir='ltr'><strong>potissimum</strong></span> 
     </span>
     <span class='ocr_line' id='line_1_16' title="bbox 365 1146 1182 1199; baseline 0.002 -15"><span class='ocrx_word' id='word_1_84' title='bbox 365 1146 535 1199; x_wconf 85' lang='lat' dir='ltr'><strong>laudari)</strong></span> <span class='ocrx_word' id='word_1_85' title='bbox 562 1147 640 1193; x_wconf 83' lang='lat' dir='ltr'><strong>xxi,</strong></span> <span class='ocrx_word' id='word_1_86' title='bbox 661 1151 681 1186; x_wconf 94' lang='grc'><strong>1</strong></span> <span class='ocrx_word' id='word_1_87' title='bbox 730 1146 847 1185; x_wconf 92' lang='lat' dir='ltr'><strong>laude</strong></span> <span class='ocrx_word' id='word_1_88' title='bbox 879 1148 1077 1199; x_wconf 86' lang='lat' dir='ltr'><strong>praecipua</strong></span> <span class='ocrx_word' id='word_1_89' title='bbox 1094 1148 1182 1188; x_wconf 84' lang='lat' dir='ltr'><strong>ferri</strong></span> 
     </span>
     <span class='ocr_line' id='line_1_17' title="bbox 363 1199 1184 1253; baseline 0.004 -17"><span class='ocrx_word' id='word_1_90' title='bbox 363 1213 451 1244; x_wconf 79' lang='lat' dir='ltr'><strong>xxv,</strong></span> <span class='ocrx_word' id='word_1_91' title='bbox 467 1204 519 1240; x_wconf 83' lang='grc'><strong>10</strong></span> <span class='ocrx_word' id='word_1_92' title='bbox 545 1200 586 1238; x_wconf 90' lang='lat' dir='ltr'><strong>in</strong></span> <span class='ocrx_word' id='word_1_93' title='bbox 601 1212 749 1238; x_wconf 86' lang='lat' dir='ltr'><strong>summa</strong></span> <span class='ocrx_word' id='word_1_94' title='bbox 763 1199 879 1239; x_wconf 88' lang='lat' dir='ltr'><strong>laude</strong></span> <span class='ocrx_word' id='word_1_95' title='bbox 894 1213 978 1239; x_wconf 84' lang='lat' dir='ltr'><strong>esse</strong></span> <span class='ocrx_word' id='word_1_96' title='bbox 995 1200 1184 1253; x_wconf 85' lang='lat' dir='ltr'><strong>(laudari)</strong></span> 
     </span>
     <span class='ocr_line' id='line_1_18' title="bbox 362 1252 1182 1305; baseline 0.005 -16"><span class='ocrx_word' id='word_1_97' title='bbox 362 1252 415 1298; x_wconf 84' lang='lat' dir='ltr'><strong>xi,</strong></span> <span class='ocrx_word' id='word_1_98' title='bbox 433 1256 461 1293; x_wconf 84' lang='lat'>2</span> <span class='ocrx_word' id='word_1_99' title='bbox 505 1253 654 1305; x_wconf 85' lang='lat' dir='ltr'><strong>magnis</strong></span> <span class='ocrx_word' id='word_1_100' title='bbox 671 1253 712 1291; x_wconf 90' lang='lat' dir='ltr'><strong>in</strong></span> <span class='ocrx_word' id='word_1_101' title='bbox 732 1253 909 1292; x_wconf 79' lang='lat' dir='ltr'><strong>laudibus</strong></span> <span class='ocrx_word' id='word_1_102' title='bbox 924 1259 984 1292; x_wconf 85' lang='lat' dir='ltr'><strong>est</strong></span> <span class='ocrx_word' id='word_1_103' title='bbox 1001 1253 1182 1305; x_wconf 81' lang='lat' dir='ltr'><strong>(variatio</strong></span> 
     </span>
     <span class='ocr_line' id='line_1_19' title="bbox 363 1304 1184 1358; baseline 0.002 -14"><span class='ocrx_word' id='word_1_104' title='bbox 363 1304 467 1357; x_wconf 89' lang='lat' dir='ltr'><strong>ejus,</strong></span> <span class='ocrx_word' id='word_1_105' title='bbox 486 1308 592 1358; x_wconf 92' lang='lat' dir='ltr'><strong>quod</strong></span> <span class='ocrx_word' id='word_1_106' title='bbox 612 1307 729 1344; x_wconf 92' lang='lat' dir='ltr'><strong>modo</strong></span> <span class='ocrx_word' id='word_1_107' title='bbox 759 1306 906 1344; x_wconf 89' lang='lat' dir='ltr'><strong>dictum</strong></span> <span class='ocrx_word' id='word_1_108' title='bbox 937 1312 1061 1345; x_wconf 89' lang='lat' dir='ltr'><strong>erat‘</strong></span> <span class='ocrx_word' id='word_1_109' title='bbox 1077 1307 1184 1348; x_wconf 81' lang='lat' dir='ltr'><strong>laudi</strong></span> 
     </span>
     <span class='ocr_line' id='line_1_20' title="bbox 363 1358 1182 1411; baseline 0.002 -15"><span class='ocrx_word' id='word_1_110' title='bbox 363 1358 566 1411; x_wconf 46' lang='lat' dir='ltr'><strong>duciturffi)</strong></span> <span class='ocrx_word' id='word_1_111' title='bbox 589 1358 704 1398; x_wconf 83' lang='lat' dir='ltr'><strong>Praef.</strong></span> <span class='ocrx_word' id='word_1_112' title='bbox 736 1358 918 1398; x_wconf 85' lang='lat' dir='ltr'><strong>laudibus</strong></span> <span class='ocrx_word' id='word_1_113' title='bbox 951 1360 1087 1399; x_wconf 85' lang='lat' dir='ltr'><strong>efferre</strong></span> <span class='ocrx_word' id='word_1_114' title='bbox 1115 1359 1182 1407; x_wconf 85' lang='lat' dir='ltr'><strong>vii,</strong></span> 
     </span>
    </p>

    <p class='ocr_par' dir='ltr' id='par_1_6' title="bbox 309 1464 1183 1571">
     <span class='ocr_line' id='line_1_21' title="bbox 309 1464 1183 1518; baseline 0.001 -15"><span class='ocrx_word' id='word_1_115' title='bbox 309 1465 456 1504; x_wconf 88' lang='lat' dir='ltr'><strong>Lautus</strong></span> <span class='ocrx_word' id='word_1_116' title='bbox 472 1464 603 1517; x_wconf 86' lang='lat' dir='ltr'><strong>Eques</strong></span> <span class='ocrx_word' id='word_1_117' title='bbox 618 1464 734 1505; x_wconf 88' lang='lat' dir='ltr'><strong>Rom.</strong></span> <span class='ocrx_word' id='word_1_118' title='bbox 763 1479 850 1512; x_wconf 77' lang='lat' dir='ltr'><strong>xxV,</strong></span> <span class='ocrx_word' id='word_1_119' title='bbox 868 1469 918 1506; x_wconf 85' lang='grc'><strong>13</strong></span> <span class='ocrx_word' id='word_1_120' title='bbox 946 1464 1036 1518; x_wconf 92' lang='lat' dir='ltr'><strong>(pro</strong></span> <span class='ocrx_word' id='word_1_121' title='bbox 1050 1464 1183 1504; x_wconf 87' lang='lat' dir='ltr'><strong>divite</strong></span> 
     </span>
     <span class='ocr_line' id='line_1_22' title="bbox 365 1517 766 1571; baseline 0 -14"><span class='ocrx_word' id='word_1_122' title='bbox 365 1531 400 1557; x_wconf 89' lang='lat' dir='ltr'><strong>v.</strong></span> <span class='ocrx_word' id='word_1_123' title='bbox 420 1517 503 1558; x_wconf 86' lang='lat' dir='ltr'><strong>Gif.</strong></span> <span class='ocrx_word' id='word_1_124' title='bbox 530 1520 611 1558; x_wconf 88' lang='lat' dir='ltr'><strong>obs.</strong></span> <span class='ocrx_word' id='word_1_125' title='bbox 631 1519 677 1557; x_wconf 92' lang='lat' dir='ltr'><strong>L.</strong></span> <span class='ocrx_word' id='word_1_126' title='bbox 696 1518 766 1571; x_wconf 86' lang='lat' dir='ltr'><strong>L.)</strong></span> 
     </span>
    </p>

    <p class='ocr_par' dir='ltr' id='par_1_7' title="bbox 308 1570 1185 1676">
     <span class='ocr_line' id='line_1_23' title="bbox 308 1570 1185 1624; baseline 0.001 -14"><span class='ocrx_word' id='word_1_127' title='bbox 308 1571 435 1610; x_wconf 87' lang='lat' dir='ltr'><strong>Laute</strong></span> <span class='ocrx_word' id='word_1_128' title='bbox 460 1572 590 1611; x_wconf 86' lang='lat' dir='ltr'><strong>vivere</strong></span> <span class='ocrx_word' id='word_1_129' title='bbox 617 1571 859 1624; x_wconf 88' lang='lat' dir='ltr'><strong>(splendide,</strong></span> <span class='ocrx_word' id='word_1_130' title='bbox 891 1570 1084 1611; x_wconf 81' lang='lat' dir='ltr'><strong>liberalius</strong></span> <span class='ocrx_word' id='word_1_131' title='bbox 1111 1572 1185 1611; x_wconf 86' lang='lat' dir='ltr'><strong>sibi</strong></span> 
     </span>
     <span class='ocr_line' id='line_1_24' title="bbox 361 1623 721 1676; baseline 0.006 -14"><span class='ocrx_word' id='word_1_132' title='bbox 361 1623 583 1676; x_wconf 85' lang='lat' dir='ltr'><strong>indulgere)</strong></span> <span class='ocrx_word' id='word_1_133' title='bbox 610 1625 678 1671; x_wconf 85' lang='lat' dir='ltr'><strong>xii,</strong></span> <span class='ocrx_word' id='word_1_134' title='bbox 696 1628 721 1664; x_wconf 84' lang='grc'><strong>3</strong></span> 
     </span>
    </p>

    <p class='ocr_par' dir='ltr' id='par_1_8' title="bbox 309 1644 1185 1782">
     <span class='ocr_line' id='line_1_25' title="bbox 309 1644 1185 1731; baseline 0.001 -16"><span class='ocrx_word' id='word_1_135' title='bbox 309 1677 456 1716; x_wconf 79' lang='lat' dir='ltr'><strong>Laxare</strong></span> <span class='ocrx_word' id='word_1_136' title='bbox 485 1677 640 1716; x_wconf 89' lang='lat' dir='ltr'><strong>vincula</strong></span> <span class='ocrx_word' id='word_1_137' title='bbox 671 1677 845 1728; x_wconf 86' lang='lat' dir='ltr'><strong>epistolae</strong></span> <span class='ocrx_word' id='word_1_138' title='bbox 889 1676 944 1723; x_wconf 87' lang='lat' dir='ltr'><strong>iv,</strong></span> <span class='ocrx_word' id='word_1_139' title='bbox 961 1680 988 1716; x_wconf 93' lang='grc'>4</span> <span class='ocrx_word' id='word_1_140' title='bbox 1026 1644 1185 1731; x_wconf 80' lang='lat' dir='ltr'><strong>(Quan-</strong></span> 
     </span>
     <span class='ocr_line' id='line_1_26' title="bbox 361 1729 1026 1782; baseline 0 -14"><span class='ocrx_word' id='word_1_141' title='bbox 361 1742 479 1781; x_wconf 85' lang='lat' dir='ltr'><strong>quam</strong></span> <span class='ocrx_word' id='word_1_142' title='bbox 497 1743 569 1769; x_wconf 90' lang='lat' dir='ltr'><strong>nos</strong></span> <span class='ocrx_word' id='word_1_143' title='bbox 586 1730 809 1769; x_wconf 84' lang='lat' dir='ltr'><strong>edidimus‘</strong></span> <span class='ocrx_word' id='word_1_144' title='bbox 825 1729 1003 1768; x_wconf 88' lang='lat' dir='ltr'><strong>lacerare’</strong></span> <span class='ocrx_word' id='word_1_145' title='bbox 1007 1729 1026 1782; x_wconf 91' lang='lat'>)</span> 
     </span>
    </p>

    <p class='ocr_par' dir='ltr' id='par_1_9' title="bbox 309 1782 1187 2103">
     <span class='ocr_line' id='line_1_27' title="bbox 309 1782 1186 1845; baseline -0.001 -22"><span class='ocrx_word' id='word_1_146' title='bbox 309 1783 469 1823; x_wconf 77' lang='lat' dir='ltr'><strong>Lectica</strong></span> <span class='ocrx_word' id='word_1_147' title='bbox 498 1783 618 1823; x_wconf 81' lang='lat' dir='ltr'><strong>fertur</strong></span> <span class='ocrx_word' id='word_1_148' title='bbox 629 1789 815 1845; x_wconf 86' lang='lat' dir='ltr'><strong>aegrotus</strong></span> <span class='ocrx_word' id='word_1_149' title='bbox 849 1782 1050 1822; x_wconf 78' lang='lat' dir='ltr'><strong>Hannibal</strong></span> <span class='ocrx_word' id='word_1_150' title='bbox 1082 1782 1186 1834; x_wconf 88' lang='lat' dir='ltr'><strong>(scil.</strong></span> 
     </span>
     <span class='ocr_line' id='line_1_28' title="bbox 362 1835 1187 1889; baseline 0 -15"><span class='ocrx_word' id='word_1_151' title='bbox 362 1835 537 1889; x_wconf 90' lang='lat' dir='ltr'><strong>militari)</strong></span> <span class='ocrx_word' id='word_1_152' title='bbox 564 1836 671 1884; x_wconf 86' lang='lat' dir='ltr'><strong>xxiii,</strong></span> <span class='ocrx_word' id='word_1_153' title='bbox 689 1840 715 1876; x_wconf 84' lang='lat'>4</span> <span class='ocrx_word' id='word_1_154' title='bbox 745 1836 924 1875; x_wconf 89' lang='lat' dir='ltr'><strong>lecticula</strong></span> <span class='ocrx_word' id='word_1_155' title='bbox 938 1837 1062 1876; x_wconf 90' lang='lat' dir='ltr'><strong>elatus</strong></span> <span class='ocrx_word' id='word_1_156' title='bbox 1079 1837 1187 1875; x_wconf 87' lang='lat' dir='ltr'><strong>Atti-</strong></span> 
     </span>
     <span class='ocr_line' id='line_1_29' title="bbox 361 1888 1187 1941; baseline 0.004 -14"><span class='ocrx_word' id='word_1_157' title='bbox 361 1902 430 1928; x_wconf 89' lang='lat' dir='ltr'><strong>cus</strong></span> <span class='ocrx_word' id='word_1_158' title='bbox 470 1903 558 1936; x_wconf 89' lang='lat' dir='ltr'><strong>xxv,</strong></span> <span class='ocrx_word' id='word_1_159' title='bbox 573 1893 627 1930; x_wconf 81' lang='lat'><strong>22</strong></span> <span class='ocrx_word' id='word_1_160' title='bbox 671 1890 745 1941; x_wconf 90' lang='lat' dir='ltr'><strong>(sc.</strong></span> <span class='ocrx_word' id='word_1_161' title='bbox 770 1889 936 1936; x_wconf 81' lang='lat' dir='ltr'><strong>funebri,</strong></span> <span class='ocrx_word' id='word_1_162' title='bbox 965 1902 1054 1941; x_wconf 82' lang='lat' dir='ltr'><strong>quae</strong></span> <span class='ocrx_word' id='word_1_163' title='bbox 1081 1888 1187 1941; x_wconf 71' lang='grc' dir='ltr'>λέχη</span> 
     </span>
     <span class='ocr_line' id='line_1_30' title="bbox 362 1941 1186 1992; baseline 0.002 -12"><span class='ocrx_word' id='word_1_164' title='bbox 362 1941 537 1992; x_wconf 79' lang='lat' dir='ltr'><strong>Graecis,</strong></span> <span class='ocrx_word' id='word_1_165' title='bbox 526 1957 535 1965; x_wconf 95' lang='lat'><strong>·</strong></span> <span class='ocrx_word' id='word_1_166' title='bbox 560 1956 608 1982; x_wconf 86' lang='lat' dir='ltr'><strong>ea</strong></span> <span class='ocrx_word' id='word_1_167' title='bbox 625 1942 831 1982; x_wconf 87' lang='lat' dir='ltr'><strong>nobiliores</strong></span> <span class='ocrx_word' id='word_1_168' title='bbox 849 1949 890 1982; x_wconf 91' lang='lat' dir='ltr'><strong>et</strong></span> <span class='ocrx_word' id='word_1_169' title='bbox 916 1943 1074 1982; x_wconf 87' lang='lat' dir='ltr'><strong>ditiores</strong></span> <span class='ocrx_word' id='word_1_170' title='bbox 1092 1958 1102 1980; x_wconf 73' lang='grc' dir='ltr'><strong>ι</strong></span> <span class='ocrx_word' id='word_1_171' title='bbox 1122 1957 1186 1983; x_wconf 90' lang='lat' dir='ltr'><strong>ce-</strong></span> 
     </span>
     <span class='ocr_line' id='line_1_31' title="bbox 362 1995 1188 2048; baseline 0.004 -15"><span class='ocrx_word' id='word_1_172' title='bbox 362 1997 435 2034; x_wconf 86' lang='lat' dir='ltr'><strong>teri</strong></span> <span class='ocrx_word' id='word_1_173' title='bbox 451 1996 654 2048; x_wconf 82' lang='lat' dir='ltr'><strong>sandapila</strong></span> <span class='ocrx_word' id='word_1_174' title='bbox 674 1995 944 2035; x_wconf 85' lang='lat' dir='ltr'><strong>efferebantur.</strong></span> <span class='ocrx_word' id='word_1_175' title='bbox 991 2010 1026 2036; x_wconf 90' lang='lat' dir='ltr'><strong>v.</strong></span> <span class='ocrx_word' id='word_1_176' title='bbox 1046 1996 1188 2036; x_wconf 88' lang='lat' dir='ltr'><strong>Kireh-</strong></span> 
     </span>
     <span class='ocr_line' id='line_1_32' title="bbox 360 2049 961 2103; baseline 0.002 -16"><span class='ocrx_word' id='word_1_177' title='bbox 360 2062 463 2088; x_wconf 88' lang='lat' dir='ltr'><strong>man.</strong></span> <span class='ocrx_word' id='word_1_178' title='bbox 481 2050 532 2088; x_wconf 89' lang='lat' dir='ltr'><strong>de</strong></span> <span class='ocrx_word' id='word_1_179' title='bbox 550 2049 649 2088; x_wconf 89' lang='lat' dir='ltr'><strong>Fun.</strong></span> <span class='ocrx_word' id='word_1_180' title='bbox 676 2049 719 2096; x_wconf 91' lang='lat' dir='ltr'><strong>ii,</strong></span> <span class='ocrx_word' id='word_1_181' title='bbox 734 2053 775 2089; x_wconf 88' lang='grc'><strong>9.</strong></span> <span class='ocrx_word' id='word_1_182' title='bbox 803 2049 961 2103; x_wconf 88' lang='lat' dir='ltr'><strong>Boecl.)</strong></span> 
     </span>
    </p>

    <p class='ocr_par' dir='ltr' id='par_1_10' title="bbox 310 2101 740 2154">
     <span class='ocr_line' id='line_1_33' title="bbox 310 2101 740 2154; baseline 0.007 -14"><span class='ocrx_word' id='word_1_183' title='bbox 310 2101 458 2154; x_wconf 87' lang='lat' dir='ltr'><strong>Legere</strong></span> <span class='ocrx_word' id='word_1_184' title='bbox 476 2102 617 2142; x_wconf 77' lang='lat' dir='ltr'><strong>milites</strong></span> <span class='ocrx_word' id='word_1_185' title='bbox 645 2103 698 2149; x_wconf 86' lang='lat' dir='ltr'><strong>iv,</strong></span> <span class='ocrx_word' id='word_1_186' title='bbox 721 2107 740 2143; x_wconf 89' lang='grc'><strong>1</strong></span> 
     </span>
    </p>

    <p class='ocr_par' dir='ltr' id='par_1_11' title="bbox 311 2154 1188 2259">
     <span class='ocr_line' id='line_1_34' title="bbox 311 2154 1188 2208; baseline 0.003 -15"><span class='ocrx_word' id='word_1_187' title='bbox 311 2154 472 2194; x_wconf 82' lang='lat' dir='ltr'><strong>Lectio.</strong></span> <span class='ocrx_word' id='word_1_188' title='bbox 501 2169 700 2208; x_wconf 85' lang='lat' dir='ltr'><strong>nunquam</strong></span> <span class='ocrx_word' id='word_1_189' title='bbox 737 2156 820 2195; x_wconf 86' lang='lat' dir='ltr'><strong>sine</strong></span> <span class='ocrx_word' id='word_1_190' title='bbox 854 2156 985 2208; x_wconf 88' lang='lat' dir='ltr'><strong>aliqua</strong></span> <span class='ocrx_word' id='word_1_191' title='bbox 1021 2157 1188 2196; x_wconf 88' lang='lat' dir='ltr'><strong>lectione</strong></span> 
     </span>
     <span class='ocr_line' id='line_1_35' title="bbox 363 2210 1050 2259; baseline 0.006 -13"><span class='ocrx_word' id='word_1_192' title='bbox 363 2210 468 2259; x_wconf 90' lang='lat' dir='ltr'><strong>apud</strong></span> <span class='ocrx_word' id='word_1_193' title='bbox 483 2222 571 2248; x_wconf 85' lang='lat' dir='ltr'><strong>eum</strong></span> <span class='ocrx_word' id='word_1_194' title='bbox 591 2215 784 2248; x_wconf 83' lang='lat' dir='ltr'><strong>coenatum</strong></span> <span class='ocrx_word' id='word_1_195' title='bbox 803 2215 863 2248; x_wconf 84' lang='lat' dir='ltr'><strong>est</strong></span> <span class='ocrx_word' id='word_1_196' title='bbox 889 2223 977 2256; x_wconf 83' lang='lat' dir='ltr'><strong>xxv,</strong></span> <span class='ocrx_word' id='word_1_197' title='bbox 999 2214 1050 2250; x_wconf 84' lang='grc'><strong>14</strong></span> 
     </span>
    </p>

    <p class='ocr_par' dir='ltr' id='par_1_12' title="bbox 304 2259 1183 2418">
     <span class='ocr_line' id='line_1_36' title="bbox 304 2259 1183 2324; baseline 0.003 -25"><span class='ocrx_word' id='word_1_198' title='bbox 304 2259 481 2312; x_wconf 27' lang='grc' dir='ltr'>,Ιιεοιοιίε</span> <span class='ocrx_word' id='word_1_199' title='bbox 513 2263 669 2300; x_wconf 81' lang='lat' dir='ltr'><strong>satietas</strong></span> <span class='ocrx_word' id='word_1_200' title='bbox 712 2268 753 2301; x_wconf 88' lang='lat' dir='ltr'><strong>et</strong></span> <span class='ocrx_word' id='word_1_201' title='bbox 791 2263 1008 2324; x_wconf 83' lang='lat' dir='ltr'><strong>ignorantia</strong></span> <span class='ocrx_word' id='word_1_202' title='bbox 1047 2263 1124 2308; x_wconf 85' lang='lat' dir='ltr'><strong>xvi,</strong></span> <span class='ocrx_word' id='word_1_203' title='bbox 1162 2267 1183 2302; x_wconf 95' lang='lat' dir='ltr'><strong>l</strong></span> 
     </span>
     <span class='ocr_line' id='line_1_37' title="bbox 360 2313 1185 2365; baseline 0.001 -12"><span class='ocrx_word' id='word_1_204' title='bbox 360 2314 545 2365; x_wconf 89' lang='lat' dir='ltr'><strong>(quarum</strong></span> <span class='ocrx_word' id='word_1_205' title='bbox 562 2316 646 2354; x_wconf 85' lang='lat' dir='ltr'><strong>haec</strong></span> <span class='ocrx_word' id='word_1_206' title='bbox 663 2313 747 2353; x_wconf 86' lang='lat' dir='ltr'><strong>scil.</strong></span> <span class='ocrx_word' id='word_1_207' title='bbox 775 2329 823 2354; x_wconf 87' lang='lat' dir='ltr'><strong>ex</strong></span> <span class='ocrx_word' id='word_1_208' title='bbox 847 2315 966 2353; x_wconf 87' lang='lat' dir='ltr'><strong>nimia</strong></span> <span class='ocrx_word' id='word_1_209' title='bbox 984 2316 1185 2361; x_wconf 87' lang='lat' dir='ltr'><strong>brevitate,</strong></span> 
     </span>
     <span class='ocr_line' id='line_1_38' title="bbox 361 2366 957 2418; baseline 0.005 -15"><span class='ocrx_word' id='word_1_210' title='bbox 361 2366 429 2405; x_wconf 81' lang='lat' dir='ltr'><strong>illa</strong></span> <span class='ocrx_word' id='word_1_211' title='bbox 443 2380 491 2406; x_wconf 86' lang='lat' dir='ltr'><strong>ex</strong></span> <span class='ocrx_word' id='word_1_212' title='bbox 510 2366 773 2406; x_wconf 89' lang='lat' dir='ltr'><strong>multitudine.</strong></span> <span class='ocrx_word' id='word_1_213' title='bbox 800 2367 936 2406; x_wconf 87' lang='lat' dir='ltr'><strong>Boecl.</strong></span> <span class='ocrx_word' id='word_1_214' title='bbox 940 2366 957 2418; x_wconf 92' lang='lat'>)</span> 
     </span>
    </p>

    <p class='ocr_par' dir='ltr' id='par_1_13' title="bbox 307 2418 1188 3590">
     <span class='ocr_line' id='line_1_39' title="bbox 307 2418 1187 2471; baseline 0.001 -14"><span class='ocrx_word' id='word_1_215' title='bbox 307 2418 493 2471; x_wconf 82' lang='lat' dir='ltr'><strong>Legatus,</strong></span> <span class='ocrx_word' id='word_1_216' title='bbox 523 2419 592 2471; x_wconf 88' lang='lat' dir='ltr'><strong>qui</strong></span> <span class='ocrx_word' id='word_1_217' title='bbox 623 2419 849 2471; x_wconf 85' lang='lat' dir='ltr'><strong>eloquentia</strong></span> <span class='ocrx_word' id='word_1_218' title='bbox 877 2432 1011 2459; x_wconf 88' lang='lat' dir='ltr'><strong>omnes</strong></span> <span class='ocrx_word' id='word_1_219' title='bbox 1029 2425 1187 2471; x_wconf 80' lang='lat' dir='ltr'><strong>praestat</strong></span> 
     </span>
     <span class='ocr_line' id='line_1_40' title="bbox 360 2472 1186 2536; baseline 0.004 -26"><span class='ocrx_word' id='word_1_220' title='bbox 360 2487 425 2520; x_wconf 85' lang='lat' dir='ltr'><strong>xv,</strong></span> <span class='ocrx_word' id='word_1_221' title='bbox 433 2476 461 2513; x_wconf 88' lang='lat'><strong>6</strong></span> <span class='ocrx_word' id='word_1_222' title='bbox 491 2472 659 2536; x_wconf 82' lang='lat' dir='ltr'><strong>Legatus</strong></span> <span class='ocrx_word' id='word_1_223' title='bbox 677 2473 850 2526; x_wconf 86' lang='lat' dir='ltr'><strong>(ductor,</strong></span> <span class='ocrx_word' id='word_1_224' title='bbox 866 2486 903 2511; x_wconf 89' lang='lat' dir='ltr'><strong>v.</strong></span> <span class='ocrx_word' id='word_1_225' title='bbox 918 2473 1114 2524; x_wconf 85' lang='lat' dir='ltr'><strong>Ductor):</strong></span> <span class='ocrx_word' id='word_1_226' title='bbox 1131 2474 1186 2513; x_wconf 89' lang='lat' dir='ltr'><strong>le-</strong></span> 
     </span>
     <span class='ocr_line' id='line_1_41' title="bbox 361 2526 1185 2586; baseline 0.004 -22"><span class='ocrx_word' id='word_1_227' title='bbox 361 2533 474 2578; x_wconf 86' lang='lat' dir='ltr'><strong>gatus</strong></span> <span class='ocrx_word' id='word_1_228' title='bbox 499 2526 541 2565; x_wconf 89' lang='lat' dir='ltr'><strong>in</strong></span> <span class='ocrx_word' id='word_1_229' title='bbox 572 2526 708 2566; x_wconf 82' lang='lat' dir='ltr'><strong>Persas</strong></span> <span class='ocrx_word' id='word_1_230' title='bbox 734 2531 795 2565; x_wconf 90' lang='lat' dir='ltr'><strong>est</strong></span> <span class='ocrx_word' id='word_1_231' title='bbox 829 2527 1025 2586; x_wconf 83' lang='lat' dir='ltr'><strong>profectus</strong></span> <span class='ocrx_word' id='word_1_232' title='bbox 1067 2527 1145 2574; x_wconf 81' lang='lat' dir='ltr'><strong>xvi,</strong></span> <span class='ocrx_word' id='word_1_233' title='bbox 1159 2530 1185 2567; x_wconf 88' lang='lat'>4</span> 
     </span>
     <span class='ocr_line' id='line_1_42' title="bbox 360 2578 1186 2633; baseline 0.002 -16"><span class='ocrx_word' id='word_1_234' title='bbox 360 2579 511 2632; x_wconf 86' lang='lat' dir='ltr'><strong>legatus</strong></span> <span class='ocrx_word' id='word_1_235' title='bbox 545 2578 617 2633; x_wconf 91' lang='lat' dir='ltr'><strong>(de</strong></span> <span class='ocrx_word' id='word_1_236' title='bbox 646 2578 793 2618; x_wconf 87' lang='lat' dir='ltr'><strong>assecla</strong></span> <span class='ocrx_word' id='word_1_237' title='bbox 823 2578 1017 2632; x_wconf 86' lang='lat' dir='ltr'><strong>praetoris)</strong></span> <span class='ocrx_word' id='word_1_238' title='bbox 1050 2593 1140 2627; x_wconf 82' lang='lat' dir='ltr'><strong>xxv,</strong></span> <span class='ocrx_word' id='word_1_239' title='bbox 1159 2584 1186 2620; x_wconf 88' lang='lat'><strong>6</strong></span> 
     </span>
     <span class='ocr_line' id='line_1_43' title="bbox 361 2632 1188 2686; baseline 0 -15"><span class='ocrx_word' id='word_1_240' title='bbox 361 2632 419 2686; x_wconf 79' lang='lat' dir='ltr'><strong>(v.</strong></span> <span class='ocrx_word' id='word_1_241' title='bbox 451 2632 627 2673; x_wconf 88' lang='lat' dir='ltr'><strong>Assecla.</strong></span> <span class='ocrx_word' id='word_1_242' title='bbox 657 2633 759 2671; x_wconf 92' lang='lat' dir='ltr'><strong>adde</strong></span> <span class='ocrx_word' id='word_1_243' title='bbox 781 2632 914 2685; x_wconf 85' lang='lat' dir='ltr'><strong>Sigon.</strong></span> <span class='ocrx_word' id='word_1_244' title='bbox 934 2634 986 2672; x_wconf 90' lang='lat' dir='ltr'><strong>de</strong></span> <span class='ocrx_word' id='word_1_245' title='bbox 1004 2639 1084 2671; x_wconf 88' lang='lat' dir='ltr'><strong>ant.</strong></span> <span class='ocrx_word' id='word_1_246' title='bbox 1107 2633 1188 2685; x_wconf 91' lang='lat' dir='ltr'><strong>jur.</strong></span> 
     </span>
     <span class='ocr_line' id='line_1_44' title="bbox 359 2685 1187 2747; baseline 0.001 -23"><span class='ocrx_word' id='word_1_247' title='bbox 359 2687 534 2738; x_wconf 82' lang='lat' dir='ltr'><strong>provinc.</strong></span> <span class='ocrx_word' id='word_1_248' title='bbox 562 2686 605 2732; x_wconf 89' lang='lat' dir='ltr'><strong>ii,</strong></span> <span class='ocrx_word' id='word_1_249' title='bbox 619 2685 680 2747; x_wconf 82' lang='lat'><strong>2).</strong></span> <span class='ocrx_word' id='word_1_250' title='bbox 709 2686 828 2738; x_wconf 79' lang='lat' dir='ltr'><strong>legati</strong></span> <span class='ocrx_word' id='word_1_251' title='bbox 844 2687 973 2726; x_wconf 88' lang='lat' dir='ltr'><strong>cautio</strong></span> <span class='ocrx_word' id='word_1_252' title='bbox 991 2687 1093 2725; x_wconf 89' lang='lat' dir='ltr'><strong>circa</strong></span> <span class='ocrx_word' id='word_1_253' title='bbox 1105 2700 1187 2725; x_wconf 90' lang='lat' dir='ltr'><strong>mo-</strong></span> 
     </span>
     <span class='ocr_line' id='line_1_45' title="bbox 356 2738 1186 2787; baseline 0.004 -10"><span class='ocrx_word' id='word_1_254' title='bbox 356 2752 440 2779; x_wconf 76' lang='lat' dir='ltr'><strong>rem</strong></span> <span class='ocrx_word' id='word_1_255' title='bbox 467 2753 549 2780; x_wconf 87' lang='lat' dir='ltr'><strong>suae</strong></span> <span class='ocrx_word' id='word_1_256' title='bbox 575 2738 743 2780; x_wconf 84' lang='lat' dir='ltr'><strong>civitatis</strong></span> <span class='ocrx_word' id='word_1_257' title='bbox 773 2740 1054 2779; x_wconf 87' lang='lat' dir='ltr'><strong>observandum</strong></span> <span class='ocrx_word' id='word_1_258' title='bbox 1087 2739 1140 2787; x_wconf 87' lang='lat' dir='ltr'><strong>ix,</strong></span> <span class='ocrx_word' id='word_1_259' title='bbox 1161 2744 1186 2780; x_wconf 89' lang='grc'><strong>3</strong></span> 
     </span>
     <span class='ocr_line' id='line_1_46' title="bbox 359 2769 1186 2845; baseline 0.001 -14"><span class='ocrx_word' id='word_1_260' title='bbox 359 2794 420 2842; x_wconf 86' lang='lat' dir='ltr'><strong>(v.</strong></span> <span class='ocrx_word' id='word_1_261' title='bbox 436 2792 595 2845; x_wconf 88' lang='lat' dir='ltr'><strong>Lamb.)</strong></span> <span class='ocrx_word' id='word_1_262' title='bbox 623 2793 742 2845; x_wconf 86' lang='lat' dir='ltr'><strong>legati</strong></span> <span class='ocrx_word' id='word_1_263' title='bbox 759 2793 907 2832; x_wconf 85' lang='lat' dir='ltr'><strong>Prusiae</strong></span> <span class='ocrx_word' id='word_1_264' title='bbox 921 2792 1062 2832; x_wconf 85' lang='lat' dir='ltr'><strong>Romae</strong></span> <span class='ocrx_word' id='word_1_265' title='bbox 1079 2769 1186 2845; x_wconf 69' lang='lat' dir='ltr'><strong>ap&#39;uid</strong></span> 
     </span>
     <span class='ocr_line' id='line_1_47' title="bbox 360 2846 1187 2893; baseline -0.001 -8"><span class='ocrx_word' id='word_1_266' title='bbox 360 2846 407 2885; x_wconf 79' lang='lat' dir='ltr'><strong>L.</strong></span> <span class='ocrx_word' id='word_1_267' title='bbox 425 2846 505 2893; x_wconf 84' lang='lat' dir='ltr'><strong>Qu.</strong></span> <span class='ocrx_word' id='word_1_268' title='bbox 533 2846 765 2885; x_wconf 87' lang='lat' dir='ltr'><strong>Flaminium</strong></span> <span class='ocrx_word' id='word_1_269' title='bbox 778 2847 872 2886; x_wconf 88' lang='lat' dir='ltr'><strong>Cos.</strong></span> <span class='ocrx_word' id='word_1_270' title='bbox 897 2852 1055 2886; x_wconf 86' lang='lat' dir='ltr'><strong>coenant</strong></span> <span class='ocrx_word' id='word_1_271' title='bbox 1080 2846 1187 2893; x_wconf 84' lang='lat' dir='ltr'><strong>xxiii,</strong></span> 
     </span>
     <span class='ocr_line' id='line_1_48' title="bbox 364 2899 1187 2952; baseline 0 -13"><span class='ocrx_word' id='word_1_272' title='bbox 364 2903 415 2940; x_wconf 85' lang='lat'><strong>12</strong></span> <span class='ocrx_word' id='word_1_273' title='bbox 442 2900 562 2951; x_wconf 88' lang='lat' dir='ltr'><strong>legati</strong></span> <span class='ocrx_word' id='word_1_274' title='bbox 583 2900 920 2952; x_wconf 82' lang='lat' dir='ltr'><strong>Carthaginienses</strong></span> <span class='ocrx_word' id='word_1_275' title='bbox 938 2899 1114 2939; x_wconf 80' lang='lat' dir='ltr'><strong>Romam</strong></span> <span class='ocrx_word' id='word_1_276' title='bbox 1118 2913 1187 2939; x_wconf 91' lang='lat' dir='ltr'><strong>ve-</strong></span> 
     </span>
     <span class='ocr_line' id='line_1_49' title="bbox 359 2952 1187 3005; baseline 0.001 -14"><span class='ocrx_word' id='word_1_277' title='bbox 359 2959 501 2992; x_wconf 89' lang='lat' dir='ltr'><strong>nerunt</strong></span> <span class='ocrx_word' id='word_1_278' title='bbox 521 2953 625 2999; x_wconf 84' lang='lat' dir='ltr'><strong>xxiii,</strong></span> <span class='ocrx_word' id='word_1_279' title='bbox 638 2957 662 2993; x_wconf 89' lang='grc'><strong>7</strong></span> <span class='ocrx_word' id='word_1_280' title='bbox 701 2953 821 3005; x_wconf 81' lang='lat' dir='ltr'><strong>legati</strong></span> <span class='ocrx_word' id='word_1_281' title='bbox 839 2952 1009 2992; x_wconf 88' lang='lat' dir='ltr'><strong>Romani</strong></span> <span class='ocrx_word' id='word_1_282' title='bbox 1024 2953 1187 2994; x_wconf 88' lang='lat' dir='ltr'><strong>Cartha-</strong></span> 
     </span>
     <span class='ocr_line' id='line_1_50' title="bbox 359 3005 1187 3058; baseline 0.001 -14"><span class='ocrx_word' id='word_1_283' title='bbox 359 3006 489 3058; x_wconf 86' lang='lat' dir='ltr'><strong>ginem</strong></span> <span class='ocrx_word' id='word_1_284' title='bbox 506 3012 709 3053; x_wconf 82' lang='lat' dir='ltr'><strong>venerunt,</strong></span> <span class='ocrx_word' id='word_1_285' title='bbox 733 3006 829 3045; x_wconf 88' lang='lat' dir='ltr'><strong>ibid.</strong></span> <span class='ocrx_word' id='word_1_286' title='bbox 860 3006 977 3058; x_wconf 88' lang='lat' dir='ltr'><strong>legati</strong></span> <span class='ocrx_word' id='word_1_287' title='bbox 996 3005 1187 3045; x_wconf 88' lang='lat' dir='ltr'><strong>sociorum</strong></span> 
     </span>
     <span class='ocr_line' id='line_1_51' title="bbox 359 3059 1188 3111; baseline -0.001 -13"><span class='ocrx_word' id='word_1_288' title='bbox 359 3059 531 3098; x_wconf 88' lang='lat' dir='ltr'><strong>omnium</strong></span> <span class='ocrx_word' id='word_1_289' title='bbox 556 3065 822 3099; x_wconf 86' lang='lat' dir='ltr'><strong>convenerunt</strong></span> <span class='ocrx_word' id='word_1_290' title='bbox 846 3073 909 3106; x_wconf 86' lang='lat' dir='ltr'><strong>xv,</strong></span> <span class='ocrx_word' id='word_1_291' title='bbox 924 3063 951 3099; x_wconf 88' lang='lat'><strong>6</strong></span> <span class='ocrx_word' id='word_1_292' title='bbox 978 3059 1095 3111; x_wconf 87' lang='lat' dir='ltr'><strong>legati</strong></span> <span class='ocrx_word' id='word_1_293' title='bbox 1114 3066 1188 3098; x_wconf 86' lang='lat' dir='ltr'><strong>tres</strong></span> 
     </span>
     <span class='ocr_line' id='line_1_52' title="bbox 360 3112 1186 3164; baseline -0.001 -13"><span class='ocrx_word' id='word_1_294' title='bbox 360 3112 537 3152; x_wconf 81' lang='lat' dir='ltr'><strong>Athenas</strong></span> <span class='ocrx_word' id='word_1_295' title='bbox 575 3113 682 3152; x_wconf 87' lang='lat' dir='ltr'><strong>missi</strong></span> <span class='ocrx_word' id='word_1_296' title='bbox 732 3118 823 3151; x_wconf 84' lang='lat' dir='ltr'><strong>sunt</strong></span> <span class='ocrx_word' id='word_1_297' title='bbox 870 3113 914 3159; x_wconf 91' lang='lat' dir='ltr'><strong>ii,</strong></span> <span class='ocrx_word' id='word_1_298' title='bbox 948 3115 972 3152; x_wconf 88' lang='grc'><strong>7</strong></span> <span class='ocrx_word' id='word_1_299' title='bbox 1037 3112 1186 3164; x_wconf 85' lang='lat' dir='ltr'><strong>legatos</strong></span> 
     </span>
     <span class='ocr_line' id='line_1_53' title="bbox 361 3164 1185 3219; baseline 0.001 -15"><span class='ocrx_word' id='word_1_300' title='bbox 361 3165 538 3205; x_wconf 83' lang='lat' dir='ltr'><strong>Athenas</strong></span> <span class='ocrx_word' id='word_1_301' title='bbox 550 3167 734 3206; x_wconf 72' lang='lat' dir='ltr'><strong>miserunt</strong></span> <span class='ocrx_word' id='word_1_302' title='bbox 746 3165 1030 3206; x_wconf 82' lang='lat' dir='ltr'><strong>Lacedaemonii</strong></span> <span class='ocrx_word' id='word_1_303' title='bbox 1046 3164 1122 3219; x_wconf 88' lang='lat' dir='ltr'><strong>(sc.</strong></span> <span class='ocrx_word' id='word_1_304' title='bbox 1135 3166 1185 3205; x_wconf 89' lang='lat' dir='ltr'><strong>de</strong></span> 
     </span>
     <span class='ocr_line' id='line_1_54' title="bbox 362 3218 1186 3271; baseline 0.004 -16"><span class='ocrx_word' id='word_1_305' title='bbox 362 3231 442 3256; x_wconf 92' lang='lat' dir='ltr'><strong>non</strong></span> <span class='ocrx_word' id='word_1_306' title='bbox 460 3220 693 3258; x_wconf 86' lang='lat' dir='ltr'><strong>instruendis</strong></span> <span class='ocrx_word' id='word_1_307' title='bbox 712 3218 886 3270; x_wconf 85' lang='lat' dir='ltr'><strong>muris)</strong></span> <span class='ocrx_word' id='word_1_308' title='bbox 875 3220 920 3265; x_wconf 80' lang='grc' dir='ltr'><strong>ιι,</strong></span> <span class='ocrx_word' id='word_1_309' title='bbox 935 3223 962 3259; x_wconf 85' lang='grc'><strong>6</strong></span> <span class='ocrx_word' id='word_1_310' title='bbox 990 3218 1068 3271; x_wconf 89' lang='lat' dir='ltr'><strong>(sc.</strong></span> <span class='ocrx_word' id='word_1_311' title='bbox 1083 3219 1186 3258; x_wconf 87' lang='lat' dir='ltr'><strong>The·-</strong></span> 
     </span>
     <span class='ocr_line' id='line_1_55' title="bbox 362 3271 1187 3325; baseline 0.002 -16"><span class='ocrx_word' id='word_1_312' title='bbox 362 3271 577 3311; x_wconf 88' lang='lat' dir='ltr'><strong>mistoclem</strong></span> <span class='ocrx_word' id='word_1_313' title='bbox 605 3271 873 3325; x_wconf 88' lang='lat' dir='ltr'><strong>accusatum)</strong></span> <span class='ocrx_word' id='word_1_314' title='bbox 877 3272 920 3319; x_wconf 92' lang='lat' dir='ltr'><strong>ii,</strong></span> <span class='ocrx_word' id='word_1_315' title='bbox 939 3275 964 3312; x_wconf 89' lang='lat'>8</span> <span class='ocrx_word' id='word_1_316' title='bbox 996 3272 1187 3312; x_wconf 85' lang='lat' dir='ltr'><strong>antistites</strong></span> 
     </span>
     <span class='ocr_line' id='line_1_56' title="bbox 364 3323 1187 3376; baseline 0 -12"><span class='ocrx_word' id='word_1_317' title='bbox 364 3323 474 3364; x_wconf 79' lang='lat' dir='ltr'><strong>Jovis</strong></span> <span class='ocrx_word' id='word_1_318' title='bbox 508 3325 656 3376; x_wconf 85' lang='lat' dir='ltr'><strong>legatos</strong></span> <span class='ocrx_word' id='word_1_319' title='bbox 690 3326 973 3368; x_wconf 67' lang='lat' dir='ltr'><strong>Lacedaemona</strong></span> <span class='ocrx_word' id='word_1_320' title='bbox 1002 3326 1187 3371; x_wconf 83' lang='lat' dir='ltr'><strong>miserunt</strong></span> 
     </span>
     <span class='ocr_line' id='line_1_57' title="bbox 362 3375 1188 3432; baseline 0.004 -17"><span class='ocrx_word' id='word_1_321' title='bbox 362 3375 438 3430; x_wconf 87' lang='lat' dir='ltr'><strong>(sc.</strong></span> <span class='ocrx_word' id='word_1_322' title='bbox 453 3377 696 3429; x_wconf 88' lang='lat' dir='ltr'><strong>Lysandrum</strong></span> <span class='ocrx_word' id='word_1_323' title='bbox 711 3379 954 3432; x_wconf 87' lang='lat' dir='ltr'><strong>accusatum)</strong></span> <span class='ocrx_word' id='word_1_324' title='bbox 970 3379 1023 3426; x_wconf 83' lang='lat' dir='ltr'><strong>vi,</strong></span> <span class='ocrx_word' id='word_1_325' title='bbox 1037 3382 1062 3420; x_wconf 83' lang='grc'><strong>3</strong></span> <span class='ocrx_word' id='word_1_326' title='bbox 1082 3380 1188 3431; x_wconf 85' lang='lat' dir='ltr'><strong>lega·</strong></span> 
     </span>
     <span class='ocr_line' id='line_1_58' title="bbox 364 3432 1185 3484; baseline 0.005 -16"><span class='ocrx_word' id='word_1_327' title='bbox 364 3435 425 3468; x_wconf 87' lang='lat' dir='ltr'><strong>tos</strong></span> <span class='ocrx_word' id='word_1_328' title='bbox 452 3436 632 3482; x_wconf 88' lang='lat' dir='ltr'><strong>questum</strong></span> <span class='ocrx_word' id='word_1_329' title='bbox 657 3433 820 3478; x_wconf 89' lang='lat' dir='ltr'><strong>mittere,</strong></span> <span class='ocrx_word' id='word_1_330' title='bbox 847 3434 954 3484; x_wconf 93' lang='lat' dir='ltr'><strong>quod</strong></span> <span class='ocrx_word' id='word_1_331' title='bbox 973 3433 1047 3472; x_wconf 70' lang='grc' dir='ltr'>διο.</span> <span class='ocrx_word' id='word_1_332' title='bbox 1074 3432 1141 3479; x_wconf 81' lang='lat' dir='ltr'><strong>xii,</strong></span> <span class='ocrx_word' id='word_1_333' title='bbox 1161 3436 1185 3472; x_wconf 86' lang='grc'><strong>3</strong></span> 
     </span>
     <span class='ocr_line' id='line_1_59' title="bbox 366 3482 1186 3537; baseline 0.005 -17"><span class='ocrx_word' id='word_1_334' title='bbox 366 3483 484 3535; x_wconf 79' lang='lat' dir='ltr'><strong>legati</strong></span> <span class='ocrx_word' id='word_1_335' title='bbox 502 3482 658 3524; x_wconf 82' lang='lat' dir='ltr'><strong>Roma</strong></span> <span class='ocrx_word' id='word_1_336' title='bbox 650 3497 691 3523; x_wconf 89' lang='grc' dir='ltr'><strong>ιιι</strong></span> <span class='ocrx_word' id='word_1_337' title='bbox 709 3484 937 3537; x_wconf 84' lang='lat' dir='ltr'><strong>Bithyniam</strong></span> <span class='ocrx_word' id='word_1_338' title='bbox 954 3486 1058 3524; x_wconf 86' lang='lat' dir='ltr'><strong>missi</strong></span> <span class='ocrx_word' id='word_1_339' title='bbox 1076 3486 1186 3524; x_wconf 88' lang='lat' dir='ltr'><strong>Han·</strong></span> 
     </span>
     <span class='ocr_line' id='line_1_60' title="bbox 368 3536 1186 3590; baseline 0.004 -15"><span class='ocrx_word' id='word_1_340' title='bbox 368 3536 504 3576; x_wconf 84' lang='lat' dir='ltr'><strong>nibalis</strong></span> <span class='ocrx_word' id='word_1_341' title='bbox 519 3538 755 3589; x_wconf 85' lang='lat' dir='ltr'><strong>exposcendi</strong></span> <span class='ocrx_word' id='word_1_342' title='bbox 774 3539 895 3590; x_wconf 81' lang='lat' dir='ltr'><strong>gratia</strong></span> <span class='ocrx_word' id='word_1_343' title='bbox 913 3539 1016 3586; x_wconf 85' lang='lat' dir='ltr'><strong>xxiii,</strong></span> <span class='ocrx_word' id='word_1_344' title='bbox 1038 3543 1088 3581; x_wconf 82' lang='lat'><strong>12</strong></span> <span class='ocrx_word' id='word_1_345' title='bbox 1116 3540 1186 3578; x_wconf 87' lang='lat' dir='ltr'><strong>do·</strong></span> 
     </span>
    </p>
   </div>
   <div class='ocr_carea' id='block_1_5' title="bbox 1028 278 1295 320">
    <p class='ocr_par' dir='ltr' id='par_1_14' title="bbox 1028 278 1295 320">
     <span class='ocr_line' id='line_1_61' title="bbox 1028 278 1295 320; baseline -0.004 -1"><span class='ocrx_word' id='word_1_346' title='bbox 1028 284 1031 286; x_wconf 83' lang='lat'>&#39;</span> <span class='ocrx_word' id='word_1_347' title='bbox 1097 278 1295 320; x_wconf 77' lang='lat' dir='ltr'><strong>lNDEx</strong></span> 
     </span>
    </p>
   </div>
   <div class='ocr_carea' id='block_1_6' title="bbox 1243 393 2126 3593">
    <p class='ocr_par' dir='ltr' id='par_1_15' title="bbox 1251 393 2119 564">
     <span class='ocr_line' id='line_1_62' title="bbox 1251 393 2119 458; baseline 0.002 -14"><span class='ocrx_word' id='word_1_348' title='bbox 1251 403 1255 407; x_wconf 77' lang='grc'><strong>”</strong></span> <span class='ocrx_word' id='word_1_349' title='bbox 1296 416 1400 444; x_wconf 85' lang='grc' dir='ltr'>ιιιιιιιι</span> <span class='ocrx_word' id='word_1_350' title='bbox 1430 405 1516 458; x_wconf 83' lang='lat' dir='ltr'><strong>ejus</strong></span> <span class='ocrx_word' id='word_1_351' title='bbox 1547 393 1799 451; x_wconf 77' lang='lat' dir='ltr'><strong>circumdant,</strong></span> <span class='ocrx_word' id='word_1_352' title='bbox 1838 404 1934 445; x_wconf 89' lang='lat' dir='ltr'><strong>ibid.</strong></span> <span class='ocrx_word' id='word_1_353' title='bbox 1986 406 2119 458; x_wconf 72' lang='lat' dir='ltr'><strong>legatis</strong></span> 
     </span>
     <span class='ocr_line' id='line_1_63' title="bbox 1296 459 2119 509; baseline 0.002 -12"><span class='ocrx_word' id='word_1_354' title='bbox 1296 465 1473 498; x_wconf 85' lang='lat' dir='ltr'><strong>senatum</strong></span> <span class='ocrx_word' id='word_1_355' title='bbox 1497 460 1588 498; x_wconf 86' lang='lat' dir='ltr'><strong>dare</strong></span> <span class='ocrx_word' id='word_1_356' title='bbox 1618 459 1721 503; x_wconf 84' lang='lat' dir='ltr'><strong>xxiii,</strong></span> <span class='ocrx_word' id='word_1_357' title='bbox 1741 463 1765 499; x_wconf 88' lang='grc'><strong>7</strong></span> <span class='ocrx_word' id='word_1_358' title='bbox 1798 460 1855 508; x_wconf 83' lang='lat' dir='ltr'><strong>(v.</strong></span> <span class='ocrx_word' id='word_1_359' title='bbox 1887 459 2027 509; x_wconf 73' lang='lat' dir='ltr'><strong>Dare).</strong></span> <span class='ocrx_word' id='word_1_360' title='bbox 2064 461 2119 500; x_wconf 86' lang='lat' dir='ltr'><strong>lc-</strong></span> 
     </span>
     <span class='ocr_line' id='line_1_64' title="bbox 1296 507 1837 573; baseline 0.006 -24"><span class='ocrx_word' id='word_1_361' title='bbox 1296 509 1376 563; x_wconf 87' lang='lat' dir='ltr'><strong>gati</strong></span> <span class='ocrx_word' id='word_1_362' title='bbox 1395 507 1531 573; x_wconf 76' lang='lat' dir='ltr'><strong>quales</strong></span> <span class='ocrx_word' id='word_1_363' title='bbox 1544 508 1726 551; x_wconf 72' lang='lat' dir='ltr'><strong>&#39;mittendi</strong></span> <span class='ocrx_word' id='word_1_364' title='bbox 1754 511 1795 558; x_wconf 88' lang='lat' dir='ltr'><strong>ii,</strong></span> <span class='ocrx_word' id='word_1_365' title='bbox 1812 515 1837 552; x_wconf 91' lang='grc'><strong>7</strong></span> 
     </span>
    </p>

    <p class='ocr_par' dir='ltr' id='par_1_16' title="bbox 1243 556 2126 1728">
     <span class='ocr_line' id='line_1_65' title="bbox 1243 556 2122 632; baseline 0 -28"><span class='ocrx_word' id='word_1_366' title='bbox 1243 564 1495 632; x_wconf 82' lang='lat' dir='ltr'><strong>Legationis‘</strong></span> <span class='ocrx_word' id='word_1_367' title='bbox 1478 578 1555 619; x_wconf 89' lang='lat' dir='ltr'><strong>Jus</strong></span> <span class='ocrx_word' id='word_1_368' title='bbox 1561 572 1736 603; x_wconf 88' lang='lat' dir='ltr'><strong>sanctum</strong></span> <span class='ocrx_word' id='word_1_369' title='bbox 1752 577 1815 616; x_wconf 89' lang='lat' dir='ltr'><strong>ap.</strong></span> <span class='ocrx_word' id='word_1_370' title='bbox 1836 577 1969 604; x_wconf 82' lang='lat' dir='ltr'><strong>omnes</strong></span> <span class='ocrx_word' id='word_1_371' title='bbox 1987 556 2122 617; x_wconf 79' lang='lat' dir='ltr'><strong>gentes</strong></span> 
     </span>
     <span class='ocr_line' id='line_1_66' title="bbox 1297 614 2120 670; baseline 0.001 -14"><span class='ocrx_word' id='word_1_372' title='bbox 1297 618 1376 665; x_wconf 76' lang='lat' dir='ltr'><strong>xvi,</strong></span> <span class='ocrx_word' id='word_1_373' title='bbox 1405 623 1429 659; x_wconf 81' lang='lat'>5</span> <span class='ocrx_word' id='word_1_374' title='bbox 1463 623 1534 669; x_wconf 87' lang='lat' dir='ltr'><strong>··.(v</strong></span> <span class='ocrx_word' id='word_1_375' title='bbox 1549 614 1668 658; x_wconf 90' lang='lat' dir='ltr'><strong>Grot.</strong></span> <span class='ocrx_word' id='word_1_376' title='bbox 1692 618 1743 656; x_wconf 90' lang='lat' dir='ltr'><strong>de</strong></span> <span class='ocrx_word' id='word_1_377' title='bbox 1760 617 1840 669; x_wconf 85' lang='lat' dir='ltr'><strong>jur.</strong></span> <span class='ocrx_word' id='word_1_378' title='bbox 1861 618 1900 656; x_wconf 91' lang='lat' dir='ltr'><strong>b.</strong></span> <span class='ocrx_word' id='word_1_379' title='bbox 1920 624 2019 670; x_wconf 91' lang='lat' dir='ltr'><strong>etp.</strong></span> <span class='ocrx_word' id='word_1_380' title='bbox 2051 617 2120 657; x_wconf 88' lang='lat' dir='ltr'><strong>lib.</strong></span> 
     </span>
     <span class='ocr_line' id='line_1_67' title="bbox 1297 670 2123 723; baseline -0.001 -12"><span class='ocrx_word' id='word_1_381' title='bbox 1297 676 1336 712; x_wconf 82' lang='lat'><strong>2.</strong></span> <span class='ocrx_word' id='word_1_382' title='bbox 1365 684 1456 723; x_wconf 88' lang='lat' dir='ltr'><strong>cap.</strong></span> <span class='ocrx_word' id='word_1_383' title='bbox 1476 675 1540 711; x_wconf 86' lang='grc'><strong>18</strong></span> <span class='ocrx_word' id='word_1_384' title='bbox 1569 677 1609 710; x_wconf 90' lang='lat' dir='ltr'><strong>et</strong></span> <span class='ocrx_word' id='word_1_385' title='bbox 1625 670 1804 710; x_wconf 82' lang='lat' dir='ltr'><strong>Paschal.</strong></span> <span class='ocrx_word' id='word_1_386' title='bbox 1817 671 2002 723; x_wconf 83' lang='lat' dir='ltr'><strong>itemque,</strong></span> <span class='ocrx_word' id='word_1_387' title='bbox 2014 670 2123 710; x_wconf 81' lang='lat' dir='ltr'><strong>Mar-</strong></span> 
     </span>
     <span class='ocr_line' id='line_1_68' title="bbox 1297 722 2120 776; baseline -0.002 -12"><span class='ocrx_word' id='word_1_388' title='bbox 1297 722 1488 771; x_wconf 76' lang='lat' dir='ltr'><strong>selaritun,</strong></span> <span class='ocrx_word' id='word_1_389' title='bbox 1521 725 1589 776; x_wconf 91' lang='lat' dir='ltr'><strong>qui</strong></span> <span class='ocrx_word' id='word_1_390' title='bbox 1607 725 1682 762; x_wconf 87' lang='lat' dir='ltr'><strong>hoc</strong></span> <span class='ocrx_word' id='word_1_391' title='bbox 1709 736 1823 762; x_wconf 89' lang='lat' dir='ltr'><strong>omne</strong></span> <span class='ocrx_word' id='word_1_392' title='bbox 1852 729 2120 776; x_wconf 84' lang='lat' dir='ltr'><strong>argumentum</strong></span> 
     </span>
     <span class='ocr_line' id='line_1_69' title="bbox 1298 777 2121 839; baseline 0 -23"><span class='ocrx_word' id='word_1_393' title='bbox 1298 791 1376 828; x_wconf 87' lang='lat' dir='ltr'><strong>prae</strong></span> <span class='ocrx_word' id='word_1_394' title='bbox 1401 777 1537 816; x_wconf 87' lang='lat' dir='ltr'><strong>ceteris</strong></span> <span class='ocrx_word' id='word_1_395' title='bbox 1555 777 1791 815; x_wconf 85' lang='lat' dir='ltr'><strong>illustrarunt</strong></span> <span class='ocrx_word' id='word_1_396' title='bbox 1815 777 1989 828; x_wconf 79' lang='lat' dir='ltr'><strong>eximie).</strong></span> <span class='ocrx_word' id='word_1_397' title='bbox 2006 778 2121 839; x_wconf 82' lang='lat' dir='ltr'><strong>lega-</strong></span> 
     </span>
     <span class='ocr_line' id='line_1_70' title="bbox 1296 829 2123 892; baseline 0.001 -24"><span class='ocrx_word' id='word_1_398' title='bbox 1296 831 1442 868; x_wconf 88' lang='lat' dir='ltr'><strong>tionem</strong></span> <span class='ocrx_word' id='word_1_399' title='bbox 1487 830 1689 892; x_wconf 85' lang='lat' dir='ltr'><strong>suscipere</strong></span> <span class='ocrx_word' id='word_1_400' title='bbox 1725 829 1964 880; x_wconf 86' lang='lat' dir='ltr'><strong>(obeundam</strong></span> <span class='ocrx_word' id='word_1_401' title='bbox 2005 830 2047 868; x_wconf 88' lang='lat' dir='ltr'><strong>in</strong></span> <span class='ocrx_word' id='word_1_402' title='bbox 2081 843 2123 869; x_wconf 86' lang='lat' dir='ltr'><strong>se</strong></span> 
     </span>
     <span class='ocr_line' id='line_1_71' title="bbox 1298 881 2122 934; baseline 0.001 -13"><span class='ocrx_word' id='word_1_403' title='bbox 1298 881 1440 934; x_wconf 90' lang='lat' dir='ltr'><strong>recip.)</strong></span> <span class='ocrx_word' id='word_1_404' title='bbox 1487 881 1530 928; x_wconf 89' lang='lat' dir='ltr'><strong>ii,</strong></span> <span class='ocrx_word' id='word_1_405' title='bbox 1547 886 1574 922; x_wconf 91' lang='lat'><strong>6</strong></span> <span class='ocrx_word' id='word_1_406' title='bbox 1621 881 1831 933; x_wconf 86' lang='lat' dir='ltr'><strong>legationes</strong></span> <span class='ocrx_word' id='word_1_407' title='bbox 1859 882 2122 922; x_wconf 83' lang='lat' dir='ltr'><strong>administrare</strong></span> 
     </span>
     <span class='ocr_line' id='line_1_72' title="bbox 1298 934 2122 989; baseline 0 -15"><span class='ocrx_word' id='word_1_408' title='bbox 1298 936 1476 980; x_wconf 86' lang='lat' dir='ltr'><strong>fideliter,</strong></span> <span class='ocrx_word' id='word_1_409' title='bbox 1512 934 1619 973; x_wconf 89' lang='lat' dir='ltr'><strong>obire</strong></span> <span class='ocrx_word' id='word_1_410' title='bbox 1655 934 1861 985; x_wconf 80' lang='lat' dir='ltr'><strong>diligenter</strong></span> <span class='ocrx_word' id='word_1_411' title='bbox 1888 948 1929 982; x_wconf 83' lang='lat' dir='ltr'><strong>x,</strong></span> <span class='ocrx_word' id='word_1_412' title='bbox 1948 939 1983 975; x_wconf 92' lang='lat'>1</span> <span class='ocrx_word' id='word_1_413' title='bbox 2017 934 2122 989; x_wconf 80' lang='lat' dir='ltr'><strong>lega-</strong></span> 
     </span>
     <span class='ocr_line' id='line_1_73' title="bbox 1298 966 2123 1040; baseline 0.001 -13"><span class='ocrx_word' id='word_1_414' title='bbox 1298 989 1424 1028; x_wconf 79' lang='lat' dir='ltr'><strong>tiones</strong></span> <span class='ocrx_word' id='word_1_415' title='bbox 1436 984 1672 1033; x_wconf 77' lang='lat' dir='ltr'><strong>illustriores</strong></span> <span class='ocrx_word' id='word_1_416' title='bbox 1682 966 1777 1025; x_wconf 86' lang='lat' dir='ltr'><strong>ibid.</strong></span> <span class='ocrx_word' id='word_1_417' title='bbox 1802 997 1929 1031; x_wconf 76' lang='lat' dir='ltr'><strong>coram</strong></span> <span class='ocrx_word' id='word_1_418' title='bbox 1942 981 2025 1040; x_wconf 70' lang='lat' dir='ltr'><strong>freq</strong></span> <span class='ocrx_word' id='word_1_419' title='bbox 2026 995 2123 1028; x_wconf 70' lang='lat' dir='ltr'><strong>nen-</strong></span> 
     </span>
     <span class='ocr_line' id='line_1_74' title="bbox 1298 1041 2124 1093; baseline -0.001 -12"><span class='ocrx_word' id='word_1_420' title='bbox 1298 1042 1445 1081; x_wconf 89' lang='lat' dir='ltr'><strong>tissimo</strong></span> <span class='ocrx_word' id='word_1_421' title='bbox 1464 1041 1702 1093; x_wconf 85' lang='lat' dir='ltr'><strong>legationum</strong></span> <span class='ocrx_word' id='word_1_422' title='bbox 1717 1049 1912 1080; x_wconf 86' lang='lat' dir='ltr'><strong>conventu</strong></span> <span class='ocrx_word' id='word_1_423' title='bbox 1924 1041 2015 1093; x_wconf 89' lang='lat' dir='ltr'><strong>(per</strong></span> <span class='ocrx_word' id='word_1_424' title='bbox 2032 1041 2124 1080; x_wconf 88' lang='lat' dir='ltr'><strong>Me-</strong></span> 
     </span>
     <span class='ocr_line' id='line_1_75' title="bbox 1298 1092 2124 1147; baseline 0.001 -14"><span class='ocrx_word' id='word_1_425' title='bbox 1298 1095 1527 1147; x_wconf 87' lang='lat' dir='ltr'><strong>tonymiam,</strong></span> <span class='ocrx_word' id='word_1_426' title='bbox 1577 1095 1629 1133; x_wconf 92' lang='lat' dir='ltr'><strong>de</strong></span> <span class='ocrx_word' id='word_1_427' title='bbox 1664 1092 1800 1146; x_wconf 85' lang='lat' dir='ltr'><strong>legatis</strong></span> <span class='ocrx_word' id='word_1_428' title='bbox 1835 1094 1950 1146; x_wconf 86' lang='lat' dir='ltr'><strong>ipsis)</strong></span> <span class='ocrx_word' id='word_1_429' title='bbox 1995 1107 2060 1140; x_wconf 69' lang='grc' dir='ltr'><strong>ιν,</strong></span> <span class='ocrx_word' id='word_1_430' title='bbox 2096 1098 2124 1134; x_wconf 88' lang='lat'><strong>6</strong></span> 
     </span>
     <span class='ocr_line' id='line_1_76' title="bbox 1298 1147 2124 1202; baseline 0 -16"><span class='ocrx_word' id='word_1_431' title='bbox 1298 1148 1382 1202; x_wconf 88' lang='lat' dir='ltr'><strong>(Sic</strong></span> <span class='ocrx_word' id='word_1_432' title='bbox 1418 1148 1596 1188; x_wconf 88' lang='lat' dir='ltr'><strong>Justinus</strong></span> <span class='ocrx_word' id='word_1_433' title='bbox 1632 1160 1720 1193; x_wconf 79' lang='lat' dir='ltr'><strong>xxx,</strong></span> <span class='ocrx_word' id='word_1_434' title='bbox 1754 1150 1795 1192; x_wconf 85' lang='grc'><strong>3,</strong></span> <span class='ocrx_word' id='word_1_435' title='bbox 1814 1151 1838 1186; x_wconf 88' lang='lat'><strong>5</strong></span> <span class='ocrx_word' id='word_1_436' title='bbox 1881 1148 2006 1186; x_wconf 85' lang='lat' dir='ltr'><strong>‘dum</strong></span> <span class='ocrx_word' id='word_1_437' title='bbox 2039 1147 2124 1186; x_wconf 85' lang='lat' dir='ltr'><strong>haec</strong></span> 
     </span>
     <span class='ocr_line' id='line_1_77' title="bbox 1298 1199 2123 1262; baseline -0.002 -22"><span class='ocrx_word' id='word_1_438' title='bbox 1298 1208 1479 1252; x_wconf 80' lang='lat' dir='ltr'><strong>aguntur,</strong></span> <span class='ocrx_word' id='word_1_439' title='bbox 1509 1200 1662 1239; x_wconf 87' lang='lat' dir='ltr'><strong>interim</strong></span> <span class='ocrx_word' id='word_1_440' title='bbox 1680 1199 1893 1262; x_wconf 86' lang='lat' dir='ltr'><strong>legationes</strong></span> <span class='ocrx_word' id='word_1_441' title='bbox 1911 1199 2034 1239; x_wconf 87' lang='lat' dir='ltr'><strong>Attali</strong></span> <span class='ocrx_word' id='word_1_442' title='bbox 2064 1213 2123 1238; x_wconf 86' lang='lat' dir='ltr'><strong>re-</strong></span> 
     </span>
     <span class='ocr_line' id='line_1_78' title="bbox 1298 1245 2122 1307; baseline -0.001 -15"><span class='ocrx_word' id='word_1_443' title='bbox 1298 1255 1356 1307; x_wconf 86' lang='lat' dir='ltr'><strong>gis</strong></span> <span class='ocrx_word' id='word_1_444' title='bbox 1391 1261 1433 1293; x_wconf 92' lang='lat' dir='ltr'><strong>et</strong></span> <span class='ocrx_word' id='word_1_445' title='bbox 1466 1252 1726 1300; x_wconf 88' lang='lat' dir='ltr'><strong>Rhodiorum,</strong></span> <span class='ocrx_word' id='word_1_446' title='bbox 1759 1247 1918 1305; x_wconf 85' lang='lat' dir='ltr'><strong>injurias</strong></span> <span class='ocrx_word' id='word_1_447' title='bbox 1934 1245 2122 1305; x_wconf 83' lang='lat' dir='ltr'><strong>Philippi</strong></span> 
     </span>
     <span class='ocr_line' id='line_1_79' title="bbox 1298 1306 2124 1376; baseline -0.001 -31"><span class='ocrx_word' id='word_1_448' title='bbox 1298 1313 1517 1358; x_wconf 89' lang='lat' dir='ltr'><strong>querentes,</strong></span> <span class='ocrx_word' id='word_1_449' title='bbox 1528 1306 1695 1344; x_wconf 87' lang='lat' dir='ltr'><strong>Romam</strong></span> <span class='ocrx_word' id='word_1_450' title='bbox 1712 1306 1936 1346; x_wconf 61' lang='lat' dir='ltr'><strong>venerunt?</strong></span> <span class='ocrx_word' id='word_1_451' title='bbox 1962 1306 2124 1376; x_wconf 85' lang='lat' dir='ltr'><strong>aliique.</strong></span> 
     </span>
     <span class='ocr_line' id='line_1_80' title="bbox 1298 1358 2126 1411; baseline -0.002 -12"><span class='ocrx_word' id='word_1_452' title='bbox 1298 1359 1362 1399; x_wconf 88' lang='lat' dir='ltr'><strong>Sic</strong></span> <span class='ocrx_word' id='word_1_453' title='bbox 1380 1361 1564 1399; x_wconf 83' lang='lat' dir='ltr'><strong>Tacitus‘</strong></span> <span class='ocrx_word' id='word_1_454' title='bbox 1578 1359 1744 1399; x_wconf 84' lang='lat' dir='ltr'><strong>servitia&#39;</strong></span> <span class='ocrx_word' id='word_1_455' title='bbox 1757 1365 1854 1411; x_wconf 85' lang='lat' dir='ltr'><strong>pro‘</strong></span> <span class='ocrx_word' id='word_1_456' title='bbox 1874 1358 2005 1398; x_wconf 82' lang='lat' dir='ltr'><strong>servis&#39;</strong></span> <span class='ocrx_word' id='word_1_457' title='bbox 2017 1359 2126 1399; x_wconf 85' lang='lat' dir='ltr'><strong>Ann.</strong></span> 
     </span>
     <span class='ocr_line' id='line_1_81' title="bbox 1298 1407 2124 1464; baseline 0 -13"><span class='ocrx_word' id='word_1_458' title='bbox 1298 1427 1362 1460; x_wconf 84' lang='lat' dir='ltr'><strong>xv,</strong></span> <span class='ocrx_word' id='word_1_459' title='bbox 1379 1417 1449 1459; x_wconf 88' lang='lat'><strong>69,</strong></span> <span class='ocrx_word' id='word_1_460' title='bbox 1468 1417 1506 1452; x_wconf 87' lang='lat'><strong>1.</strong></span> <span class='ocrx_word' id='word_1_461' title='bbox 1534 1412 1695 1464; x_wconf 86' lang='lat' dir='ltr'><strong>posuit:</strong></span> <span class='ocrx_word' id='word_1_462' title='bbox 1745 1407 1963 1452; x_wconf 78' lang='lat' dir='ltr'><strong>‘Vestinus</strong></span> <span class='ocrx_word' id='word_1_463' title='bbox 1998 1412 2124 1451; x_wconf 82' lang='lat' dir='ltr'><strong>immi-</strong></span> 
     </span>
     <span class='ocr_line' id='line_1_82' title="bbox 1298 1464 2124 1512; baseline 0 -8"><span class='ocrx_word' id='word_1_464' title='bbox 1298 1471 1436 1505; x_wconf 86' lang='lat' dir='ltr'><strong>nentes</strong></span> <span class='ocrx_word' id='word_1_465' title='bbox 1468 1466 1552 1504; x_wconf 83' lang='lat' dir='ltr'><strong>foro</strong></span> <span class='ocrx_word' id='word_1_466' title='bbox 1580 1465 1699 1512; x_wconf 86' lang='lat' dir='ltr'><strong>aedes,</strong></span> <span class='ocrx_word' id='word_1_467' title='bbox 1725 1465 1867 1504; x_wconf 88' lang='lat' dir='ltr'><strong>decora</strong></span> <span class='ocrx_word' id='word_1_468' title='bbox 1897 1478 1944 1504; x_wconf 88' lang='lat' dir='ltr'><strong>ue</strong></span> <span class='ocrx_word' id='word_1_469' title='bbox 1970 1464 2124 1504; x_wconf 79' lang='lat' dir='ltr'><strong>servitia</strong></span> 
     </span>
     <span class='ocr_line' id='line_1_83' title="bbox 1299 1517 2125 1572; baseline -0.002 -14"><span class='ocrx_word' id='word_1_470' title='bbox 1299 1525 1340 1558; x_wconf 87' lang='lat' dir='ltr'><strong>et</strong></span> <span class='ocrx_word' id='word_1_471' title='bbox 1371 1518 1454 1572; x_wconf 86' lang='lat' dir='ltr'><strong>pari</strong></span> <span class='ocrx_word' id='word_1_472' title='bbox 1486 1523 1601 1557; x_wconf 85' lang='lat' dir='ltr'><strong>aetate</strong></span> <span class='ocrx_word' id='word_1_473' title='bbox 1618 1518 1812 1557; x_wconf 55' lang='lat' dir='ltr'><strong>habebat?</strong></span> <span class='ocrx_word' id='word_1_474' title='bbox 1903 1524 1919 1556; x_wconf 94' lang='lat' dir='ltr'><strong>t</strong></span> <span class='ocrx_word' id='word_1_475' title='bbox 1935 1517 2040 1557; x_wconf 86' lang='lat' dir='ltr'><strong>Ann.</strong></span> <span class='ocrx_word' id='word_1_476' title='bbox 2057 1519 2125 1565; x_wconf 82' lang='lat' dir='ltr'><strong>xii,</strong></span> 
     </span>
     <span class='ocr_line' id='line_1_84' title="bbox 1302 1571 2123 1623; baseline -0.002 -12"><span class='ocrx_word' id='word_1_477' title='bbox 1302 1574 1368 1617; x_wconf 88' lang='grc'><strong>17,</strong></span> <span class='ocrx_word' id='word_1_478' title='bbox 1389 1576 1427 1611; x_wconf 94' lang='lat' dir='ltr'><strong>l.</strong></span> <span class='ocrx_word' id='word_1_479' title='bbox 1455 1571 1577 1610; x_wconf 84' lang='lat' dir='ltr'><strong>dicit:</strong></span> <span class='ocrx_word' id='word_1_480' title='bbox 1625 1577 1637 1594; x_wconf 88' lang='lat'><em>‘</em></span> <span class='ocrx_word' id='word_1_481' title='bbox 1656 1571 1798 1623; x_wconf 79' lang='lat' dir='ltr'><strong>servitii</strong></span> <span class='ocrx_word' id='word_1_482' title='bbox 1829 1572 1966 1611; x_wconf 90' lang='lat' dir='ltr'><strong>decem</strong></span> <span class='ocrx_word' id='word_1_483' title='bbox 2002 1571 2123 1610; x_wconf 87' lang='lat' dir='ltr'><strong>millia</strong></span> 
     </span>
     <span class='ocr_line' id='line_1_85' title="bbox 1299 1623 2123 1666; baseline 0 -3"><span class='ocrx_word' id='word_1_484' title='bbox 1299 1623 1539 1664; x_wconf 84' lang='lat' dir='ltr'><strong>offerebant.’</strong></span> <span class='ocrx_word' id='word_1_485' title='bbox 1581 1623 1691 1663; x_wconf 90' lang='lat' dir='ltr'><strong>Add.</strong></span> <span class='ocrx_word' id='word_1_486' title='bbox 1718 1624 1912 1664; x_wconf 87' lang='lat' dir='ltr'><strong>Buchner.</strong></span> <span class='ocrx_word' id='word_1_487' title='bbox 1939 1625 1989 1664; x_wconf 89' lang='lat' dir='ltr'><strong>de</strong></span> <span class='ocrx_word' id='word_1_488' title='bbox 2005 1624 2123 1666; x_wconf 89' lang='lat' dir='ltr'><strong>Com-</strong></span> 
     </span>
     <span class='ocr_line' id='line_1_86' title="bbox 1301 1675 1779 1728; baseline 0.002 -12"><span class='ocrx_word' id='word_1_489' title='bbox 1301 1683 1397 1716; x_wconf 88' lang='lat' dir='ltr'><strong>mut.</strong></span> <span class='ocrx_word' id='word_1_490' title='bbox 1424 1677 1502 1716; x_wconf 91' lang='lat' dir='ltr'><strong>dic.</strong></span> <span class='ocrx_word' id='word_1_491' title='bbox 1530 1683 1599 1715; x_wconf 85' lang='lat' dir='ltr'><strong>rat.</strong></span> <span class='ocrx_word' id='word_1_492' title='bbox 1627 1676 1654 1723; x_wconf 89' lang='lat' dir='ltr'><strong>i,</strong></span> <span class='ocrx_word' id='word_1_493' title='bbox 1669 1681 1710 1724; x_wconf 87' lang='lat'><strong>4,</strong></span> <span class='ocrx_word' id='word_1_494' title='bbox 1729 1675 1779 1728; x_wconf 85' lang='lat'><strong>5)</strong></span> 
     </span>
    </p>

    <p class='ocr_par' dir='ltr' id='par_1_17' title="bbox 1247 1729 2123 1824">
     <span class='ocr_line' id='line_1_87' title="bbox 1247 1729 2123 1778; baseline 0.001 -9"><span class='ocrx_word' id='word_1_495' title='bbox 1247 1730 1418 1770; x_wconf 87' lang='lat' dir='ltr'><strong>Lemnus</strong></span> <span class='ocrx_word' id='word_1_496' title='bbox 1433 1743 1514 1770; x_wconf 92' lang='lat' dir='ltr'><strong>non</strong></span> <span class='ocrx_word' id='word_1_497' title='bbox 1531 1729 1614 1769; x_wconf 88' lang='lat' dir='ltr'><strong>vult</strong></span> <span class='ocrx_word' id='word_1_498' title='bbox 1632 1742 1673 1770; x_wconf 88' lang='lat' dir='ltr'><strong>se</strong></span> <span class='ocrx_word' id='word_1_499' title='bbox 1691 1731 1834 1770; x_wconf 87' lang='lat' dir='ltr'><strong>dedere</strong></span> <span class='ocrx_word' id='word_1_500' title='bbox 1862 1730 1890 1778; x_wconf 91' lang='lat' dir='ltr'><strong>i,</strong></span> <span class='ocrx_word' id='word_1_501' title='bbox 1911 1733 1932 1771; x_wconf 93' lang='lat'>1</span> <span class='ocrx_word' id='word_1_502' title='bbox 1953 1730 2066 1770; x_wconf 81' lang='lat' dir='ltr'><strong>dedit</strong></span> <span class='ocrx_word' id='word_1_503' title='bbox 2082 1744 2123 1770; x_wconf 84' lang='lat' dir='ltr'><strong>se</strong></span> 
     </span>
     <span class='ocr_line' id='line_1_88' title="bbox 1301 1784 2109 1830; baseline -0.005 -16"><span class='ocrx_word' id='word_1_504' title='bbox 1301 1784 1329 1830; x_wconf 67' lang='lat' dir='ltr'><strong>i,</strong></span> <span class='ocrx_word' id='word_1_505' title='bbox 1349 1788 1376 1824; x_wconf 78' lang='lat'>2</span> <span class='ocrx_word' id='word_1_506' title='bbox 1970 1810 1973 1813; x_wconf 96' lang='lat'><strong>.</strong></span> <span class='ocrx_word' id='word_1_507' title='bbox 2105 1803 2109 1810; x_wconf 47' lang='grc' dir='ltr'><strong>ι</strong></span> 
     </span>
    </p>

    <p class='ocr_par' dir='ltr' id='par_1_18' title="bbox 1248 1836 2124 2049">
     <span class='ocr_line' id='line_1_89' title="bbox 1248 1836 2124 1890; baseline -0.001 -13"><span class='ocrx_word' id='word_1_508' title='bbox 1248 1837 1388 1877; x_wconf 91' lang='lat' dir='ltr'><strong>Lenire</strong></span> <span class='ocrx_word' id='word_1_509' title='bbox 1417 1836 1607 1877; x_wconf 87' lang='lat' dir='ltr'><strong>invidiam</strong></span> <span class='ocrx_word' id='word_1_510' title='bbox 1625 1837 1838 1890; x_wconf 89' lang='lat' dir='ltr'><strong>obsequio</strong></span> <span class='ocrx_word' id='word_1_511' title='bbox 1854 1850 1893 1884; x_wconf 86' lang='lat' dir='ltr'><strong>x,</strong></span> <span class='ocrx_word' id='word_1_512' title='bbox 1911 1840 1940 1878; x_wconf 76' lang='lat'>⁶</span> <span class='ocrx_word' id='word_1_513' title='bbox 1976 1847 2124 1877; x_wconf 84' lang='lat' dir='ltr'><strong>nomen</strong></span> 
     </span>
     <span class='ocr_line' id='line_1_90' title="bbox 1301 1889 2125 1944; baseline -0.002 -14"><span class='ocrx_word' id='word_1_514' title='bbox 1301 1889 1458 1943; x_wconf 77' lang='lat' dir='ltr'><strong>tyranni</strong></span> <span class='ocrx_word' id='word_1_515' title='bbox 1483 1891 1722 1930; x_wconf 82' lang='lat' dir='ltr'><strong>humanitate</strong></span> <span class='ocrx_word' id='word_1_516' title='bbox 1750 1904 1788 1938; x_wconf 90' lang='lat' dir='ltr'><strong>x,</strong></span> <span class='ocrx_word' id='word_1_517' title='bbox 1809 1895 1830 1930; x_wconf 94' lang='grc'><strong>1</strong></span> <span class='ocrx_word' id='word_1_518' title='bbox 1865 1891 1952 1944; x_wconf 81' lang='lat' dir='ltr'><strong>(Sic</strong></span> <span class='ocrx_word' id='word_1_519' title='bbox 1969 1890 2125 1929; x_wconf 72' lang='lat' dir='ltr'><strong>lambi-</strong></span> 
     </span>
     <span class='ocr_line' id='line_1_91' title="bbox 1302 1943 2123 1998; baseline 0.001 -15"><span class='ocrx_word' id='word_1_520' title='bbox 1302 1957 1376 1983; x_wconf 85' lang='lat' dir='ltr'><strong>nus</strong></span> <span class='ocrx_word' id='word_1_521' title='bbox 1393 1944 1540 1991; x_wconf 90' lang='lat' dir='ltr'><strong>edidit;</strong></span> <span class='ocrx_word' id='word_1_522' title='bbox 1559 1943 1672 1983; x_wconf 85' lang='lat' dir='ltr'><strong>Nos:</strong></span> <span class='ocrx_word' id='word_1_523' title='bbox 1702 1943 1866 1998; x_wconf 84' lang='lat' dir='ltr'><strong>tegere).</strong></span> <span class='ocrx_word' id='word_1_524' title='bbox 1902 1943 2013 1984; x_wconf 86' lang='lat' dir='ltr'><strong>leniri</strong></span> <span class='ocrx_word' id='word_1_525' title='bbox 2030 1943 2123 1998; x_wconf 85' lang='lat' dir='ltr'><strong>(mi-</strong></span> 
     </span>
     <span class='ocr_line' id='line_1_92' title="bbox 1305 1997 1644 2049; baseline 0 -13"><span class='ocrx_word' id='word_1_526' title='bbox 1305 1997 1436 2049; x_wconf 83' lang='lat' dir='ltr'><strong>tigari)</strong></span> <span class='ocrx_word' id='word_1_527' title='bbox 1466 1997 1572 2044; x_wconf 87' lang='lat' dir='ltr'><strong>xviii,</strong></span> <span class='ocrx_word' id='word_1_528' title='bbox 1592 2001 1644 2038; x_wconf 87' lang='grc'><strong>10</strong></span> 
     </span>
    </p>

    <p class='ocr_par' dir='ltr' id='par_1_19' title="bbox 1250 2050 2051 2102">
     <span class='ocr_line' id='line_1_93' title="bbox 1250 2050 2051 2102; baseline 0 -12"><span class='ocrx_word' id='word_1_529' title='bbox 1250 2050 1439 2090; x_wconf 85' lang='lat' dir='ltr'><strong>Lentulus</strong></span> <span class='ocrx_word' id='word_1_530' title='bbox 1455 2050 1652 2102; x_wconf 87' lang='lat' dir='ltr'><strong>Spinther,</strong></span> <span class='ocrx_word' id='word_1_531' title='bbox 1679 2050 1742 2089; x_wconf 85' lang='lat' dir='ltr'><strong>Fr.</strong></span> <span class='ocrx_word' id='word_1_532' title='bbox 1759 2054 1786 2091; x_wconf 83' lang='lat'>8</span> <span class='ocrx_word' id='word_1_533' title='bbox 1968 2076 1982 2084; x_wconf 39' lang='lat' dir='ltr'><strong>«v</strong></span> <span class='ocrx_word' id='word_1_534' title='bbox 2048 2077 2051 2081; x_wconf 90' lang='lat'><em>-</em></span> 
     </span>
    </p>

    <p class='ocr_par' dir='ltr' id='par_1_20' title="bbox 1251 2102 2126 2209">
     <span class='ocr_line' id='line_1_94' title="bbox 1251 2102 2126 2168; baseline -0.001 -25"><span class='ocrx_word' id='word_1_535' title='bbox 1251 2104 1375 2143; x_wconf 88' lang='lat' dir='ltr'><strong>Leoni</strong></span> <span class='ocrx_word' id='word_1_536' title='bbox 1411 2103 1594 2144; x_wconf 76' lang='lat' dir='ltr'><strong>aceirimo</strong></span> <span class='ocrx_word' id='word_1_537' title='bbox 1630 2116 1672 2143; x_wconf 90' lang='lat' dir='ltr'><strong>se</strong></span> <span class='ocrx_word' id='word_1_538' title='bbox 1708 2103 1907 2156; x_wconf 82' lang='lat' dir='ltr'><strong>comparat</strong></span> <span class='ocrx_word' id='word_1_539' title='bbox 1933 2102 2126 2168; x_wconf 76' lang='lat' dir='ltr'><strong>Eumenes</strong></span> 
     </span>
     <span class='ocr_line' id='line_1_95' title="bbox 1303 2155 1750 2209; baseline 0.002 -13"><span class='ocrx_word' id='word_1_540' title='bbox 1303 2156 1481 2209; x_wconf 86' lang='lat' dir='ltr'><strong>captivus</strong></span> <span class='ocrx_word' id='word_1_541' title='bbox 1507 2155 1614 2203; x_wconf 85' lang='lat' dir='ltr'><strong>xviii,</strong></span> <span class='ocrx_word' id='word_1_542' title='bbox 1635 2161 1683 2197; x_wconf 91' lang='lat'><strong>11</strong></span> <span class='ocrx_word' id='word_1_543' title='bbox 1748 2165 1750 2167; x_wconf 74' lang='grc'><strong><em>’</em></strong></span> 
     </span>
    </p>

    <p class='ocr_par' dir='ltr' id='par_1_21' title="bbox 1250 2208 2125 2314">
     <span class='ocr_line' id='line_1_96' title="bbox 1250 2208 2125 2264; baseline -0.002 -14"><span class='ocrx_word' id='word_1_544' title='bbox 1250 2210 1445 2250; x_wconf 84' lang='lat' dir='ltr'><strong>Leonidas</strong></span> <span class='ocrx_word' id='word_1_545' title='bbox 1462 2224 1526 2251; x_wconf 86' lang='lat' dir='ltr'><strong>rex</strong></span> <span class='ocrx_word' id='word_1_546' title='bbox 1544 2210 1689 2251; x_wconf 85' lang='lat' dir='ltr'><strong>Laced.</strong></span> <span class='ocrx_word' id='word_1_547' title='bbox 1707 2210 1759 2260; x_wconf 88' lang='lat' dir='ltr'><strong>ii,</strong></span> <span class='ocrx_word' id='word_1_548' title='bbox 1775 2213 1799 2250; x_wconf 76' lang='lat'><strong>3</strong></span> <span class='ocrx_word' id='word_1_549' title='bbox 1829 2209 1925 2263; x_wconf 86' lang='lat' dir='ltr'><strong>(de</strong></span> <span class='ocrx_word' id='word_1_550' title='bbox 1918 2222 1998 2263; x_wconf 91' lang='lat' dir='ltr'><strong>quo</strong></span> <span class='ocrx_word' id='word_1_551' title='bbox 2015 2208 2125 2264; x_wconf 84' lang='lat' dir='ltr'><strong>plura</strong></span> 
     </span>
     <span class='ocr_line' id='line_1_97' title="bbox 1302 2263 1954 2314; baseline 0.003 -12"><span class='ocrx_word' id='word_1_552' title='bbox 1302 2264 1453 2304; x_wconf 89' lang='lat' dir='ltr'><strong>Schott.</strong></span> <span class='ocrx_word' id='word_1_553' title='bbox 1481 2266 1533 2303; x_wconf 85' lang='lat' dir='ltr'><strong>ad</strong></span> <span class='ocrx_word' id='word_1_554' title='bbox 1551 2263 1688 2303; x_wconf 89' lang='lat' dir='ltr'><strong>Senee.</strong></span> <span class='ocrx_word' id='word_1_555' title='bbox 1715 2263 1867 2302; x_wconf 87' lang='lat' dir='ltr'><strong>Suasor.</strong></span> <span class='ocrx_word' id='word_1_556' title='bbox 1884 2263 1954 2314; x_wconf 69' lang='lat'><strong>2)</strong></span> 
     </span>
    </p>

    <p class='ocr_par' dir='ltr' id='par_1_22' title="bbox 1250 2314 2124 2409">
     <span class='ocr_line' id='line_1_98' title="bbox 1250 2314 2124 2370; baseline -0.001 -15"><span class='ocrx_word' id='word_1_557' title='bbox 1250 2316 1473 2356; x_wconf 87' lang='lat' dir='ltr'><strong>Leonnatus</strong></span> <span class='ocrx_word' id='word_1_558' title='bbox 1506 2318 1625 2370; x_wconf 91' lang='lat' dir='ltr'><strong>(unus</strong></span> <span class='ocrx_word' id='word_1_559' title='bbox 1653 2329 1700 2355; x_wconf 81' lang='lat' dir='ltr'><strong>ex</strong></span> <span class='ocrx_word' id='word_1_560' title='bbox 1732 2315 1946 2356; x_wconf 86' lang='lat' dir='ltr'><strong>Alexandri</strong></span> <span class='ocrx_word' id='word_1_561' title='bbox 1971 2314 2124 2368; x_wconf 75' lang='lat' dir='ltr'><strong>amicis)</strong></span> 
     </span>
     <span class='ocr_line' id='line_1_99' title="bbox 1302 2369 1449 2415; baseline 0.02 -9"><span class='ocrx_word' id='word_1_562' title='bbox 1302 2369 1408 2415; x_wconf 84' lang='lat' dir='ltr'><strong>xviii,</strong></span> <span class='ocrx_word' id='word_1_563' title='bbox 1422 2372 1449 2409; x_wconf 79' lang='lat'>2</span> 
     </span>
    </p>

    <p class='ocr_par' dir='ltr' id='par_1_23' title="bbox 1248 2421 2059 2474">
     <span class='ocr_line' id='line_1_100' title="bbox 1248 2421 2059 2474; baseline 0 -14"><span class='ocrx_word' id='word_1_564' title='bbox 1248 2421 1373 2474; x_wconf 82' lang='lat' dir='ltr'><strong>Leoty</strong></span> <span class='ocrx_word' id='word_1_565' title='bbox 1377 2421 1511 2461; x_wconf 86' lang='lat' dir='ltr'><strong>chides</strong></span> <span class='ocrx_word' id='word_1_566' title='bbox 1538 2422 1630 2469; x_wconf 85' lang='lat' dir='ltr'><strong>xvii,</strong></span> <span class='ocrx_word' id='word_1_567' title='bbox 2055 2439 2059 2443; x_wconf 84' lang='lat'><strong>·</strong></span> 
     </span>
    </p>

    <p class='ocr_par' dir='ltr' id='par_1_24' title="bbox 1248 2428 2121 2583">
     <span class='ocr_line' id='line_1_101' title="bbox 1248 2428 2121 2567; baseline 0 -54"><span class='ocrx_word' id='word_1_568' title='bbox 1248 2436 1376 2527; x_wconf 91' lang='lat' dir='ltr'><strong>Lepor</strong></span> <span class='ocrx_word' id='word_1_569' title='bbox 1388 2475 1541 2514; x_wconf 87' lang='lat' dir='ltr'><strong>nativus</strong></span> <span class='ocrx_word' id='word_1_570' title='bbox 1554 2474 1656 2567; x_wconf 37' lang='lat' dir='ltr'><strong>&amp;e</strong></span> <span class='ocrx_word' id='word_1_571' title='bbox 1649 2474 1837 2514; x_wconf 84' lang='lat' dir='ltr'><strong>suavitate</strong></span> <span class='ocrx_word' id='word_1_572' title='bbox 1854 2428 1999 2527; x_wconf 67' lang='lat' dir='ltr'><strong>lingum</strong></span> <span class='ocrx_word' id='word_1_573' title='bbox 2017 2474 2121 2550; x_wconf 82' lang='lat' dir='ltr'><strong>nat.)</strong></span> 
     </span>
     <span class='ocr_line' id='line_1_102' title="bbox 1301 2527 1851 2591; baseline -0.002 -24"><span class='ocrx_word' id='word_1_574' title='bbox 1301 2528 1408 2576; x_wconf 85' lang='lat' dir='ltr'><strong>xxiii,</strong></span> <span class='ocrx_word' id='word_1_575' title='bbox 1429 2532 1456 2568; x_wconf 88' lang='grc'>4</span> <span class='ocrx_word' id='word_1_576' title='bbox 1468 2528 1545 2591; x_wconf 80' lang='lat' dir='ltr'><strong>(v.</strong></span> <span class='ocrx_word' id='word_1_577' title='bbox 1605 2527 1750 2581; x_wconf 82' lang='lat' dir='ltr'><strong>ativus)</strong></span> <span class='ocrx_word' id='word_1_578' title='bbox 1793 2549 1803 2560; x_wconf 66' lang='grc' dir='ltr'><strong>ι</strong></span> <span class='ocrx_word' id='word_1_579' title='bbox 1847 2543 1851 2549; x_wconf 90' lang='lat'>·</span> 
     </span>
    </p>

    <p class='ocr_par' dir='ltr' id='par_1_25' title="bbox 1249 2527 2123 2847">
     <span class='ocr_line' id='line_1_103' title="bbox 1249 2527 2123 2638; baseline 0 -18"><span class='ocrx_word' id='word_1_580' title='bbox 1249 2581 1397 2621; x_wconf 89' lang='lat' dir='ltr'><strong>Lesbus</strong></span> <span class='ocrx_word' id='word_1_581' title='bbox 1443 2581 1509 2628; x_wconf 87' lang='lat' dir='ltr'><strong>xii,</strong></span> <span class='ocrx_word' id='word_1_582' title='bbox 1529 2585 1554 2622; x_wconf 78' lang='grc'><strong>3</strong></span> <span class='ocrx_word' id='word_1_583' title='bbox 1595 2527 1772 2638; x_wconf 19' lang='lat' dir='ltr'><strong>(insula)</strong></span> <span class='ocrx_word' id='word_1_584' title='bbox 1755 2593 1810 2620; x_wconf 87' lang='grc' dir='ltr'><strong>ιιι</strong></span> <span class='ocrx_word' id='word_1_585' title='bbox 1820 2581 1955 2633; x_wconf 85' lang='lat' dir='ltr'><strong>AEgeo</strong></span> <span class='ocrx_word' id='word_1_586' title='bbox 1971 2543 2123 2633; x_wconf 77' lang='lat' dir='ltr'><strong>pelago</strong></span> 
     </span>
     <span class='ocr_line' id='line_1_104' title="bbox 1302 2610 2124 2698; baseline -0.001 -25"><span class='ocrx_word' id='word_1_587' title='bbox 1302 2610 1581 2698; x_wconf 83' lang='lat' dir='ltr'><strong>magnitudine</strong></span> <span class='ocrx_word' id='word_1_588' title='bbox 1599 2635 1691 2674; x_wconf 85' lang='lat' dir='ltr'><strong>soli</strong></span> <span class='ocrx_word' id='word_1_589' title='bbox 1693 2633 1867 2673; x_wconf 76' lang='lat' dir='ltr'><strong>Euboeae</strong></span> <span class='ocrx_word' id='word_1_590' title='bbox 1883 2635 2124 2681; x_wconf 79' lang='lat' dir='ltr'><strong>concedens,</strong></span> 
     </span>
     <span class='ocr_line' id='line_1_105' title="bbox 1302 2687 2125 2740; baseline 0 -14"><span class='ocrx_word' id='word_1_591' title='bbox 1302 2687 1422 2740; x_wconf 88' lang='lat' dir='ltr'><strong>inque</strong></span> <span class='ocrx_word' id='word_1_592' title='bbox 1440 2687 1645 2728; x_wconf 84' lang='lat' dir='ltr'><strong>meridiem</strong></span> <span class='ocrx_word' id='word_1_593' title='bbox 1655 2699 1680 2726; x_wconf 87' lang='lat' dir='ltr'><strong>a</strong></span> <span class='ocrx_word' id='word_1_594' title='bbox 1690 2687 1962 2740; x_wconf 87' lang='lat' dir='ltr'><strong>Septentrione</strong></span> <span class='ocrx_word' id='word_1_595' title='bbox 1973 2697 2125 2739; x_wconf 86' lang='lat' dir='ltr'><strong>porrec-</strong></span> 
     </span>
     <span class='ocr_line' id='line_1_106' title="bbox 1303 2739 2126 2781; baseline 0 -2"><span class='ocrx_word' id='word_1_596' title='bbox 1303 2747 1358 2780; x_wconf 91' lang='lat' dir='ltr'><strong>ta.</strong></span> <span class='ocrx_word' id='word_1_597' title='bbox 1385 2741 1440 2781; x_wconf 90' lang='lat' dir='ltr'><strong>V.</strong></span> <span class='ocrx_word' id='word_1_598' title='bbox 1454 2741 1564 2780; x_wconf 87' lang='lat' dir='ltr'><strong>Ubb.</strong></span> <span class='ocrx_word' id='word_1_599' title='bbox 1595 2741 1722 2780; x_wconf 86' lang='lat' dir='ltr'><strong>Emm.</strong></span> <span class='ocrx_word' id='word_1_600' title='bbox 1753 2747 1847 2780; x_wconf 88' lang='lat' dir='ltr'><strong>tom.</strong></span> <span class='ocrx_word' id='word_1_601' title='bbox 1884 2745 1922 2781; x_wconf 90' lang='lat' dir='ltr'><strong>l.</strong></span> <span class='ocrx_word' id='word_1_602' title='bbox 1949 2746 2029 2780; x_wconf 83' lang='lat' dir='ltr'><strong>vet.</strong></span> <span class='ocrx_word' id='word_1_603' title='bbox 2057 2739 2126 2780; x_wconf 87' lang='lat' dir='ltr'><strong>Gr.</strong></span> 
     </span>
     <span class='ocr_line' id='line_1_107' title="bbox 1302 2794 1508 2847; baseline 0.015 -15"><span class='ocrx_word' id='word_1_604' title='bbox 1302 2807 1393 2847; x_wconf 87' lang='lat' dir='ltr'><strong>pag.</strong></span> <span class='ocrx_word' id='word_1_605' title='bbox 1408 2794 1508 2847; x_wconf 69' lang='lat'><strong>149)</strong></span> 
     </span>
    </p>

    <p class='ocr_par' dir='ltr' id='par_1_26' title="bbox 1250 2845 2123 2899">
     <span class='ocr_line' id='line_1_108' title="bbox 1250 2845 2123 2899; baseline -0.003 -12"><span class='ocrx_word' id='word_1_606' title='bbox 1250 2848 1348 2887; x_wconf 79' lang='lat' dir='ltr'><strong>Leto</strong></span> <span class='ocrx_word' id='word_1_607' title='bbox 1384 2848 1484 2893; x_wconf 84' lang='lat' dir='ltr'><strong>affici</strong></span> <span class='ocrx_word' id='word_1_608' title='bbox 1520 2848 1569 2886; x_wconf 91' lang='lat' dir='ltr'><strong>ab</strong></span> <span class='ocrx_word' id='word_1_609' title='bbox 1598 2847 1728 2899; x_wconf 81' lang='lat' dir='ltr'><strong>aliquo</strong></span> <span class='ocrx_word' id='word_1_610' title='bbox 1763 2846 1902 2899; x_wconf 79' lang='lat' dir='ltr'><strong>(paulo</strong></span> <span class='ocrx_word' id='word_1_611' title='bbox 1938 2853 2059 2885; x_wconf 82' lang='lat' dir='ltr'><strong>ante.</strong></span> <span class='ocrx_word' id='word_1_612' title='bbox 2084 2845 2123 2883; x_wconf 87' lang='lat' dir='ltr'><strong>in</strong></span> 
     </span>
    </p>

    <p class='ocr_par' dir='ltr' id='par_1_27' title="bbox 1248 2899 1971 2961">
     <span class='ocr_line' id='line_1_109' title="bbox 1248 2899 1971 2961; baseline 0 -21"><span class='ocrx_word' id='word_1_613' title='bbox 1248 2933 1250 2935; x_wconf 81' lang='lat'><strong>.</strong></span> <span class='ocrx_word' id='word_1_614' title='bbox 1303 2901 1435 2952; x_wconf 87' lang='lat' dir='ltr'><strong>praelio</strong></span> <span class='ocrx_word' id='word_1_615' title='bbox 1455 2901 1584 2940; x_wconf 87' lang='lat' dir='ltr'><strong>occidi</strong></span> <span class='ocrx_word' id='word_1_616' title='bbox 1601 2901 1650 2939; x_wconf 87' lang='lat' dir='ltr'><strong>ab</strong></span> <span class='ocrx_word' id='word_1_617' title='bbox 1670 2899 1824 2961; x_wconf 87' lang='lat' dir='ltr'><strong>aliquo)</strong></span> <span class='ocrx_word' id='word_1_618' title='bbox 1849 2901 1926 2946; x_wconf 85' lang='lat' dir='ltr'><strong>xxi,</strong></span> <span class='ocrx_word' id='word_1_619' title='bbox 1946 2904 1971 2940; x_wconf 78' lang='grc'><strong>3</strong></span> 
     </span>
    </p>

    <p class='ocr_par' dir='ltr' id='par_1_28' title="bbox 1249 2948 2124 3165">
     <span class='ocr_line' id='line_1_110' title="bbox 1249 2948 2124 3006; baseline -0.002 -13"><span class='ocrx_word' id='word_1_620' title='bbox 1249 2953 1328 2993; x_wconf 65' lang='lat' dir='ltr'><strong>Lex</strong></span> <span class='ocrx_word' id='word_1_621' title='bbox 1319 2968 1423 2994; x_wconf 85' lang='lat' dir='ltr'><strong>are</strong></span> <span class='ocrx_word' id='word_1_622' title='bbox 1451 2967 1555 3006; x_wconf 78' lang='lat' dir='ltr'><strong>soepe</strong></span> <span class='ocrx_word' id='word_1_623' title='bbox 1574 2954 1652 2992; x_wconf 88' lang='lat' dir='ltr'><strong>suis</strong></span> <span class='ocrx_word' id='word_1_624' title='bbox 1663 2952 1824 3006; x_wconf 86' lang='lat' dir='ltr'><strong>opibus</strong></span> <span class='ocrx_word' id='word_1_625' title='bbox 1812 2953 1984 3004; x_wconf 81' lang='lat' dir='ltr'><strong>inopiam</strong></span> <span class='ocrx_word' id='word_1_626' title='bbox 1999 2948 2124 2991; x_wconf 77' lang='lat' dir='ltr'><strong>Athe-</strong></span> 
     </span>
     <span class='ocr_line' id='line_1_111' title="bbox 1302 3006 2123 3059; baseline 0 -14"><span class='ocrx_word' id='word_1_627' title='bbox 1302 3007 1493 3046; x_wconf 85' lang='lat' dir='ltr'><strong>niensium</strong></span> <span class='ocrx_word' id='word_1_628' title='bbox 1544 3007 1738 3059; x_wconf 88' lang='lat' dir='ltr'><strong>publicam</strong></span> <span class='ocrx_word' id='word_1_629' title='bbox 1775 3006 1917 3045; x_wconf 88' lang='lat' dir='ltr'><strong>levavit</strong></span> <span class='ocrx_word' id='word_1_630' title='bbox 1971 3018 2060 3052; x_wconf 82' lang='lat' dir='ltr'><strong>xxv,</strong></span> <span class='ocrx_word' id='word_1_631' title='bbox 2097 3010 2123 3045; x_wconf 83' lang='grc'>2</span> 
     </span>
     <span class='ocr_line' id='line_1_112' title="bbox 1305 3058 2125 3111; baseline -0.001 -13"><span class='ocrx_word' id='word_1_632' title='bbox 1305 3061 1420 3110; x_wconf 89' lang='lat' dir='ltr'><strong>paulo</strong></span> <span class='ocrx_word' id='word_1_633' title='bbox 1435 3067 1551 3102; x_wconf 87' lang='lat' dir='ltr'><strong>ante.</strong></span> <span class='ocrx_word' id='word_1_634' title='bbox 1581 3060 1749 3111; x_wconf 90' lang='lat' dir='ltr'><strong>pecunia</strong></span> <span class='ocrx_word' id='word_1_635' title='bbox 1766 3059 1981 3098; x_wconf 79' lang='lat' dir='ltr'><strong>sublevavit</strong></span> <span class='ocrx_word' id='word_1_636' title='bbox 2003 3065 2045 3098; x_wconf 86' lang='lat' dir='ltr'><strong>et</strong></span> <span class='ocrx_word' id='word_1_637' title='bbox 2057 3058 2125 3110; x_wconf 86' lang='lat' dir='ltr'><strong>ju-</strong></span> 
     </span>
     <span class='ocr_line' id='line_1_113' title="bbox 1302 3113 1611 3165; baseline 0.003 -15"><span class='ocrx_word' id='word_1_638' title='bbox 1302 3115 1358 3151; x_wconf 90' lang='lat' dir='ltr'><strong>vit</strong></span> <span class='ocrx_word' id='word_1_639' title='bbox 1376 3114 1515 3165; x_wconf 89' lang='lat' dir='ltr'><strong>opibus</strong></span> <span class='ocrx_word' id='word_1_640' title='bbox 1533 3113 1611 3151; x_wconf 88' lang='lat' dir='ltr'><strong>suis</strong></span> 
     </span>
    </p>

    <p class='ocr_par' dir='ltr' id='par_1_29' title="bbox 1249 3165 2123 3378">
     <span class='ocr_line' id='line_1_114' title="bbox 1249 3165 2123 3227; baseline -0.005 -21"><span class='ocrx_word' id='word_1_641' title='bbox 1249 3166 1461 3220; x_wconf 83' lang='lat' dir='ltr'><strong>Leucosyri</strong></span> <span class='ocrx_word' id='word_1_642' title='bbox 1488 3167 1565 3213; x_wconf 87' lang='lat' dir='ltr'><strong>xiv,</strong></span> <span class='ocrx_word' id='word_1_643' title='bbox 1581 3170 1603 3206; x_wconf 88' lang='lat'>1</span> <span class='ocrx_word' id='word_1_644' title='bbox 1633 3165 1840 3227; x_wconf 87' lang='lat' dir='ltr'><strong>(quinunc</strong></span> <span class='ocrx_word' id='word_1_645' title='bbox 1853 3165 2123 3216; x_wconf 78' lang='lat' dir='ltr'><strong>Cappadoces.</strong></span> 
     </span>
     <span class='ocr_line' id='line_1_115' title="bbox 1303 3217 2123 3259; baseline -0.005 0"><span class='ocrx_word' id='word_1_646' title='bbox 1303 3219 1438 3259; x_wconf 88' lang='lat' dir='ltr'><strong>Lamb.</strong></span> <span class='ocrx_word' id='word_1_647' title='bbox 1467 3220 1522 3259; x_wconf 85' lang='lat' dir='ltr'><strong>sic</strong></span> <span class='ocrx_word' id='word_1_648' title='bbox 1552 3218 1648 3259; x_wconf 89' lang='lat' dir='ltr'><strong>dicti</strong></span> <span class='ocrx_word' id='word_1_649' title='bbox 1677 3220 1727 3258; x_wconf 88' lang='lat' dir='ltr'><strong>ad</strong></span> <span class='ocrx_word' id='word_1_650' title='bbox 1751 3218 2008 3258; x_wconf 85' lang='lat' dir='ltr'><strong>differentiam</strong></span> <span class='ocrx_word' id='word_1_651' title='bbox 2025 3217 2123 3256; x_wconf 77' lang='lat' dir='ltr'><strong>fusci</strong></span> 
     </span>
     <span class='ocr_line' id='line_1_116' title="bbox 1301 3270 2125 3334; baseline -0.004 -22"><span class='ocrx_word' id='word_1_652' title='bbox 1301 3273 1440 3312; x_wconf 90' lang='lat' dir='ltr'><strong>eoloris</strong></span> <span class='ocrx_word' id='word_1_653' title='bbox 1464 3273 1659 3334; x_wconf 86' lang='lat' dir='ltr'><strong>Syrorum</strong></span> <span class='ocrx_word' id='word_1_654' title='bbox 1702 3273 1917 3312; x_wconf 86' lang='lat' dir='ltr'><strong>Loccenius</strong></span> <span class='ocrx_word' id='word_1_655' title='bbox 1946 3284 1994 3310; x_wconf 82' lang='lat' dir='ltr'><strong>ex</strong></span> <span class='ocrx_word' id='word_1_656' title='bbox 2024 3270 2125 3310; x_wconf 69' lang='lat' dir='ltr'><strong>Ens-</strong></span> 
     </span>
     <span class='ocr_line' id='line_1_117' title="bbox 1299 3325 1804 3378; baseline -0.004 -12"><span class='ocrx_word' id='word_1_657' title='bbox 1299 3328 1397 3366; x_wconf 88' lang='lat' dir='ltr'><strong>tath.</strong></span> <span class='ocrx_word' id='word_1_658' title='bbox 1415 3327 1536 3366; x_wconf 86' lang='lat' dir='ltr'><strong>schol.</strong></span> <span class='ocrx_word' id='word_1_659' title='bbox 1552 3326 1594 3365; x_wconf 89' lang='lat' dir='ltr'><strong>in</strong></span> <span class='ocrx_word' id='word_1_660' title='bbox 1612 3325 1804 3378; x_wconf 89' lang='lat' dir='ltr'><strong>Dionys.)</strong></span> 
     </span>
    </p>

    <p class='ocr_par' dir='ltr' id='par_1_30' title="bbox 1247 3377 2124 3536">
     <span class='ocr_line' id='line_1_118' title="bbox 1247 3377 2124 3435; baseline -0.005 -16"><span class='ocrx_word' id='word_1_661' title='bbox 1247 3379 1413 3419; x_wconf 88' lang='lat' dir='ltr'><strong>Leuctra</strong></span> <span class='ocrx_word' id='word_1_662' title='bbox 1448 3379 1578 3435; x_wconf 84' lang='lat' dir='ltr'><strong>(vicus</strong></span> <span class='ocrx_word' id='word_1_663' title='bbox 1615 3379 1794 3426; x_wconf 82' lang='lat' dir='ltr'><strong>Boeotiae,</strong></span> <span class='ocrx_word' id='word_1_664' title='bbox 1829 3379 1881 3417; x_wconf 89' lang='lat' dir='ltr'><strong>de</strong></span> <span class='ocrx_word' id='word_1_665' title='bbox 1912 3389 1992 3428; x_wconf 91' lang='lat' dir='ltr'><strong>quo</strong></span> <span class='ocrx_word' id='word_1_666' title='bbox 2034 3377 2124 3416; x_wconf 77' lang='lat' dir='ltr'><strong>vide</strong></span> 
     </span>
     <span class='ocr_line' id='line_1_119' title="bbox 1301 3431 2124 3482; baseline -0.001 -10"><span class='ocrx_word' id='word_1_667' title='bbox 1301 3434 1451 3472; x_wconf 87' lang='lat' dir='ltr'><strong>Meurs.</strong></span> <span class='ocrx_word' id='word_1_668' title='bbox 1468 3433 1651 3473; x_wconf 87' lang='lat' dir='ltr'><strong>Laconie.</strong></span> <span class='ocrx_word' id='word_1_669' title='bbox 1677 3433 1732 3478; x_wconf 80' lang='lat' dir='ltr'><strong>iv,</strong></span> <span class='ocrx_word' id='word_1_670' title='bbox 1747 3431 1824 3482; x_wconf 95' lang='grc'><strong>7)·</strong></span> <span class='ocrx_word' id='word_1_671' title='bbox 1843 3431 1986 3469; x_wconf 79' lang='lat' dir='ltr'><strong>accidit</strong></span> <span class='ocrx_word' id='word_1_672' title='bbox 2002 3431 2124 3471; x_wconf 87' lang='lat' dir='ltr'><strong>Lace-</strong></span> 
     </span>
     <span class='ocr_line' id='line_1_120' title="bbox 1301 3484 2124 3536; baseline 0.004 -12"><span class='ocrx_word' id='word_1_673' title='bbox 1301 3487 1502 3524; x_wconf 73' lang='lat' dir='ltr'><strong>daemoniis</strong></span> <span class='ocrx_word' id='word_1_674' title='bbox 1516 3485 1712 3525; x_wconf 84' lang='lat' dir='ltr'><strong>calamitas</strong></span> <span class='ocrx_word' id='word_1_675' title='bbox 1727 3497 1791 3536; x_wconf 81' lang='lat' dir='ltr'><strong>ap.</strong></span> <span class='ocrx_word' id='word_1_676' title='bbox 1810 3484 1974 3524; x_wconf 88' lang='lat' dir='ltr'><strong>Leuctra</strong></span> <span class='ocrx_word' id='word_1_677' title='bbox 1994 3487 2085 3534; x_wconf 79' lang='lat' dir='ltr'><strong>xvii,</strong></span> <span class='ocrx_word' id='word_1_678' title='bbox 2097 3492 2124 3527; x_wconf 92' lang='lat'><strong>6</strong></span> 
     </span>
    </p>

    <p class='ocr_par' dir='ltr' id='par_1_31' title="bbox 1251 3538 2125 3593">
     <span class='ocr_line' id='line_1_121' title="bbox 1251 3538 2125 3593; baseline 0 -15"><span class='ocrx_word' id='word_1_679' title='bbox 1251 3538 1453 3579; x_wconf 84' lang='lat' dir='ltr'><strong>Leuctrica</strong></span> <span class='ocrx_word' id='word_1_680' title='bbox 1472 3551 1601 3591; x_wconf 83' lang='lat' dir='ltr'><strong>pugna</strong></span> <span class='ocrx_word' id='word_1_681' title='bbox 1629 3550 1691 3584; x_wconf 82' lang='lat' dir='ltr'><strong>xv,</strong></span> <span class='ocrx_word' id='word_1_682' title='bbox 1711 3542 1836 3578; x_wconf 84' lang='lat'><strong>6.10.</strong></span> <span class='ocrx_word' id='word_1_683' title='bbox 1863 3539 1938 3586; x_wconf 80' lang='lat' dir='ltr'><strong>xvi,</strong></span> <span class='ocrx_word' id='word_1_684' title='bbox 1966 3544 1991 3581; x_wconf 81' lang='lat'>4</span> <span class='ocrx_word' id='word_1_685' title='bbox 2037 3546 2125 3593; x_wconf 83' lang='lat' dir='ltr'><strong>post</strong></span> 
     </span>
    </p>
   </div>
  </div>
 </body>
</html>
