<?xml version="1.0" encoding="UTF-8"?>
<!DOCTYPE html PUBLIC "-//W3C//DTD XHTML 1.0 Transitional//EN"
    "http://www.w3.org/TR/xhtml1/DTD/xhtml1-transitional.dtd">
<html xmlns="http://www.w3.org/1999/xhtml" xml:lang="en" lang="en">
 <head>
  <title>
</title>
<meta http-equiv="Content-Type" content="text/html;charset=utf-8" />
  <meta name='ocr-system' content='tesseract 3.04.00' />
  <meta name='ocr-capabilities' content='ocr_page ocr_carea ocr_par ocr_line ocrx_word'/>
</head>
<body>
  <div class='ocr_page' id='page_1' title='image "./vitaeexcellentiu02nepouoft_0237.png"; bbox 0 0 2306 3900; ppageno 0'>
   <div class='ocr_carea' id='block_1_1' title="bbox 613 301 1587 367">
    <p class='ocr_par' dir='ltr' id='par_1_1' title="bbox 613 301 1587 367">
     <span class='ocr_line' id='line_1_1' title="bbox 613 301 1587 367; baseline -0.003 -12"><span class='ocrx_word' id='word_1_1' title='bbox 613 311 811 355; x_wconf 81' lang='lat' dir='ltr'><strong>xxm.</strong></span> <span class='ocrx_word' id='word_1_2' title='bbox 875 310 1323 367; x_wconf 74' lang='lat' dir='ltr'><strong>HANNmALEM,</strong></span> <span class='ocrx_word' id='word_1_3' title='bbox 1362 311 1502 355; x_wconf 64' lang='lat' dir='ltr'><strong>car.</strong></span> <span class='ocrx_word' id='word_1_4' title='bbox 1534 301 1587 356; x_wconf 78' lang='lat'><strong>⁸7.</strong></span> 
     </span>
    </p>
   </div>
   <div class='ocr_carea' id='block_1_2' title="bbox 182 429 1085 1818">
    <p class='ocr_par' dir='ltr' id='par_1_2' title="bbox 182 429 1075 986">
     <span class='ocr_line' id='line_1_2' title="bbox 182 429 1070 486; baseline -0.003 -9"><span class='ocrx_word' id='word_1_5' title='bbox 182 432 363 482; x_wconf 73' lang='grc' dir='ltr'><strong><em>Ἀννίβας</em></strong></span> <span class='ocrx_word' id='word_1_6' title='bbox 391 431 434 476; x_wconf 66' lang='grc' dir='ltr'><strong>δὲ</strong></span> <span class='ocrx_word' id='word_1_7' title='bbox 450 432 535 486; x_wconf 65' lang='grc' dir='ltr'><strong>μετ’</strong></span> <span class='ocrx_word' id='word_1_8' title='bbox 561 429 708 485; x_wconf 77' lang='grc' dir='ltr'><strong>ὀλίγων</strong></span> <span class='ocrx_word' id='word_1_9' title='bbox 732 430 878 474; x_wconf 74' lang='grc' dir='ltr'><em>ἱππέων</em></span> <span class='ocrx_word' id='word_1_10' title='bbox 904 431 1006 474; x_wconf 78' lang='grc' dir='ltr'><strong>κατὰ</strong></span> <span class='ocrx_word' id='word_1_11' title='bbox 1022 432 1070 474; x_wconf 73' lang='grc' dir='ltr'><strong>τὸ</strong></span> 
     </span>
     <span class='ocr_line' id='line_1_3' title="bbox 187 494 1071 549; baseline -0.002 -11"><span class='ocrx_word' id='word_1_12' title='bbox 187 496 353 549; x_wconf 77' lang='grc' dir='ltr'><strong><em>συνεχὲς</em></strong></span> <span class='ocrx_word' id='word_1_13' title='bbox 394 494 619 547; x_wconf 73' lang='grc' dir='ltr'><strong><em>ποιούμενος</em></strong></span> <span class='ocrx_word' id='word_1_14' title='bbox 643 494 718 544; x_wconf 72' lang='grc' dir='ltr'><strong>τὴν</strong></span> <span class='ocrx_word' id='word_1_15' title='bbox 751 495 999 549; x_wconf 76' lang='grc' dir='ltr'><strong><em>ἀναχώρησιν</em></strong></span> <span class='ocrx_word' id='word_1_16' title='bbox 1031 496 1071 537; x_wconf 80' lang='grc' dir='ltr'><strong>ἐς</strong></span> 
     </span>
     <span class='ocr_line' id='line_1_4' title="bbox 185 557 1074 614; baseline -0.002 -13"><span class='ocrx_word' id='word_1_17' title='bbox 185 559 407 614; x_wconf 77' lang='grc' dir='ltr'><strong>Ἀδρύμητα</strong></span> <span class='ocrx_word' id='word_1_18' title='bbox 445 558 621 607; x_wconf 75' lang='grc' dir='ltr'><strong><em>διεσώθη·</em></strong></span> <span class='ocrx_word' id='word_1_19' title='bbox 664 557 795 600; x_wconf 76' lang='grc' dir='ltr'><strong><em>πάντα</em></strong></span> <span class='ocrx_word' id='word_1_20' title='bbox 834 558 889 599; x_wconf 79' lang='grc' dir='ltr'><strong>τὰ</strong></span> <span class='ocrx_word' id='word_1_21' title='bbox 928 557 1074 600; x_wconf 74' lang='grc' dir='ltr'><strong><em>δυνατὰ</em></strong></span> 
     </span>
     <span class='ocr_line' id='line_1_5' title="bbox 186 620 1073 674; baseline -0.002 -9"><span class='ocrx_word' id='word_1_22' title='bbox 186 623 353 673; x_wconf 66' lang='grc' dir='ltr'><strong><em>ποιήσας</em></strong></span> <span class='ocrx_word' id='word_1_23' title='bbox 376 621 479 664; x_wconf 78' lang='grc' dir='ltr'><strong><em>κατὰ</em></strong></span> <span class='ocrx_word' id='word_1_24' title='bbox 505 620 575 663; x_wconf 79' lang='grc' dir='ltr'><strong>τὸν</strong></span> <span class='ocrx_word' id='word_1_25' title='bbox 589 620 775 674; x_wconf 75' lang='grc' dir='ltr'><strong><em>κίνδυνον,</em></strong></span> <span class='ocrx_word' id='word_1_26' title='bbox 793 620 869 663; x_wconf 80' lang='grc' dir='ltr'><strong>ὅσα</strong></span> <span class='ocrx_word' id='word_1_27' title='bbox 886 621 956 663; x_wconf 82' lang='grc' dir='ltr'><strong>τὸν</strong></span> <span class='ocrx_word' id='word_1_28' title='bbox 974 622 1073 674; x_wconf 81' lang='grc' dir='ltr'><strong>ἀγα-</strong></span> 
     </span>
     <span class='ocr_line' id='line_1_6' title="bbox 188 684 1073 740; baseline -0.003 -12"><span class='ocrx_word' id='word_1_29' title='bbox 188 686 256 728; x_wconf 81' lang='grc' dir='ltr'><strong>θὸν</strong></span> <span class='ocrx_word' id='word_1_30' title='bbox 295 685 372 728; x_wconf 73' lang='grc' dir='ltr'><strong><em>ἔδει</em></strong></span> <span class='ocrx_word' id='word_1_31' title='bbox 415 685 655 740; x_wconf 77' lang='grc' dir='ltr'><strong><em>στρατηγὸν,</em></strong></span> <span class='ocrx_word' id='word_1_32' title='bbox 689 684 756 726; x_wconf 73' lang='grc' dir='ltr'><strong>καὶ</strong></span> <span class='ocrx_word' id='word_1_33' title='bbox 795 687 960 726; x_wconf 78' lang='grc' dir='ltr'>πολλῶν</span> <span class='ocrx_word' id='word_1_34' title='bbox 997 686 1073 735; x_wconf 81' lang='grc' dir='ltr'><strong>ἤδη</strong></span> 
     </span>
     <span class='ocr_line' id='line_1_7' title="bbox 187 747 1075 804; baseline -0.001 -13"><span class='ocrx_word' id='word_1_35' title='bbox 187 749 427 804; x_wconf 68' lang='grc' dir='ltr'><strong><em>πραγμάτων</em></strong></span> <span class='ocrx_word' id='word_1_36' title='bbox 451 751 588 803; x_wconf 72' lang='grc' dir='ltr'><strong><em>πεῖραν</em></strong></span> <span class='ocrx_word' id='word_1_37' title='bbox 611 747 818 801; x_wconf 79' lang='grc' dir='ltr'><strong><em>εἰληφότα.</em></strong></span> <span class='ocrx_word' id='word_1_38' title='bbox 873 749 984 791; x_wconf 86' lang='lat' dir='ltr'><strong>Inde</strong></span> <span class='ocrx_word' id='word_1_39' title='bbox 1004 762 1075 791; x_wconf 84' lang='lat' dir='ltr'><strong>ac·</strong></span> 
     </span>
     <span class='ocr_line' id='line_1_8' title="bbox 189 813 1075 866; baseline -0.003 -9"><span class='ocrx_word' id='word_1_40' title='bbox 189 815 300 857; x_wconf 86' lang='lat' dir='ltr'><strong>citus</strong></span> <span class='ocrx_word' id='word_1_41' title='bbox 319 813 626 866; x_wconf 85' lang='lat' dir='ltr'><strong>Carthaginem</strong></span> <span class='ocrx_word' id='word_1_42' title='bbox 646 818 771 855; x_wconf 86' lang='lat' dir='ltr'><strong>sexto</strong></span> <span class='ocrx_word' id='word_1_43' title='bbox 790 818 836 855; x_wconf 88' lang='lat' dir='ltr'><strong>et</strong></span> <span class='ocrx_word' id='word_1_44' title='bbox 856 813 1075 855; x_wconf 89' lang='lat' dir='ltr'><strong>tricesimo</strong></span> 
     </span>
     <span class='ocr_line' id='line_1_9' title="bbox 186 875 1075 932; baseline -0.003 -12"><span class='ocrx_word' id='word_1_45' title='bbox 186 883 290 932; x_wconf 85' lang='lat' dir='ltr'><strong>post</strong></span> <span class='ocrx_word' id='word_1_46' title='bbox 306 890 432 931; x_wconf 91' lang='lat' dir='ltr'><strong>auno,</strong></span> <span class='ocrx_word' id='word_1_47' title='bbox 451 890 579 932; x_wconf 85' lang='lat' dir='ltr'><strong>quam</strong></span> <span class='ocrx_word' id='word_1_48' title='bbox 598 889 706 931; x_wconf 86' lang='lat' dir='ltr'><strong>puer</strong></span> <span class='ocrx_word' id='word_1_49' title='bbox 723 877 826 918; x_wconf 87' lang='lat' dir='ltr'><strong>inde</strong></span> <span class='ocrx_word' id='word_1_50' title='bbox 850 875 1075 930; x_wconf 79' lang='lat' dir='ltr'><strong>profectus</strong></span> 
     </span>
     <span class='ocr_line' id='line_1_10' title="bbox 190 942 902 986; baseline 0.003 -2"><span class='ocrx_word' id='word_1_51' title='bbox 190 947 301 985; x_wconf 88' lang='lat' dir='ltr'><strong>crat.</strong></span> <span class='ocrx_word' id='word_1_52' title='bbox 319 942 480 984; x_wconf 84' lang='lat' dir='ltr'><strong>Livius.</strong></span> <span class='ocrx_word' id='word_1_53' title='bbox 900 983 902 986; x_wconf 90' lang='lat'><strong>.</strong></span> 
     </span>
    </p>

    <p class='ocr_par' dir='ltr' id='par_1_3' title="bbox 188 1003 1085 1818">
     <span class='ocr_line' id='line_1_11' title="bbox 205 1003 1077 1058; baseline -0.002 -10"><span class='ocrx_word' id='word_1_54' title='bbox 205 1035 213 1039; x_wconf 88' lang='lat'><em>-</em></span> <span class='ocrx_word' id='word_1_55' title='bbox 243 1006 508 1048; x_wconf 74' lang='lat' dir='ltr'><strong>Adrumetam</strong></span> <span class='ocrx_word' id='word_1_56' title='bbox 515 1004 712 1058; x_wconf 75' lang='lat' dir='ltr'><strong>pervenit]</strong></span> <span class='ocrx_word' id='word_1_57' title='bbox 727 1003 962 1058; x_wconf 72' lang='grc' dir='ltr'><strong><em>Ἀδρύμητα.</em></strong></span> <span class='ocrx_word' id='word_1_58' title='bbox 980 1005 1077 1046; x_wconf 74' lang='lat' dir='ltr'><strong>Ma·</strong></span> 
     </span>
     <span class='ocr_line' id='line_1_12' title="bbox 198 1068 1083 1124; baseline -0.002 -12"><span class='ocrx_word' id='word_1_59' title='bbox 198 1072 242 1112; x_wconf 82' lang='lat' dir='ltr'><strong>le</strong></span> <span class='ocrx_word' id='word_1_60' title='bbox 263 1069 399 1124; x_wconf 83' lang='lat' dir='ltr'><strong>igitur</strong></span> <span class='ocrx_word' id='word_1_61' title='bbox 425 1070 659 1123; x_wconf 84' lang='lat' dir='ltr'><strong>Longolius</strong></span> <span class='ocrx_word' id='word_1_62' title='bbox 691 1075 739 1110; x_wconf 88' lang='lat' dir='ltr'><strong>et</strong></span> <span class='ocrx_word' id='word_1_63' title='bbox 773 1069 945 1123; x_wconf 87' lang='lat' dir='ltr'><strong>quidam</strong></span> <span class='ocrx_word' id='word_1_64' title='bbox 976 1068 1083 1110; x_wconf 81' lang='lat' dir='ltr'><strong>scri·-</strong></span> 
     </span>
     <span class='ocr_line' id='line_1_13' title="bbox 188 1131 1078 1187; baseline -0.001 -13"><span class='ocrx_word' id='word_1_65' title='bbox 188 1132 300 1175; x_wconf 85' lang='lat' dir='ltr'><strong>bunt</strong></span> <span class='ocrx_word' id='word_1_66' title='bbox 330 1132 552 1187; x_wconf 80' lang='lat' dir='ltr'><strong>eduntque</strong></span> <span class='ocrx_word' id='word_1_67' title='bbox 579 1131 883 1175; x_wconf 65' lang='lat' dir='ltr'><strong>Adrumeticum.</strong></span> <span class='ocrx_word' id='word_1_68' title='bbox 911 1132 1078 1174; x_wconf 76' lang='lat' dir='ltr'><strong>Schott.</strong></span> 
     </span>
     <span class='ocr_line' id='line_1_14' title="bbox 190 1193 1081 1249; baseline 0 -13"><span class='ocrx_word' id='word_1_69' title='bbox 190 1195 324 1249; x_wconf 85' lang='lat' dir='ltr'><strong>Apud</strong></span> <span class='ocrx_word' id='word_1_70' title='bbox 338 1195 594 1241; x_wconf 78' lang='lat' dir='ltr'><strong>Strabonem</strong></span> <span class='ocrx_word' id='word_1_71' title='bbox 610 1201 678 1237; x_wconf 85' lang='lat' dir='ltr'><strong>est</strong></span> <span class='ocrx_word' id='word_1_72' title='bbox 693 1193 877 1247; x_wconf 81' lang='grc' dir='ltr'><strong>Ἀδρύμη.</strong></span> <span class='ocrx_word' id='word_1_73' title='bbox 916 1194 958 1236; x_wconf 88' lang='grc' dir='ltr'>Α</span> <span class='ocrx_word' id='word_1_74' title='bbox 977 1195 1081 1237; x_wconf 87' lang='lat' dir='ltr'><strong>mul·</strong></span> 
     </span>
     <span class='ocr_line' id='line_1_15' title="bbox 192 1258 1079 1311; baseline -0.002 -11"><span class='ocrx_word' id='word_1_75' title='bbox 192 1259 251 1300; x_wconf 76' lang='lat' dir='ltr'><strong>tis</strong></span> <span class='ocrx_word' id='word_1_76' title='bbox 267 1269 367 1300; x_wconf 91' lang='lat' dir='ltr'><strong>cum</strong></span> <span class='ocrx_word' id='word_1_77' title='bbox 397 1258 557 1311; x_wconf 83' lang='lat' dir='ltr'><strong>spiritu</strong></span> <span class='ocrx_word' id='word_1_78' title='bbox 589 1258 813 1310; x_wconf 81' lang='lat' dir='ltr'><strong>scribitur,</strong></span> <span class='ocrx_word' id='word_1_79' title='bbox 838 1259 1079 1310; x_wconf 60' lang='lat' dir='ltr'><strong>Ham-umes,</strong></span> 
     </span>
     <span class='ocr_line' id='line_1_16' title="bbox 193 1321 1081 1373; baseline -0.001 -10"><span class='ocrx_word' id='word_1_80' title='bbox 193 1321 502 1373; x_wconf 68' lang='lat' dir='ltr'><strong><em>Hadrumetum,</em></strong></span> <span class='ocrx_word' id='word_1_81' title='bbox 519 1325 567 1362; x_wconf 91' lang='lat' dir='ltr'><strong>et</strong></span> <span class='ocrx_word' id='word_1_82' title='bbox 582 1321 915 1363; x_wconf 74' lang='lat' dir='ltr'><strong>Hadrumentum.</strong></span> <span class='ocrx_word' id='word_1_83' title='bbox 943 1321 1081 1362; x_wconf 86' lang='lat' dir='ltr'><strong>Vetus</strong></span> 
     </span>
     <span class='ocr_line' id='line_1_17' title="bbox 190 1383 1080 1436; baseline -0.003 -10"><span class='ocrx_word' id='word_1_84' title='bbox 190 1383 442 1436; x_wconf 76' lang='lat' dir='ltr'><strong>inscriptio:</strong></span> <span class='ocrx_word' id='word_1_85' title='bbox 482 1394 686 1425; x_wconf 64' lang='lat' dir='ltr'><strong>comma</strong></span> <span class='ocrx_word' id='word_1_86' title='bbox 711 1393 980 1425; x_wconf 73' lang='lat' dir='ltr'><strong>concoama</strong></span> <span class='ocrx_word' id='word_1_87' title='bbox 1007 1394 1080 1424; x_wconf 82' lang='lat' dir='ltr'><strong>vr.-</strong></span> 
     </span>
     <span class='ocr_line' id='line_1_18' title="bbox 193 1454 1081 1488; baseline -0.003 0"><span class='ocrx_word' id='word_1_88' title='bbox 193 1457 276 1488; x_wconf 73' lang='lat' dir='ltr'><strong>nu</strong></span> <span class='ocrx_word' id='word_1_89' title='bbox 299 1457 511 1488; x_wconf 65' lang='lat' dir='ltr'><strong>muna</strong></span> <span class='ocrx_word' id='word_1_90' title='bbox 549 1457 658 1488; x_wconf 64' lang='lat' dir='ltr'><strong>ave.</strong></span> <span class='ocrx_word' id='word_1_91' title='bbox 696 1456 966 1487; x_wconf 61' lang='lat' dir='ltr'><strong>navarram</strong></span> <span class='ocrx_word' id='word_1_92' title='bbox 992 1454 1081 1486; x_wconf 75' lang='grc' dir='ltr'><strong>ΗΑ-</strong></span> 
     </span>
     <span class='ocr_line' id='line_1_19' title="bbox 194 1509 1082 1563; baseline -0.002 -12"><span class='ocrx_word' id='word_1_93' title='bbox 194 1519 521 1551; x_wconf 62' lang='lat' dir='ltr'><strong>unvisamma.</strong></span> <span class='ocrx_word' id='word_1_94' title='bbox 576 1509 630 1550; x_wconf 90' lang='lat' dir='ltr'><strong>In</strong></span> <span class='ocrx_word' id='word_1_95' title='bbox 668 1509 848 1563; x_wconf 83' lang='lat' dir='ltr'><strong>antiqua</strong></span> <span class='ocrx_word' id='word_1_96' title='bbox 885 1509 1082 1562; x_wconf 86' lang='lat' dir='ltr'><strong>Geogra·</strong></span> 
     </span>
     <span class='ocr_line' id='line_1_20' title="bbox 192 1571 1083 1627; baseline -0.003 -12"><span class='ocrx_word' id='word_1_97' title='bbox 192 1573 293 1627; x_wconf 71' lang='lat' dir='ltr'><strong>plaia</strong></span> <span class='ocrx_word' id='word_1_98' title='bbox 305 1573 536 1614; x_wconf 78' lang='lat' dir='ltr'><strong>Ptolemaei</strong></span> <span class='ocrx_word' id='word_1_99' title='bbox 549 1571 651 1613; x_wconf 89' lang='lat' dir='ltr'><strong>urbs</strong></span> <span class='ocrx_word' id='word_1_100' title='bbox 666 1572 914 1626; x_wconf 85' lang='lat' dir='ltr'><strong>appellatur</strong></span> <span class='ocrx_word' id='word_1_101' title='bbox 927 1571 1083 1626; x_wconf 83' lang='grc' dir='ltr'><strong><em>Ἀδρού-</em></strong></span> 
     </span>
     <span class='ocr_line' id='line_1_21' title="bbox 194 1634 1084 1689; baseline -0.002 -11"><span class='ocrx_word' id='word_1_102' title='bbox 194 1650 347 1687; x_wconf 80' lang='grc' dir='ltr'><strong><em>μιττος.</em></strong></span> <span class='ocrx_word' id='word_1_103' title='bbox 401 1634 536 1689; x_wconf 87' lang='lat' dir='ltr'>Apud</span> <span class='ocrx_word' id='word_1_104' title='bbox 569 1634 809 1688; x_wconf 82' lang='lat' dir='ltr'><strong>Thucydid.</strong></span> <span class='ocrx_word' id='word_1_105' title='bbox 846 1639 912 1676; x_wconf 90' lang='lat' dir='ltr'><strong>est</strong></span> <span class='ocrx_word' id='word_1_106' title='bbox 944 1635 1084 1689; x_wconf 79' lang='grc' dir='ltr'><strong><em>Ἀτρα-</em></strong></span> 
     </span>
     <span class='ocr_line' id='line_1_22' title="bbox 194 1698 1084 1754; baseline 0 -12"><span class='ocrx_word' id='word_1_107' title='bbox 194 1699 356 1752; x_wconf 76' lang='grc' dir='ltr'><strong><em>μύπος,</em></strong></span> <span class='ocrx_word' id='word_1_108' title='bbox 386 1712 466 1752; x_wconf 90' lang='lat' dir='ltr'><strong>pro</strong></span> <span class='ocrx_word' id='word_1_109' title='bbox 495 1712 580 1754; x_wconf 86' lang='lat' dir='ltr'><strong>quo</strong></span> <span class='ocrx_word' id='word_1_110' title='bbox 606 1699 842 1740; x_wconf 82' lang='lat' dir='ltr'><strong>Pausanias</strong></span> <span class='ocrx_word' id='word_1_111' title='bbox 861 1698 1084 1753; x_wconf 72' lang='grc' dir='ltr'><strong>Ἀδραμύτ-</strong></span> 
     </span>
     <span class='ocr_line' id='line_1_23' title="bbox 195 1763 1085 1818; baseline 0 -12"><span class='ocrx_word' id='word_1_112' title='bbox 195 1780 295 1808; x_wconf 69' lang='lat' dir='ltr'><strong>rios.</strong></span> <span class='ocrx_word' id='word_1_113' title='bbox 342 1765 546 1808; x_wconf 72' lang='lat' dir='ltr'><strong>Keuelten.</strong></span> <span class='ocrx_word' id='word_1_114' title='bbox 607 1763 747 1818; x_wconf 83' lang='lat' dir='ltr'><strong>Origo</strong></span> <span class='ocrx_word' id='word_1_115' title='bbox 790 1763 913 1806; x_wconf 82' lang='lat' dir='ltr'><strong>verbi</strong></span> <span class='ocrx_word' id='word_1_116' title='bbox 956 1765 1085 1817; x_wconf 78' lang='lat' dir='ltr'><strong>plane</strong></span> 
     </span>
    </p>
   </div>
   <div class='ocr_carea' id='block_1_3' title="bbox 199 1837 1086 1884">
    <p class='ocr_par' dir='ltr' id='par_1_4' title="bbox 199 1837 1086 1884">
     <span class='ocr_line' id='line_1_24' title="bbox 199 1837 1086 1884; baseline 0 -3"><span class='ocrx_word' id='word_1_117' title='bbox 199 1838 370 1881; x_wconf 89' lang='lat' dir='ltr'><strong>Punica</strong></span> <span class='ocrx_word' id='word_1_118' title='bbox 399 1843 481 1881; x_wconf 88' lang='lat' dir='ltr'><strong>est.</strong></span> <span class='ocrx_word' id='word_1_119' title='bbox 537 1842 631 1884; x_wconf 71' lang='lat' dir='ltr'><strong>rim</strong></span> <span class='ocrx_word' id='word_1_120' title='bbox 655 1842 773 1880; x_wconf 68' lang='grc' dir='ltr'><strong>ἾΥΠ.</strong></span> <span class='ocrx_word' id='word_1_121' title='bbox 831 1837 1086 1881; x_wconf 78' lang='lat' dir='ltr'><strong>UndeAra·</strong></span> 
     </span>
    </p>
   </div>
   <div class='ocr_carea' id='block_1_4' title="bbox 198 1929 1087 1999">
    <p class='ocr_par' dir='ltr' id='par_1_5' title="bbox 198 1929 1087 1999">
     <span class='ocr_line' id='line_1_25' title="bbox 198 1929 1087 1999; baseline 0.004 -27"><span class='ocrx_word' id='word_1_122' title='bbox 198 1929 298 1973; x_wconf 84' lang='lat' dir='ltr'><strong>bice</strong></span> <span class='ocrx_word' id='word_1_123' title='bbox 333 1932 455 1996; x_wconf 40' lang='grc' dir='ltr'><strong>ὢν</strong></span> <span class='ocrx_word' id='word_1_124' title='bbox 476 1941 626 1999; x_wconf 55' lang='lat' dir='ltr'><strong>yn&gt;</strong></span> <span class='ocrx_word' id='word_1_125' title='bbox 654 1931 782 1984; x_wconf 80' lang='lat' dir='ltr'><strong>apice</strong></span> <span class='ocrx_word' id='word_1_126' title='bbox 818 1930 863 1972; x_wconf 92' lang='lat' dir='ltr'><strong>iu</strong></span> <span class='ocrx_word' id='word_1_127' title='bbox 895 1931 1087 1976; x_wconf 88' lang='lat' dir='ltr'><strong>secunda</strong></span> 
     </span>
    </p>
   </div>
   <div class='ocr_carea' id='block_1_5' title="bbox 197 2018 1088 2190">
    <p class='ocr_par' dir='ltr' id='par_1_6' title="bbox 197 2018 1088 2190">
     <span class='ocr_line' id='line_1_26' title="bbox 199 2018 1086 2071; baseline 0.001 -11"><span class='ocrx_word' id='word_1_128' title='bbox 199 2018 331 2060; x_wconf 78' lang='lat' dir='ltr'><strong>litera</strong></span> <span class='ocrx_word' id='word_1_129' title='bbox 344 2018 654 2071; x_wconf 83' lang='lat' dir='ltr'><strong>suprascripto,</strong></span> <span class='ocrx_word' id='word_1_130' title='bbox 670 2023 725 2060; x_wconf 90' lang='lat' dir='ltr'><strong>ut</strong></span> <span class='ocrx_word' id='word_1_131' title='bbox 739 2018 798 2060; x_wconf 86' lang='lat' dir='ltr'><strong>sit</strong></span> <span class='ocrx_word' id='word_1_132' title='bbox 816 2019 1086 2071; x_wconf 69' lang='lat' dir='ltr'><strong>Hadramutlt.</strong></span> 
     </span>
     <span class='ocr_line' id='line_1_27' title="bbox 200 2079 1088 2134; baseline 0 -11"><span class='ocrx_word' id='word_1_133' title='bbox 200 2081 282 2123; x_wconf 86' lang='lat' dir='ltr'><strong>Est</strong></span> <span class='ocrx_word' id='word_1_134' title='bbox 310 2086 463 2123; x_wconf 80' lang='lat' dir='ltr'><strong>autem</strong></span> <span class='ocrx_word' id='word_1_135' title='bbox 489 2080 688 2134; x_wconf 76' lang='lat' dir='ltr'><strong>Adramyt</strong></span> <span class='ocrx_word' id='word_1_136' title='bbox 718 2079 878 2124; x_wconf 76' lang='grc' dir='ltr'><strong>ἔπαυλις</strong></span> <span class='ocrx_word' id='word_1_137' title='bbox 902 2080 1088 2123; x_wconf 79' lang='grc' dir='ltr'><strong>Πλούτω-</strong></span> 
     </span>
     <span class='ocr_line' id='line_1_28' title="bbox 197 2145 1087 2190; baseline 0.001 -4"><span class='ocrx_word' id='word_1_138' title='bbox 197 2159 279 2188; x_wconf 73' lang='grc' dir='ltr'><strong><em>ιιος.</em></strong></span> <span class='ocrx_word' id='word_1_139' title='bbox 335 2146 450 2190; x_wconf 80' lang='lat' dir='ltr'><strong>Nam</strong></span> <span class='ocrx_word' id='word_1_140' title='bbox 485 2145 583 2186; x_wconf 70' lang='lat' dir='ltr'><strong>Mat</strong></span> <span class='ocrx_word' id='word_1_141' title='bbox 626 2145 774 2187; x_wconf 85' lang='lat' dir='ltr'><strong>Poeuis</strong></span> <span class='ocrx_word' id='word_1_142' title='bbox 819 2151 915 2188; x_wconf 88' lang='lat' dir='ltr'><strong>erat</strong></span> <span class='ocrx_word' id='word_1_143' title='bbox 950 2147 1087 2188; x_wconf 86' lang='lat' dir='ltr'><strong>Pluto.</strong></span> 
     </span>
    </p>
   </div>
   <div class='ocr_carea' id='block_1_6' title="bbox 131 2207 602 2261">
    <p class='ocr_par' dir='ltr' id='par_1_7' title="bbox 131 2207 602 2261">
     <span class='ocr_line' id='line_1_29' title="bbox 131 2207 602 2261; baseline -0.004 -9"><span class='ocrx_word' id='word_1_144' title='bbox 131 2210 137 2220; x_wconf 93' lang='lat'><em>&#39;</em></span> <span class='ocrx_word' id='word_1_145' title='bbox 200 2208 381 2261; x_wconf 71' lang='lat' dir='ltr'><strong>Josepb.</strong></span> <span class='ocrx_word' id='word_1_146' title='bbox 397 2207 602 2260; x_wconf 79' lang='lat' dir='ltr'><strong>Scaliger.</strong></span> 
     </span>
    </p>
   </div>
   <div class='ocr_carea' id='block_1_7' title="bbox 203 2269 1099 2831">
    <p class='ocr_par' dir='ltr' id='par_1_8' title="bbox 203 2269 1090 2389">
     <span class='ocr_line' id='line_1_30' title="bbox 215 2269 1090 2326; baseline 0.003 -15"><span class='ocrx_word' id='word_1_147' title='bbox 215 2307 218 2310; x_wconf 85' lang='lat'><strong>.</strong></span> <span class='ocrx_word' id='word_1_148' title='bbox 255 2269 464 2324; x_wconf 76' lang='lat' dir='ltr'><strong>Reliquos]</strong></span> <span class='ocrx_word' id='word_1_149' title='bbox 509 2269 662 2311; x_wconf 88' lang='lat' dir='ltr'><strong>Malim</strong></span> <span class='ocrx_word' id='word_1_150' title='bbox 701 2271 903 2325; x_wconf 74' lang='lat' dir='ltr'><strong>reliquias,</strong></span> <span class='ocrx_word' id='word_1_151' title='bbox 943 2283 1090 2326; x_wconf 84' lang='lat' dir='ltr'><strong>quam·</strong></span> 
     </span>
     <span class='ocr_line' id='line_1_31' title="bbox 203 2331 925 2389; baseline -0.001 -13"><span class='ocrx_word' id='word_1_152' title='bbox 203 2345 332 2389; x_wconf 82' lang='lat' dir='ltr'><strong>quam</strong></span> <span class='ocrx_word' id='word_1_153' title='bbox 351 2339 398 2375; x_wconf 89' lang='lat' dir='ltr'><strong>et</strong></span> <span class='ocrx_word' id='word_1_154' title='bbox 414 2331 520 2374; x_wconf 86' lang='lat' dir='ltr'><strong>illud</strong></span> <span class='ocrx_word' id='word_1_155' title='bbox 540 2331 715 2373; x_wconf 87' lang='lat' dir='ltr'><strong>defendi</strong></span> <span class='ocrx_word' id='word_1_156' title='bbox 735 2338 895 2385; x_wconf 84' lang='lat' dir='ltr'><strong>potest.</strong></span> <span class='ocrx_word' id='word_1_157' title='bbox 920 2356 925 2358; x_wconf 91' lang='lat'><em>-</em></span> 
     </span>
    </p>

    <p class='ocr_par' dir='ltr' id='par_1_9' title="bbox 204 2394 1099 2831">
     <span class='ocr_line' id='line_1_32' title="bbox 211 2394 1095 2450; baseline 0 -11"><span class='ocrx_word' id='word_1_158' title='bbox 211 2444 215 2450; x_wconf 51' lang='grc'>,</span> <span class='ocrx_word' id='word_1_159' title='bbox 261 2396 386 2439; x_wconf 75' lang='lat' dir='ltr'><strong>Novis</strong></span> <span class='ocrx_word' id='word_1_160' title='bbox 406 2394 632 2447; x_wconf 78' lang='lat' dir='ltr'><strong>delectibus,</strong></span> <span class='ocrx_word' id='word_1_161' title='bbox 649 2395 787 2448; x_wconf 76' lang='lat' dir='ltr'><strong>paucis</strong></span> <span class='ocrx_word' id='word_1_162' title='bbox 802 2395 938 2438; x_wconf 84' lang='lat' dir='ltr'><strong>diebus</strong></span> <span class='ocrx_word' id='word_1_163' title='bbox 951 2396 1095 2439; x_wconf 65' lang='lat' dir='ltr'><strong>maltos</strong></span> 
     </span>
     <span class='ocr_line' id='line_1_33' title="bbox 204 2458 1096 2514; baseline 0 -12"><span class='ocrx_word' id='word_1_164' title='bbox 204 2458 427 2512; x_wconf 72' lang='lat' dir='ltr'><strong>contraxit]</strong></span> <span class='ocrx_word' id='word_1_165' title='bbox 452 2460 719 2514; x_wconf 86' lang='lat' dir='ltr'><strong>Legendum,</strong></span> <span class='ocrx_word' id='word_1_166' title='bbox 735 2461 845 2502; x_wconf 76' lang='lat' dir='ltr'><strong>novis</strong></span> <span class='ocrx_word' id='word_1_167' title='bbox 857 2461 1065 2506; x_wconf 74' lang='lat' dir='ltr'><strong>dilectibus</strong></span> <span class='ocrx_word' id='word_1_168' title='bbox 1076 2474 1096 2503; x_wconf 79' lang='grc'><strong>.·,</strong></span> 
     </span>
     <span class='ocr_line' id='line_1_34' title="bbox 204 2523 1099 2578; baseline -0.001 -12"><span class='ocrx_word' id='word_1_169' title='bbox 204 2535 349 2578; x_wconf 81' lang='lat' dir='ltr'><strong>neque</strong></span> <span class='ocrx_word' id='word_1_170' title='bbox 383 2523 561 2565; x_wconf 87' lang='lat' dir='ltr'><strong>dubium</strong></span> <span class='ocrx_word' id='word_1_171' title='bbox 589 2528 684 2576; x_wconf 66' lang='lat' dir='ltr'><strong>est,</strong></span> <span class='ocrx_word' id='word_1_172' title='bbox 700 2524 803 2578; x_wconf 73' lang='lat' dir='ltr'><strong>quin</strong></span> <span class='ocrx_word' id='word_1_173' title='bbox 829 2525 927 2567; x_wconf 83' lang='lat' dir='ltr'><strong>libri</strong></span> <span class='ocrx_word' id='word_1_174' title='bbox 947 2537 1099 2566; x_wconf 45' lang='lat' dir='ltr'><strong>manus</strong></span> 
     </span>
     <span class='ocr_line' id='line_1_35' title="bbox 208 2586 1095 2643; baseline 0 -13"><span class='ocrx_word' id='word_1_175' title='bbox 208 2587 377 2640; x_wconf 87' lang='lat' dir='ltr'><strong>scripti,</strong></span> <span class='ocrx_word' id='word_1_176' title='bbox 389 2587 425 2628; x_wconf 89' lang='lat' dir='ltr'><strong>si</strong></span> <span class='ocrx_word' id='word_1_177' title='bbox 445 2586 573 2629; x_wconf 82' lang='lat' dir='ltr'><strong>modo</strong></span> <span class='ocrx_word' id='word_1_178' title='bbox 592 2598 678 2628; x_wconf 92' lang='lat' dir='ltr'><strong>nou</strong></span> <span class='ocrx_word' id='word_1_179' title='bbox 701 2592 802 2629; x_wconf 90' lang='lat' dir='ltr'><strong>sunt</strong></span> <span class='ocrx_word' id='word_1_180' title='bbox 820 2588 913 2641; x_wconf 70' lang='lat' dir='ltr'><strong>ipsi</strong></span> <span class='ocrx_word' id='word_1_181' title='bbox 923 2601 1095 2643; x_wconf 88' lang='lat' dir='ltr'><strong>quoque</strong></span> 
     </span>
     <span class='ocr_line' id='line_1_36' title="bbox 207 2650 1098 2703; baseline 0.001 -10"><span class='ocrx_word' id='word_1_182' title='bbox 207 2651 423 2703; x_wconf 82' lang='lat' dir='ltr'><strong>mendosi,</strong></span> <span class='ocrx_word' id='word_1_183' title='bbox 449 2651 512 2698; x_wconf 88' lang='lat' dir='ltr'><strong>sic</strong></span> <span class='ocrx_word' id='word_1_184' title='bbox 544 2650 748 2698; x_wconf 80' lang='lat' dir='ltr'><strong>habeant.</strong></span> <span class='ocrx_word' id='word_1_185' title='bbox 805 2652 1098 2694; x_wconf 86' lang='lat' dir='ltr'><strong>Contraxerat</strong></span> 
     </span>
     <span class='ocr_line' id='line_1_37' title="bbox 210 2714 1099 2768; baseline 0.001 -12"><span class='ocrx_word' id='word_1_186' title='bbox 210 2719 355 2756; x_wconf 87' lang='lat' dir='ltr'><strong>autem</strong></span> <span class='ocrx_word' id='word_1_187' title='bbox 380 2714 482 2767; x_wconf 19' lang='lat' dir='ltr'><strong>jam.</strong></span> <span class='ocrx_word' id='word_1_188' title='bbox 519 2725 595 2754; x_wconf 82' lang='lat' dir='ltr'><strong>sex</strong></span> <span class='ocrx_word' id='word_1_189' title='bbox 633 2714 829 2767; x_wconf 89' lang='lat' dir='ltr'><strong>peditum</strong></span> <span class='ocrx_word' id='word_1_190' title='bbox 864 2715 1014 2768; x_wconf 88' lang='lat' dir='ltr'><strong>millia,</strong></span> <span class='ocrx_word' id='word_1_191' title='bbox 1049 2720 1099 2757; x_wconf 88' lang='lat' dir='ltr'><strong>et</strong></span> 
     </span>
     <span class='ocr_line' id='line_1_38' title="bbox 211 2775 1098 2831; baseline -0.003 -13"><span class='ocrx_word' id='word_1_192' title='bbox 211 2775 381 2831; x_wconf 82' lang='lat' dir='ltr'><strong>equites</strong></span> <span class='ocrx_word' id='word_1_193' title='bbox 399 2775 657 2829; x_wconf 87' lang='lat' dir='ltr'><strong>quingentos</strong></span> <span class='ocrx_word' id='word_1_194' title='bbox 687 2776 730 2816; x_wconf 92' lang='lat' dir='ltr'><strong>in</strong></span> <span class='ocrx_word' id='word_1_195' title='bbox 762 2777 871 2818; x_wconf 88' lang='lat' dir='ltr'><strong>urbe</strong></span> <span class='ocrx_word' id='word_1_196' title='bbox 907 2778 1098 2819; x_wconf 82' lang='lat' dir='ltr'><strong>Martha-</strong></span> 
     </span>
    </p>
   </div>
   <div class='ocr_carea' id='block_1_8' title="bbox 211 2838 1104 3595">
    <p class='ocr_par' dir='ltr' id='par_1_10' title="bbox 211 2838 1101 2944">
     <span class='ocr_line' id='line_1_39' title="bbox 211 2838 1101 2895; baseline -0.003 -14"><span class='ocrx_word' id='word_1_197' title='bbox 211 2852 296 2892; x_wconf 85' lang='lat' dir='ltr'><strong>ma,</strong></span> <span class='ocrx_word' id='word_1_198' title='bbox 313 2844 363 2881; x_wconf 97' lang='grc' dir='ltr'><strong>ιιι</strong></span> <span class='ocrx_word' id='word_1_199' title='bbox 381 2838 518 2880; x_wconf 81' lang='lat' dir='ltr'><strong>tradit</strong></span> <span class='ocrx_word' id='word_1_200' title='bbox 533 2838 756 2893; x_wconf 80' lang='lat' dir='ltr'><strong>Appianas</strong></span> <span class='ocrx_word' id='word_1_201' title='bbox 773 2842 935 2895; x_wconf 68' lang='lat' dir='ltr'><strong>Aafiprq&#39;i„</strong></span> <span class='ocrx_word' id='word_1_202' title='bbox 978 2841 1101 2888; x_wconf 63' lang='lat' dir='ltr'><strong>Iam.</strong></span> 
     </span>
     <span class='ocr_line' id='line_1_40' title="bbox 213 2902 294 2944; baseline 0 -1"><span class='ocrx_word' id='word_1_203' title='bbox 213 2902 294 2944; x_wconf 77' lang='lat' dir='ltr'><strong>bia.</strong></span> 
     </span>
    </p>

    <p class='ocr_par' dir='ltr' id='par_1_11' title="bbox 215 2965 1104 3595">
     <span class='ocr_line' id='line_1_41' title="bbox 219 2965 1100 3019; baseline 0.001 -9"><span class='ocrx_word' id='word_1_204' title='bbox 219 3008 221 3010; x_wconf 82' lang='grc'><strong>.</strong></span> <span class='ocrx_word' id='word_1_205' title='bbox 267 2965 379 3008; x_wconf 66' lang='lat' dir='ltr'><strong>Car.</strong></span> <span class='ocrx_word' id='word_1_206' title='bbox 394 2968 437 3008; x_wconf 84' lang='grc'><strong>7.</strong></span> <span class='ocrx_word' id='word_1_207' title='bbox 469 2966 814 3019; x_wconf 69' lang='lat' dir='ltr'><strong>Carthaginienses</strong></span> <span class='ocrx_word' id='word_1_208' title='bbox 844 2967 984 3010; x_wconf 82' lang='lat' dir='ltr'><strong>bellum</strong></span> <span class='ocrx_word' id='word_1_209' title='bbox 1012 2981 1100 3011; x_wconf 79' lang='lat' dir='ltr'><strong>eum</strong></span> 
     </span>
     <span class='ocr_line' id='line_1_42' title="bbox 215 3032 1100 3087; baseline 0 -12"><span class='ocrx_word' id='word_1_210' title='bbox 215 3033 405 3076; x_wconf 65' lang='lat' dir='ltr'><strong>Ennianis</strong></span> <span class='ocrx_word' id='word_1_211' title='bbox 444 3034 754 3087; x_wconf 74' lang='lat' dir='ltr'><strong>composuerunt]</strong></span> <span class='ocrx_word' id='word_1_212' title='bbox 822 3032 1100 3076; x_wconf 84' lang='lat' dir='ltr'><strong>Auctoritate</strong></span> 
     </span>
     <span class='ocr_line' id='line_1_43' title="bbox 215 3095 1102 3152; baseline 0.002 -14"><span class='ocrx_word' id='word_1_213' title='bbox 215 3096 487 3138; x_wconf 81' lang='lat' dir='ltr'><strong>Hannibalis.</strong></span> <span class='ocrx_word' id='word_1_214' title='bbox 514 3095 705 3150; x_wconf 85' lang='lat' dir='ltr'><strong>Appian.</strong></span> <span class='ocrx_word' id='word_1_215' title='bbox 740 3097 903 3140; x_wconf 85' lang='lat' dir='ltr'><strong>Incidit</strong></span> <span class='ocrx_word' id='word_1_216' title='bbox 922 3109 1008 3152; x_wconf 82' lang='lat' dir='ltr'><strong>pax</strong></span> <span class='ocrx_word' id='word_1_217' title='bbox 1027 3097 1102 3140; x_wconf 84' lang='lat' dir='ltr'><strong>illa</strong></span> 
     </span>
     <span class='ocr_line' id='line_1_44' title="bbox 217 3159 1103 3207; baseline 0.005 -8"><span class='ocrx_word' id='word_1_218' title='bbox 217 3159 261 3200; x_wconf 89' lang='lat' dir='ltr'><strong>in</strong></span> <span class='ocrx_word' id='word_1_219' title='bbox 280 3170 438 3200; x_wconf 85' lang='lat' dir='ltr'><strong>annum</strong></span> <span class='ocrx_word' id='word_1_220' title='bbox 456 3160 603 3201; x_wconf 76' lang='lat' dir='ltr'><strong>Romae</strong></span> <span class='ocrx_word' id='word_1_221' title='bbox 622 3160 810 3202; x_wconf 84' lang='lat' dir='ltr'><strong>conditae</strong></span> <span class='ocrx_word' id='word_1_222' title='bbox 822 3172 882 3207; x_wconf 77' lang='lat' dir='ltr'><strong>ra.</strong></span> <span class='ocrx_word' id='word_1_223' title='bbox 898 3171 982 3206; x_wconf 75' lang='lat' dir='ltr'><strong>nu.</strong></span> <span class='ocrx_word' id='word_1_224' title='bbox 1020 3160 1103 3203; x_wconf 80' lang='lat' dir='ltr'><strong>Cn.</strong></span> 
     </span>
     <span class='ocr_line' id='line_1_45' title="bbox 219 3221 1100 3266; baseline 0.003 -3"><span class='ocrx_word' id='word_1_225' title='bbox 219 3222 419 3263; x_wconf 88' lang='lat' dir='ltr'><strong>Cornelio</strong></span> <span class='ocrx_word' id='word_1_226' title='bbox 454 3221 640 3263; x_wconf 65' lang='lat' dir='ltr'><strong>lentulo</strong></span> <span class='ocrx_word' id='word_1_227' title='bbox 671 3229 719 3264; x_wconf 90' lang='lat' dir='ltr'><strong>et</strong></span> <span class='ocrx_word' id='word_1_228' title='bbox 748 3224 801 3265; x_wconf 91' lang='lat' dir='ltr'><strong>P.</strong></span> <span class='ocrx_word' id='word_1_229' title='bbox 828 3225 939 3265; x_wconf 88' lang='lat' dir='ltr'><strong>AElio</strong></span> <span class='ocrx_word' id='word_1_230' title='bbox 972 3224 1100 3266; x_wconf 83' lang='lat' dir='ltr'><strong>Paeto</strong></span> 
     </span>
     <span class='ocr_line' id='line_1_46' title="bbox 219 3283 1103 3340; baseline 0.006 -16"><span class='ocrx_word' id='word_1_231' title='bbox 219 3283 341 3325; x_wconf 89' lang='lat' dir='ltr'><strong>Coss.</strong></span> <span class='ocrx_word' id='word_1_232' title='bbox 376 3283 524 3325; x_wconf 88' lang='lat' dir='ltr'><strong>Livius</strong></span> <span class='ocrx_word' id='word_1_233' title='bbox 545 3290 590 3325; x_wconf 89' lang='lat' dir='ltr'><strong>et</strong></span> <span class='ocrx_word' id='word_1_234' title='bbox 610 3285 679 3326; x_wconf 90' lang='lat' dir='ltr'><strong>alii</strong></span> <span class='ocrx_word' id='word_1_235' title='bbox 698 3285 970 3328; x_wconf 87' lang='lat' dir='ltr'><strong>conditiones</strong></span> <span class='ocrx_word' id='word_1_236' title='bbox 985 3288 1103 3340; x_wconf 82' lang='lat' dir='ltr'><strong>pacis</strong></span> 
     </span>
     <span class='ocr_line' id='line_1_47' title="bbox 220 3346 1102 3402; baseline 0.007 -15"><span class='ocrx_word' id='word_1_237' title='bbox 220 3358 318 3388; x_wconf 89' lang='lat' dir='ltr'><strong>cum</strong></span> <span class='ocrx_word' id='word_1_238' title='bbox 349 3346 403 3388; x_wconf 88' lang='lat' dir='ltr'><strong>P.</strong></span> <span class='ocrx_word' id='word_1_239' title='bbox 437 3347 608 3389; x_wconf 87' lang='lat' dir='ltr'><strong>Cornel.</strong></span> <span class='ocrx_word' id='word_1_240' title='bbox 652 3348 856 3402; x_wconf 83' lang='lat' dir='ltr'><strong>Scipione</strong></span> <span class='ocrx_word' id='word_1_241' title='bbox 890 3349 1102 3394; x_wconf 85' lang='lat' dir='ltr'><strong>referunt.</strong></span> 
     </span>
     <span class='ocr_line' id='line_1_48' title="bbox 222 3409 1103 3465; baseline 0.005 -13"><span class='ocrx_word' id='word_1_242' title='bbox 222 3409 373 3453; x_wconf 67' lang='lat' dir='ltr'><strong>Schott.</strong></span> <span class='ocrx_word' id='word_1_243' title='bbox 429 3410 510 3452; x_wconf 89' lang='lat' dir='ltr'><strong>Cui</strong></span> <span class='ocrx_word' id='word_1_244' title='bbox 547 3412 642 3465; x_wconf 85' lang='lat' dir='ltr'><strong>lege</strong></span> <span class='ocrx_word' id='word_1_245' title='bbox 684 3411 878 3465; x_wconf 83' lang='lat' dir='ltr'><strong>Curiata,</strong></span> <span class='ocrx_word' id='word_1_246' title='bbox 913 3419 961 3455; x_wconf 86' lang='lat' dir='ltr'><strong>et</strong></span> <span class='ocrx_word' id='word_1_247' title='bbox 993 3423 1103 3456; x_wconf 83' lang='lat' dir='ltr'><strong>cxx.</strong></span> 
     </span>
     <span class='ocr_line' id='line_1_49' title="bbox 222 3471 1104 3528; baseline 0.009 -17"><span class='ocrx_word' id='word_1_248' title='bbox 222 3471 463 3523; x_wconf 81' lang='lat' dir='ltr'><strong>legatorum</strong></span> <span class='ocrx_word' id='word_1_249' title='bbox 476 3475 708 3527; x_wconf 72' lang='lat' dir='ltr'><strong>sententia,</strong></span> <span class='ocrx_word' id='word_1_250' title='bbox 722 3475 995 3528; x_wconf 75' lang='lat' dir='ltr'><strong>paciscendoe</strong></span> <span class='ocrx_word' id='word_1_251' title='bbox 1005 3488 1104 3519; x_wconf 90' lang='lat' dir='ltr'><strong>cum</strong></span> 
     </span>
     <span class='ocr_line' id='line_1_50' title="bbox 225 3533 1104 3595; baseline 0.01 -18"><span class='ocrx_word' id='word_1_252' title='bbox 225 3533 372 3585; x_wconf 62' lang='lat' dir='ltr'><strong>Panis</strong></span> <span class='ocrx_word' id='word_1_253' title='bbox 406 3539 676 3587; x_wconf 84' lang='lat' dir='ltr'><strong>conditiones</strong></span> <span class='ocrx_word' id='word_1_254' title='bbox 708 3539 927 3595; x_wconf 80' lang='lat' dir='ltr'><strong>permissae</strong></span> <span class='ocrx_word' id='word_1_255' title='bbox 964 3546 1104 3586; x_wconf 80' lang='lat' dir='ltr'><strong>erant.</strong></span> 
     </span>
    </p>
   </div>
   <div class='ocr_carea' id='block_1_9' title="bbox 1903 300 2012 358">
    <p class='ocr_par' dir='ltr' id='par_1_12' title="bbox 1903 300 2012 358">
     <span class='ocr_line' id='line_1_51' title="bbox 1903 300 2012 358; baseline 0 0"><span class='ocrx_word' id='word_1_256' title='bbox 1903 300 2012 358; x_wconf 79' lang='lat'><strong>659</strong></span> 
     </span>
    </p>
   </div>
   <div class='ocr_carea' id='block_1_10' title="bbox 1131 431 2057 3464">
    <p class='ocr_par' dir='ltr' id='par_1_13' title="bbox 1131 431 2030 1567">
     <span class='ocr_line' id='line_1_52' title="bbox 1131 431 2017 487; baseline 0.001 -12"><span class='ocrx_word' id='word_1_257' title='bbox 1131 434 1303 476; x_wconf 88' lang='lat' dir='ltr'><strong>Bellum</strong></span> <span class='ocrx_word' id='word_1_258' title='bbox 1337 434 1402 475; x_wconf 87' lang='lat' dir='ltr'><strong>his</strong></span> <span class='ocrx_word' id='word_1_259' title='bbox 1433 432 1599 487; x_wconf 87' lang='lat' dir='ltr'><strong>legibus</strong></span> <span class='ocrx_word' id='word_1_260' title='bbox 1627 431 1935 487; x_wconf 79' lang='lat' dir='ltr'><strong>compositum:</strong></span> <span class='ocrx_word' id='word_1_261' title='bbox 1964 439 2017 476; x_wconf 89' lang='lat' dir='ltr'><strong>nt</strong></span> 
     </span>
     <span class='ocr_line' id='line_1_53' title="bbox 1132 494 2013 548; baseline 0.001 -11"><span class='ocrx_word' id='word_1_262' title='bbox 1132 497 1260 538; x_wconf 89' lang='lat' dir='ltr'><strong>Poeni</strong></span> <span class='ocrx_word' id='word_1_263' title='bbox 1316 497 1445 539; x_wconf 89' lang='lat' dir='ltr'><strong>liberi</strong></span> <span class='ocrx_word' id='word_1_264' title='bbox 1501 494 1717 539; x_wconf 87' lang='lat' dir='ltr'><strong>haberent</strong></span> <span class='ocrx_word' id='word_1_265' title='bbox 1761 495 2013 548; x_wconf 64' lang='lat' dir='ltr'><strong>ate-romanu:</strong></span> 
     </span>
     <span class='ocr_line' id='line_1_54' title="bbox 1132 560 2019 615; baseline 0.002 -15"><span class='ocrx_word' id='word_1_266' title='bbox 1132 571 1238 613; x_wconf 88' lang='lat' dir='ltr'><strong>quas</strong></span> <span class='ocrx_word' id='word_1_267' title='bbox 1256 560 1399 613; x_wconf 86' lang='lat' dir='ltr'><strong>urbes,</strong></span> <span class='ocrx_word' id='word_1_268' title='bbox 1428 571 1620 614; x_wconf 87' lang='lat' dir='ltr'><strong>quosque</strong></span> <span class='ocrx_word' id='word_1_269' title='bbox 1637 572 1778 614; x_wconf 83' lang='lat' dir='ltr'><strong>agros,</strong></span> <span class='ocrx_word' id='word_1_270' title='bbox 1808 560 2019 615; x_wconf 82' lang='lat' dir='ltr'><strong>quibusve</strong></span> 
     </span>
     <span class='ocr_line' id='line_1_55' title="bbox 1132 622 2019 678; baseline 0.002 -14"><span class='ocrx_word' id='word_1_271' title='bbox 1132 622 1288 665; x_wconf 87' lang='lat' dir='ltr'><strong>finibus</strong></span> <span class='ocrx_word' id='word_1_272' title='bbox 1324 628 1427 665; x_wconf 87' lang='lat' dir='ltr'><strong>ante</strong></span> <span class='ocrx_word' id='word_1_273' title='bbox 1456 623 1540 665; x_wconf 89' lang='lat' dir='ltr'><strong>hoc</strong></span> <span class='ocrx_word' id='word_1_274' title='bbox 1569 623 1730 665; x_wconf 89' lang='lat' dir='ltr'><strong>bellum</strong></span> <span class='ocrx_word' id='word_1_275' title='bbox 1761 624 2019 678; x_wconf 83' lang='lat' dir='ltr'><strong>tenuissent,</strong></span> 
     </span>
     <span class='ocr_line' id='line_1_56' title="bbox 1134 685 2020 741; baseline 0 -12"><span class='ocrx_word' id='word_1_276' title='bbox 1134 692 1364 729; x_wconf 79' lang='lat' dir='ltr'><strong>tenerent:</strong></span> <span class='ocrx_word' id='word_1_277' title='bbox 1405 685 1628 740; x_wconf 82' lang='lat' dir='ltr'><strong>perfugas,</strong></span> <span class='ocrx_word' id='word_1_278' title='bbox 1660 686 1882 740; x_wconf 87' lang='lat' dir='ltr'><strong>fugitivos,</strong></span> <span class='ocrx_word' id='word_1_279' title='bbox 1919 699 2020 741; x_wconf 87' lang='lat' dir='ltr'><strong>cap-</strong></span> 
     </span>
     <span class='ocr_line' id='line_1_57' title="bbox 1135 751 2021 804; baseline 0 -11"><span class='ocrx_word' id='word_1_280' title='bbox 1135 751 1250 793; x_wconf 84' lang='lat' dir='ltr'><strong>tivos</strong></span> <span class='ocrx_word' id='word_1_281' title='bbox 1268 762 1432 802; x_wconf 90' lang='lat' dir='ltr'><strong>omues,</strong></span> <span class='ocrx_word' id='word_1_282' title='bbox 1451 755 1497 792; x_wconf 91' lang='lat' dir='ltr'><strong>et</strong></span> <span class='ocrx_word' id='word_1_283' title='bbox 1515 762 1568 791; x_wconf 86' lang='lat'><strong>11.</strong></span> <span class='ocrx_word' id='word_1_284' title='bbox 1589 754 1746 792; x_wconf 88' lang='lat' dir='ltr'><strong>stratas</strong></span> <span class='ocrx_word' id='word_1_285' title='bbox 1763 763 1894 792; x_wconf 85' lang='lat' dir='ltr'><strong>naves</strong></span> <span class='ocrx_word' id='word_1_286' title='bbox 1909 764 2021 804; x_wconf 84' lang='lat' dir='ltr'><strong>prae·</strong></span> 
     </span>
     <span class='ocr_line' id='line_1_58' title="bbox 1137 813 2022 867; baseline -0.001 -11"><span class='ocrx_word' id='word_1_287' title='bbox 1137 819 1208 856; x_wconf 89' lang='lat' dir='ltr'><strong>ter</strong></span> <span class='ocrx_word' id='word_1_288' title='bbox 1232 825 1282 856; x_wconf 85' lang='lat' dir='ltr'><strong>x.</strong></span> <span class='ocrx_word' id='word_1_289' title='bbox 1317 814 1515 855; x_wconf 84' lang='lat' dir='ltr'><strong>triremes</strong></span> <span class='ocrx_word' id='word_1_290' title='bbox 1549 813 1792 864; x_wconf 82' lang='lat' dir='ltr'><strong>traderent,</strong></span> <span class='ocrx_word' id='word_1_291' title='bbox 1820 814 2022 867; x_wconf 87' lang='lat' dir='ltr'><strong>elephan-</strong></span> 
     </span>
     <span class='ocr_line' id='line_1_59' title="bbox 1136 875 2024 932; baseline -0.002 -12"><span class='ocrx_word' id='word_1_292' title='bbox 1136 883 1306 932; x_wconf 88' lang='lat' dir='ltr'><strong>tosque,</strong></span> <span class='ocrx_word' id='word_1_293' title='bbox 1322 889 1429 932; x_wconf 89' lang='lat' dir='ltr'><strong>quos</strong></span> <span class='ocrx_word' id='word_1_294' title='bbox 1441 877 1654 919; x_wconf 89' lang='lat' dir='ltr'><strong>haberent</strong></span> <span class='ocrx_word' id='word_1_295' title='bbox 1670 875 1870 929; x_wconf 87' lang='lat' dir='ltr'><strong>domitos,</strong></span> <span class='ocrx_word' id='word_1_296' title='bbox 1882 889 2024 930; x_wconf 87' lang='lat' dir='ltr'><strong>neque</strong></span> 
     </span>
     <span class='ocr_line' id='line_1_60' title="bbox 1138 939 2025 994; baseline -0.005 -11"><span class='ocrx_word' id='word_1_297' title='bbox 1138 942 1366 984; x_wconf 90' lang='lat' dir='ltr'><strong>domarent</strong></span> <span class='ocrx_word' id='word_1_298' title='bbox 1401 941 1506 982; x_wconf 86' lang='lat' dir='ltr'><strong>alios</strong></span> <span class='ocrx_word' id='word_1_299' title='bbox 1527 954 1538 981; x_wconf 90' lang='lat'><strong>:</strong></span> <span class='ocrx_word' id='word_1_300' title='bbox 1585 939 1746 981; x_wconf 91' lang='lat' dir='ltr'><strong>bellum</strong></span> <span class='ocrx_word' id='word_1_301' title='bbox 1796 951 1935 994; x_wconf 89' lang='lat' dir='ltr'><strong>neque</strong></span> <span class='ocrx_word' id='word_1_302' title='bbox 1979 939 2025 980; x_wconf 90' lang='lat' dir='ltr'><strong>iu</strong></span> 
     </span>
     <span class='ocr_line' id='line_1_61' title="bbox 1138 1001 2026 1058; baseline -0.002 -12"><span class='ocrx_word' id='word_1_303' title='bbox 1138 1003 1291 1047; x_wconf 78' lang='lat' dir='ltr'><strong>Africa</strong></span> <span class='ocrx_word' id='word_1_304' title='bbox 1317 1015 1460 1058; x_wconf 86' lang='lat' dir='ltr'><strong>neque</strong></span> <span class='ocrx_word' id='word_1_305' title='bbox 1492 1007 1620 1045; x_wconf 85' lang='lat' dir='ltr'><strong>extra</strong></span> <span class='ocrx_word' id='word_1_306' title='bbox 1646 1001 1840 1045; x_wconf 82' lang='lat' dir='ltr'><strong>Africam</strong></span> <span class='ocrx_word' id='word_1_307' title='bbox 1858 1003 2026 1056; x_wconf 87' lang='lat' dir='ltr'><strong>injussu</strong></span> 
     </span>
     <span class='ocr_line' id='line_1_62' title="bbox 1138 1066 2028 1122; baseline -0.003 -11"><span class='ocrx_word' id='word_1_308' title='bbox 1138 1070 1192 1111; x_wconf 91' lang='lat' dir='ltr'><strong>P.</strong></span> <span class='ocrx_word' id='word_1_309' title='bbox 1212 1069 1268 1111; x_wconf 88' lang='lat' dir='ltr'><strong>R.</strong></span> <span class='ocrx_word' id='word_1_310' title='bbox 1294 1072 1523 1122; x_wconf 83' lang='lat' dir='ltr'><strong>gererent:</strong></span> <span class='ocrx_word' id='word_1_311' title='bbox 1551 1067 1795 1109; x_wconf 81' lang='lat' dir='ltr'><strong>Masinissae</strong></span> <span class='ocrx_word' id='word_1_312' title='bbox 1831 1079 1900 1109; x_wconf 87' lang='lat' dir='ltr'><strong>res</strong></span> <span class='ocrx_word' id='word_1_313' title='bbox 1930 1066 2028 1109; x_wconf 87' lang='lat' dir='ltr'><strong>red·</strong></span> 
     </span>
     <span class='ocr_line' id='line_1_63' title="bbox 1139 1128 2023 1186; baseline -0.003 -12"><span class='ocrx_word' id='word_1_314' title='bbox 1139 1133 1312 1186; x_wconf 88' lang='lat' dir='ltr'><strong>derent,</strong></span> <span class='ocrx_word' id='word_1_315' title='bbox 1347 1131 1574 1185; x_wconf 82' lang='lat' dir='ltr'><strong>foedusque</strong></span> <span class='ocrx_word' id='word_1_316' title='bbox 1606 1142 1705 1171; x_wconf 91' lang='lat' dir='ltr'><strong>cum</strong></span> <span class='ocrx_word' id='word_1_317' title='bbox 1735 1141 1790 1172; x_wconf 90' lang='lat' dir='ltr'><strong>eo</strong></span> <span class='ocrx_word' id='word_1_318' title='bbox 1817 1128 2023 1171; x_wconf 83' lang='lat' dir='ltr'><strong>ferirent:</strong></span> 
     </span>
     <span class='ocr_line' id='line_1_64' title="bbox 1139 1194 2028 1248; baseline -0.004 -7"><span class='ocrx_word' id='word_1_319' title='bbox 1139 1199 1292 1241; x_wconf 88' lang='lat' dir='ltr'><strong>decem</strong></span> <span class='ocrx_word' id='word_1_320' title='bbox 1326 1197 1464 1240; x_wconf 88' lang='lat' dir='ltr'><strong>millia</strong></span> <span class='ocrx_word' id='word_1_321' title='bbox 1495 1196 1709 1238; x_wconf 82' lang='lat' dir='ltr'><strong>talentum</strong></span> <span class='ocrx_word' id='word_1_322' title='bbox 1747 1195 1916 1248; x_wconf 83' lang='lat' dir='ltr'><strong>argenti</strong></span> <span class='ocrx_word' id='word_1_323' title='bbox 1953 1194 2028 1237; x_wconf 89' lang='lat' dir='ltr'><strong>de·</strong></span> 
     </span>
     <span class='ocr_line' id='line_1_65' title="bbox 1138 1258 2026 1316; baseline -0.006 -11"><span class='ocrx_word' id='word_1_324' title='bbox 1138 1263 1304 1316; x_wconf 88' lang='lat' dir='ltr'><strong>scripta</strong></span> <span class='ocrx_word' id='word_1_325' title='bbox 1335 1259 1612 1315; x_wconf 85' lang='lat' dir='ltr'><strong>pensionibus</strong></span> <span class='ocrx_word' id='word_1_326' title='bbox 1649 1258 1782 1312; x_wconf 88' lang='lat' dir='ltr'><strong>aequis</strong></span> <span class='ocrx_word' id='word_1_327' title='bbox 1813 1258 1858 1299; x_wconf 93' lang='lat' dir='ltr'><strong>in</strong></span> <span class='ocrx_word' id='word_1_328' title='bbox 1885 1271 1952 1300; x_wconf 90' lang='lat' dir='ltr'><strong>an.</strong></span> <span class='ocrx_word' id='word_1_329' title='bbox 1982 1269 2026 1301; x_wconf 82' lang='lat'><strong>1..</strong></span> 
     </span>
     <span class='ocr_line' id='line_1_66' title="bbox 1141 1321 2028 1368; baseline -0.003 -2"><span class='ocrx_word' id='word_1_330' title='bbox 1141 1327 1383 1368; x_wconf 83' lang='lat' dir='ltr'><strong>solverent:</strong></span> <span class='ocrx_word' id='word_1_331' title='bbox 1414 1322 1586 1365; x_wconf 89' lang='lat' dir='ltr'><strong>obsides</strong></span> <span class='ocrx_word' id='word_1_332' title='bbox 1616 1326 1793 1363; x_wconf 88' lang='lat' dir='ltr'><strong>centum</strong></span> <span class='ocrx_word' id='word_1_333' title='bbox 1812 1321 2028 1363; x_wconf 81' lang='lat' dir='ltr'><strong>arbitratu</strong></span> 
     </span>
     <span class='ocr_line' id='line_1_67' title="bbox 1143 1384 2030 1441; baseline -0.005 -11"><span class='ocrx_word' id='word_1_334' title='bbox 1143 1387 1358 1441; x_wconf 90' lang='lat' dir='ltr'><strong>Scipionis</strong></span> <span class='ocrx_word' id='word_1_335' title='bbox 1384 1385 1556 1426; x_wconf 86' lang='lat' dir='ltr'><strong>darent.</strong></span> <span class='ocrx_word' id='word_1_336' title='bbox 1595 1384 1667 1426; x_wconf 80' lang='lat' dir='ltr'><strong>Ita</strong></span> <span class='ocrx_word' id='word_1_337' title='bbox 1696 1384 1858 1425; x_wconf 87' lang='lat' dir='ltr'><strong>Livius.</strong></span> <span class='ocrx_word' id='word_1_338' title='bbox 1913 1384 2030 1426; x_wconf 84' lang='lat' dir='ltr'><strong>Vide</strong></span> 
     </span>
     <span class='ocr_line' id='line_1_68' title="bbox 1142 1446 2029 1501; baseline -0.001 -10"><span class='ocrx_word' id='word_1_339' title='bbox 1142 1450 1299 1492; x_wconf 79' lang='lat' dir='ltr'><strong>Dionis</strong></span> <span class='ocrx_word' id='word_1_340' title='bbox 1315 1447 1368 1490; x_wconf 77' lang='grc' dir='ltr'><strong>τὰ</strong></span> <span class='ocrx_word' id='word_1_341' title='bbox 1386 1446 1553 1501; x_wconf 76' lang='grc' dir='ltr'><strong><em>λείψανα</em></strong></span> <span class='ocrx_word' id='word_1_342' title='bbox 1581 1447 1669 1500; x_wconf 77' lang='grc' dir='ltr'><strong><em>περὶ</em></strong></span> <span class='ocrx_word' id='word_1_343' title='bbox 1698 1449 1913 1501; x_wconf 75' lang='grc' dir='ltr'><strong><em>πρεσβειῶν</em></strong></span> <span class='ocrx_word' id='word_1_344' title='bbox 1948 1450 2029 1490; x_wconf 80' lang='grc' dir='ltr'><strong><em>δια·</em></strong></span> 
     </span>
     <span class='ocr_line' id='line_1_69' title="bbox 1142 1511 1289 1567; baseline 0.02 -15"><span class='ocrx_word' id='word_1_345' title='bbox 1142 1511 1289 1567; x_wconf 69' lang='grc' dir='ltr'><strong><em>φόρων.</em></strong></span> 
     </span>
    </p>

    <p class='ocr_par' dir='ltr' id='par_1_14' title="bbox 1144 1575 2030 1694">
     <span class='ocr_line' id='line_1_70' title="bbox 1198 1575 2030 1631; baseline 0 -12"><span class='ocrx_word' id='word_1_346' title='bbox 1198 1578 1355 1631; x_wconf 79' lang='lat' dir='ltr'><strong>Resque</strong></span> <span class='ocrx_word' id='word_1_347' title='bbox 1366 1577 1410 1618; x_wconf 81' lang='lat' dir='ltr'><strong>in</strong></span> <span class='ocrx_word' id='word_1_348' title='bbox 1422 1575 1564 1626; x_wconf 74' lang='lat' dir='ltr'><strong>Africa</strong></span> <span class='ocrx_word' id='word_1_349' title='bbox 1578 1575 1723 1630; x_wconf 78' lang='lat' dir='ltr'><strong>gessit]</strong></span> <span class='ocrx_word' id='word_1_350' title='bbox 1744 1575 1862 1619; x_wconf 83' lang='lat' dir='ltr'><strong>Quas</strong></span> <span class='ocrx_word' id='word_1_351' title='bbox 1881 1581 2030 1619; x_wconf 88' lang='lat' dir='ltr'><strong>narrat</strong></span> 
     </span>
     <span class='ocr_line' id='line_1_71' title="bbox 1144 1639 1942 1694; baseline -0.004 -12"><span class='ocrx_word' id='word_1_352' title='bbox 1144 1639 1372 1694; x_wconf 78' lang='lat' dir='ltr'><strong>Appianas</strong></span> <span class='ocrx_word' id='word_1_353' title='bbox 1389 1641 1553 1693; x_wconf 81' lang='grc' dir='ltr'><strong>Λιβυκῇ.</strong></span> <span class='ocrx_word' id='word_1_354' title='bbox 1939 1649 1942 1652; x_wconf 85' lang='grc'><em>·</em></span> 
     </span>
    </p>

    <p class='ocr_par' dir='ltr' id='par_1_15' title="bbox 1146 1702 2054 2696">
     <span class='ocr_line' id='line_1_72' title="bbox 1206 1702 2032 1756; baseline 0.002 -13"><span class='ocrx_word' id='word_1_355' title='bbox 1206 1703 1337 1756; x_wconf 76' lang='lat' dir='ltr'><strong>Iquue</strong></span> <span class='ocrx_word' id='word_1_356' title='bbox 1355 1705 1408 1745; x_wconf 86' lang='lat' dir='ltr'><strong>ad</strong></span> <span class='ocrx_word' id='word_1_357' title='bbox 1440 1703 1493 1744; x_wconf 92' lang='lat' dir='ltr'><strong>P.</strong></span> <span class='ocrx_word' id='word_1_358' title='bbox 1514 1702 1738 1755; x_wconf 77' lang='lat' dir='ltr'><strong>Sulpicium</strong></span> <span class='ocrx_word' id='word_1_359' title='bbox 1761 1706 1802 1744; x_wconf 89' lang='lat' dir='ltr'><strong>et</strong></span> <span class='ocrx_word' id='word_1_360' title='bbox 1832 1703 1881 1744; x_wconf 85' lang='lat' dir='ltr'><strong>C.</strong></span> <span class='ocrx_word' id='word_1_361' title='bbox 1904 1704 2032 1745; x_wconf 75' lang='lat' dir='ltr'><strong>Aure·</strong></span> 
     </span>
     <span class='ocr_line' id='line_1_73' title="bbox 1146 1765 2035 1819; baseline 0.002 -13"><span class='ocrx_word' id='word_1_362' title='bbox 1146 1766 1243 1807; x_wconf 83' lang='lat' dir='ltr'><strong>lium</strong></span> <span class='ocrx_word' id='word_1_363' title='bbox 1263 1765 1392 1818; x_wconf 65' lang='lat' dir='ltr'><strong>Cosa]</strong></span> <span class='ocrx_word' id='word_1_364' title='bbox 1420 1765 1510 1809; x_wconf 84' lang='lat' dir='ltr'><strong>Qui</strong></span> <span class='ocrx_word' id='word_1_365' title='bbox 1542 1777 1679 1807; x_wconf 85' lang='lat' dir='ltr'><strong>annus</strong></span> <span class='ocrx_word' id='word_1_366' title='bbox 1706 1766 1863 1807; x_wconf 87' lang='lat' dir='ltr'><strong>tertius</strong></span> <span class='ocrx_word' id='word_1_367' title='bbox 1882 1765 2035 1819; x_wconf 86' lang='lat' dir='ltr'><strong>Olym-</strong></span> 
     </span>
     <span class='ocr_line' id='line_1_74' title="bbox 1146 1828 2036 1883; baseline 0.002 -14"><span class='ocrx_word' id='word_1_368' title='bbox 1146 1828 1289 1883; x_wconf 87' lang='lat' dir='ltr'><strong>piadis</strong></span> <span class='ocrx_word' id='word_1_369' title='bbox 1307 1840 1448 1871; x_wconf 80' lang='lat' dir='ltr'><strong>cxnu.</strong></span> <span class='ocrx_word' id='word_1_370' title='bbox 1503 1829 1587 1871; x_wconf 89' lang='lat' dir='ltr'><strong>Vel</strong></span> <span class='ocrx_word' id='word_1_371' title='bbox 1605 1840 1713 1871; x_wconf 75' lang='lat' dir='ltr'><strong>nxr..</strong></span> <span class='ocrx_word' id='word_1_372' title='bbox 1733 1829 1789 1871; x_wconf 90' lang='lat' dir='ltr'><strong>ab</strong></span> <span class='ocrx_word' id='word_1_373' title='bbox 1807 1829 1916 1872; x_wconf 88' lang='lat' dir='ltr'><strong>urbe</strong></span> <span class='ocrx_word' id='word_1_374' title='bbox 1935 1843 2036 1873; x_wconf 87' lang='lat' dir='ltr'><strong>con-</strong></span> 
     </span>
     <span class='ocr_line' id='line_1_75' title="bbox 1148 1890 2037 1947; baseline 0.001 -14"><span class='ocrx_word' id='word_1_375' title='bbox 1148 1891 1253 1934; x_wconf 87' lang='lat' dir='ltr'><strong>dita.</strong></span> <span class='ocrx_word' id='word_1_376' title='bbox 1279 1891 1433 1938; x_wconf 75' lang='lat' dir='ltr'><strong>Livius</strong></span> <span class='ocrx_word' id='word_1_377' title='bbox 1446 1890 1560 1934; x_wconf 90' lang='lat' dir='ltr'><strong>Ann.</strong></span> <span class='ocrx_word' id='word_1_378' title='bbox 1573 1903 1712 1936; x_wconf 74' lang='lat' dir='ltr'><strong>xxxx..</strong></span> <span class='ocrx_word' id='word_1_379' title='bbox 1735 1892 1750 1915; x_wconf 88' lang='lat'>‘</span> <span class='ocrx_word' id='word_1_380' title='bbox 1770 1891 1897 1934; x_wconf 73' lang='lat' dir='ltr'><strong>Anno</strong></span> <span class='ocrx_word' id='word_1_381' title='bbox 1917 1893 2037 1947; x_wconf 89' lang='lat' dir='ltr'><strong>quin-</strong></span> 
     </span>
     <span class='ocr_line' id='line_1_76' title="bbox 1147 1955 2037 2008; baseline 0.001 -12"><span class='ocrx_word' id='word_1_382' title='bbox 1147 1955 1390 2008; x_wconf 88' lang='lat' dir='ltr'><strong>gentesimo</strong></span> <span class='ocrx_word' id='word_1_383' title='bbox 1415 1955 1745 2008; x_wconf 86' lang='lat' dir='ltr'><strong>quadragesimo</strong></span> <span class='ocrx_word' id='word_1_384' title='bbox 1774 1957 1830 1998; x_wconf 87' lang='lat' dir='ltr'><strong>ab</strong></span> <span class='ocrx_word' id='word_1_385' title='bbox 1848 1957 1904 1999; x_wconf 89' lang='lat' dir='ltr'><strong>U.</strong></span> <span class='ocrx_word' id='word_1_386' title='bbox 1926 1958 2037 1999; x_wconf 86' lang='lat' dir='ltr'><strong>Con-</strong></span> 
     </span>
     <span class='ocr_line' id='line_1_77' title="bbox 1148 2017 2038 2071; baseline 0.003 -13"><span class='ocrx_word' id='word_1_387' title='bbox 1148 2017 1258 2071; x_wconf 89' lang='lat' dir='ltr'><strong>dita,</strong></span> <span class='ocrx_word' id='word_1_388' title='bbox 1286 2017 1340 2058; x_wconf 92' lang='lat' dir='ltr'><strong>P.</strong></span> <span class='ocrx_word' id='word_1_389' title='bbox 1364 2017 1560 2071; x_wconf 89' lang='lat' dir='ltr'><strong>Sulpicio</strong></span> <span class='ocrx_word' id='word_1_390' title='bbox 1589 2018 1748 2071; x_wconf 82' lang='lat' dir='ltr'><strong>Galba,</strong></span> <span class='ocrx_word' id='word_1_391' title='bbox 1775 2019 1826 2061; x_wconf 88' lang='lat' dir='ltr'><strong>C.</strong></span> <span class='ocrx_word' id='word_1_392' title='bbox 1854 2018 2038 2061; x_wconf 90' lang='lat' dir='ltr'><strong>Aurelio</strong></span> 
     </span>
     <span class='ocr_line' id='line_1_78' title="bbox 1151 2080 2037 2135; baseline 0.001 -12"><span class='ocrx_word' id='word_1_393' title='bbox 1151 2082 1284 2123; x_wconf 87' lang='lat' dir='ltr'><strong>Cotta</strong></span> <span class='ocrx_word' id='word_1_394' title='bbox 1309 2081 1432 2123; x_wconf 81' lang='lat' dir='ltr'><strong>Coss.</strong></span> <span class='ocrx_word' id='word_1_395' title='bbox 1460 2080 1622 2122; x_wconf 87' lang='lat' dir='ltr'><strong>bellum</strong></span> <span class='ocrx_word' id='word_1_396' title='bbox 1649 2093 1748 2123; x_wconf 88' lang='lat' dir='ltr'><strong>cum</strong></span> <span class='ocrx_word' id='word_1_397' title='bbox 1778 2082 1901 2135; x_wconf 88' lang='lat' dir='ltr'><strong>Rege</strong></span> <span class='ocrx_word' id='word_1_398' title='bbox 1931 2082 2037 2124; x_wconf 88' lang='lat' dir='ltr'><strong>Phi-</strong></span> 
     </span>
     <span class='ocr_line' id='line_1_79' title="bbox 1148 2145 2037 2200; baseline 0.001 -13"><span class='ocrx_word' id='word_1_399' title='bbox 1148 2146 1273 2200; x_wconf 89' lang='lat' dir='ltr'><strong>lippo</strong></span> <span class='ocrx_word' id='word_1_400' title='bbox 1308 2145 1463 2186; x_wconf 89' lang='lat' dir='ltr'><strong>initum</strong></span> <span class='ocrx_word' id='word_1_401' title='bbox 1503 2149 1586 2198; x_wconf 87' lang='lat' dir='ltr'><strong>est,</strong></span> <span class='ocrx_word' id='word_1_402' title='bbox 1625 2145 1774 2197; x_wconf 86' lang='lat' dir='ltr'><strong>paucis</strong></span> <span class='ocrx_word' id='word_1_403' title='bbox 1818 2145 2037 2188; x_wconf 89' lang='lat' dir='ltr'><strong>mensibus</strong></span> 
     </span>
     <span class='ocr_line' id='line_1_80' title="bbox 1151 2206 2039 2262; baseline 0.003 -12"><span class='ocrx_word' id='word_1_404' title='bbox 1151 2213 1251 2262; x_wconf 83' lang='lat' dir='ltr'><strong>post</strong></span> <span class='ocrx_word' id='word_1_405' title='bbox 1263 2219 1416 2262; x_wconf 73' lang='lat' dir='ltr'><strong>pacem</strong></span> <span class='ocrx_word' id='word_1_406' title='bbox 1427 2206 1851 2261; x_wconf 82' lang='lat' dir='ltr'><strong>Carthaginiensibus</strong></span> <span class='ocrx_word' id='word_1_407' title='bbox 1863 2209 2039 2254; x_wconf 63' lang='lat' dir='ltr'><strong>datam?</strong></span> 
     </span>
     <span class='ocr_line' id='line_1_81' title="bbox 1153 2266 2040 2325; baseline 0.002 -11"><span class='ocrx_word' id='word_1_408' title='bbox 1153 2273 1372 2315; x_wconf 83' lang='lat' dir='ltr'><strong>Caeterum</strong></span> <span class='ocrx_word' id='word_1_409' title='bbox 1389 2270 1560 2312; x_wconf 89' lang='lat' dir='ltr'><strong>initium</strong></span> <span class='ocrx_word' id='word_1_410' title='bbox 1575 2266 1855 2325; x_wconf 86' lang='lat' dir='ltr'><strong>magistratus</strong></span> <span class='ocrx_word' id='word_1_411' title='bbox 1872 2273 1926 2316; x_wconf 88' lang='lat' dir='ltr'><strong>P.</strong></span> <span class='ocrx_word' id='word_1_412' title='bbox 1941 2274 2040 2316; x_wconf 88' lang='lat' dir='ltr'><strong>Sul-</strong></span> 
     </span>
     <span class='ocr_line' id='line_1_82' title="bbox 1152 2334 2040 2391; baseline 0 -13"><span class='ocrx_word' id='word_1_413' title='bbox 1152 2335 1267 2390; x_wconf 82' lang='lat' dir='ltr'><strong>picii.</strong></span> <span class='ocrx_word' id='word_1_414' title='bbox 1289 2334 1373 2377; x_wconf 66' lang='lat' dir='ltr'><strong>fuit</strong></span> <span class='ocrx_word' id='word_1_415' title='bbox 1409 2346 1545 2375; x_wconf 87' lang='lat' dir='ltr'><strong>annus</strong></span> <span class='ocrx_word' id='word_1_416' title='bbox 1582 2335 1732 2378; x_wconf 80' lang='lat' dir='ltr'><strong>Romae</strong></span> <span class='ocrx_word' id='word_1_417' title='bbox 1759 2347 1895 2391; x_wconf 61' lang='lat' dir='ltr'><strong>niun.</strong></span> <span class='ocrx_word' id='word_1_418' title='bbox 1951 2338 2040 2381; x_wconf 82' lang='lat' dir='ltr'><strong>Qui</strong></span> 
     </span>
     <span class='ocr_line' id='line_1_83' title="bbox 1153 2398 2054 2457; baseline -0.003 -14"><span class='ocrx_word' id='word_1_419' title='bbox 1153 2398 1368 2443; x_wconf 84' lang='lat' dir='ltr'><strong>secundus</strong></span> <span class='ocrx_word' id='word_1_420' title='bbox 1386 2399 1633 2457; x_wconf 87' lang='lat' dir='ltr'><strong>consulatus</strong></span> <span class='ocrx_word' id='word_1_421' title='bbox 1650 2400 1745 2453; x_wconf 82' lang='lat' dir='ltr'><strong>ejus</strong></span> <span class='ocrx_word' id='word_1_422' title='bbox 1761 2399 1860 2442; x_wconf 86' lang='lat' dir='ltr'><strong>cum</strong></span> <span class='ocrx_word' id='word_1_423' title='bbox 1880 2401 1931 2443; x_wconf 90' lang='lat' dir='ltr'><strong>C.</strong></span> <span class='ocrx_word' id='word_1_424' title='bbox 1949 2400 2054 2443; x_wconf 86' lang='lat' dir='ltr'><strong>Au-.</strong></span> 
     </span>
     <span class='ocr_line' id='line_1_84' title="bbox 1154 2461 2040 2506; baseline 0.001 -1"><span class='ocrx_word' id='word_1_425' title='bbox 1154 2463 1262 2505; x_wconf 87' lang='lat' dir='ltr'><strong>relio</strong></span> <span class='ocrx_word' id='word_1_426' title='bbox 1281 2462 1429 2505; x_wconf 87' lang='lat' dir='ltr'><strong>Cotta.</strong></span> <span class='ocrx_word' id='word_1_427' title='bbox 1467 2461 1580 2504; x_wconf 85' lang='lat' dir='ltr'><strong>Vide</strong></span> <span class='ocrx_word' id='word_1_428' title='bbox 1598 2463 1657 2504; x_wconf 89' lang='lat' dir='ltr'><strong>sis</strong></span> <span class='ocrx_word' id='word_1_429' title='bbox 1672 2464 1974 2506; x_wconf 78' lang='lat' dir='ltr'><strong>cassiodorum</strong></span> <span class='ocrx_word' id='word_1_430' title='bbox 1993 2471 2040 2506; x_wconf 89' lang='lat' dir='ltr'><strong>et</strong></span> 
     </span>
     <span class='ocr_line' id='line_1_85' title="bbox 1156 2525 2050 2582; baseline 0 -15"><span class='ocrx_word' id='word_1_431' title='bbox 1156 2526 1465 2579; x_wconf 79' lang='lat' dir='ltr'><strong>chronologos.</strong></span> <span class='ocrx_word' id='word_1_432' title='bbox 1480 2525 1635 2568; x_wconf 71' lang='lat' dir='ltr'><strong>Keuelt.</strong></span> <span class='ocrx_word' id='word_1_433' title='bbox 1666 2527 1821 2581; x_wconf 83' lang='lat' dir='ltr'><strong>Legati</strong></span> <span class='ocrx_word' id='word_1_434' title='bbox 1836 2528 2050 2582; x_wconf 83' lang='lat' dir='ltr'><strong>Carthag..</strong></span> 
     </span>
     <span class='ocr_line' id='line_1_86' title="bbox 1156 2589 2042 2643; baseline 0.003 -12"><span class='ocrx_word' id='word_1_435' title='bbox 1156 2590 1338 2631; x_wconf 85' lang='lat' dir='ltr'><strong>Romam</strong></span> <span class='ocrx_word' id='word_1_436' title='bbox 1367 2592 1598 2638; x_wconf 81' lang='lat' dir='ltr'><strong>venerunt,</strong></span> <span class='ocrx_word' id='word_1_437' title='bbox 1626 2589 1704 2630; x_wconf 88' lang='lat' dir='ltr'><strong>sed</strong></span> <span class='ocrx_word' id='word_1_438' title='bbox 1740 2601 1894 2643; x_wconf 88' lang='lat' dir='ltr'><strong>parum</strong></span> <span class='ocrx_word' id='word_1_439' title='bbox 1927 2591 2042 2635; x_wconf 84' lang='lat' dir='ltr'><strong>bona</strong></span> 
     </span>
     <span class='ocr_line' id='line_1_87' title="bbox 1157 2651 1941 2696; baseline 0.003 -3"><span class='ocrx_word' id='word_1_440' title='bbox 1157 2651 1259 2694; x_wconf 86' lang='lat' dir='ltr'><strong>fide.</strong></span> <span class='ocrx_word' id='word_1_441' title='bbox 1314 2651 1464 2693; x_wconf 82' lang='lat' dir='ltr'><strong>Livius</strong></span> <span class='ocrx_word' id='word_1_442' title='bbox 1482 2651 1557 2694; x_wconf 90' lang='lat' dir='ltr'><strong>lib.</strong></span> <span class='ocrx_word' id='word_1_443' title='bbox 1573 2663 1686 2694; x_wconf 84' lang='lat' dir='ltr'><strong>xxx.</strong></span> <span class='ocrx_word' id='word_1_444' title='bbox 1704 2657 1771 2695; x_wconf 85' lang='lat'><strong>16.</strong></span> <span class='ocrx_word' id='word_1_445' title='bbox 1800 2654 1941 2696; x_wconf 82' lang='lat' dir='ltr'><strong>Ernst.</strong></span> 
     </span>
    </p>

    <p class='ocr_par' dir='ltr' id='par_1_16' title="bbox 1156 2713 2057 3141">
     <span class='ocr_line' id='line_1_88' title="bbox 1217 2713 2055 2767; baseline 0.006 -13"><span class='ocrx_word' id='word_1_446' title='bbox 1217 2713 1279 2754; x_wconf 84' lang='lat' dir='ltr'><strong>Ob</strong></span> <span class='ocrx_word' id='word_1_447' title='bbox 1297 2726 1454 2767; x_wconf 82' lang='lat' dir='ltr'><strong>eamque</strong></span> <span class='ocrx_word' id='word_1_448' title='bbox 1479 2727 1564 2756; x_wconf 81' lang='lat' dir='ltr'><strong>rem</strong></span> <span class='ocrx_word' id='word_1_449' title='bbox 1585 2728 1725 2758; x_wconf 82' lang='lat' dir='ltr'><strong>corona</strong></span> <span class='ocrx_word' id='word_1_450' title='bbox 1748 2729 1869 2758; x_wconf 83' lang='lat' dir='ltr'><strong>aurea</strong></span> <span class='ocrx_word' id='word_1_451' title='bbox 1893 2729 1958 2759; x_wconf 83' lang='lat' dir='ltr'><strong>eos</strong></span> <span class='ocrx_word' id='word_1_452' title='bbox 1974 2718 2055 2759; x_wconf 72' lang='lat' dir='ltr'><strong>do·-</strong></span> 
     </span>
     <span class='ocr_line' id='line_1_89' title="bbox 1156 2778 2043 2832; baseline 0.003 -12"><span class='ocrx_word' id='word_1_453' title='bbox 1156 2778 1316 2832; x_wconf 67' lang='grc' dir='ltr'><strong>παν-ωε]</strong></span> <span class='ocrx_word' id='word_1_454' title='bbox 1348 2779 1419 2819; x_wconf 90' lang='lat' dir='ltr'><strong>De</strong></span> <span class='ocrx_word' id='word_1_455' title='bbox 1445 2790 1602 2822; x_wconf 86' lang='lat' dir='ltr'><strong>corona</strong></span> <span class='ocrx_word' id='word_1_456' title='bbox 1629 2792 1760 2822; x_wconf 89' lang='lat' dir='ltr'><strong>aurea</strong></span> <span class='ocrx_word' id='word_1_457' title='bbox 1777 2780 1834 2822; x_wconf 89' lang='lat' dir='ltr'><strong>ad</strong></span> <span class='ocrx_word' id='word_1_458' title='bbox 1851 2781 2043 2823; x_wconf 88' lang='lat' dir='ltr'><strong>Alcibia-</strong></span> 
     </span>
     <span class='ocr_line' id='line_1_90' title="bbox 1160 2842 2057 2887; baseline 0.006 -5"><span class='ocrx_word' id='word_1_459' title='bbox 1160 2842 1258 2883; x_wconf 84' lang='lat' dir='ltr'><strong>dem</strong></span> <span class='ocrx_word' id='word_1_460' title='bbox 1295 2842 1460 2883; x_wconf 88' lang='lat' dir='ltr'><strong>dictum</strong></span> <span class='ocrx_word' id='word_1_461' title='bbox 1495 2848 1586 2885; x_wconf 84' lang='lat' dir='ltr'><strong>est..</strong></span> <span class='ocrx_word' id='word_1_462' title='bbox 1643 2844 1765 2885; x_wconf 80' lang='lat' dir='ltr'><strong>Vide</strong></span> <span class='ocrx_word' id='word_1_463' title='bbox 1804 2844 2057 2887; x_wconf 86' lang='lat' dir='ltr'><strong>Passchalii·</strong></span> 
     </span>
     <span class='ocr_line' id='line_1_91' title="bbox 1160 2905 2053 2963; baseline 0.004 -17"><span class='ocrx_word' id='word_1_464' title='bbox 1160 2917 1282 2958; x_wconf 88' lang='lat' dir='ltr'><strong>opus,</strong></span> <span class='ocrx_word' id='word_1_465' title='bbox 1297 2905 1497 2960; x_wconf 82' lang='lat' dir='ltr'><strong>quod-De</strong></span> <span class='ocrx_word' id='word_1_466' title='bbox 1506 2907 1675 2949; x_wconf 87' lang='lat' dir='ltr'><strong>coronis</strong></span> <span class='ocrx_word' id='word_1_467' title='bbox 1686 2907 1918 2963; x_wconf 84' lang='lat' dir='ltr'><strong>inscripsit.</strong></span> <span class='ocrx_word' id='word_1_468' title='bbox 1945 2908 2053 2950; x_wconf 85' lang='lat' dir='ltr'><strong>Mos-</strong></span> 
     </span>
     <span class='ocr_line' id='line_1_92' title="bbox 1160 2968 2046 3027; baseline 0.003 -17"><span class='ocrx_word' id='word_1_469' title='bbox 1160 2968 1243 3010; x_wconf 89' lang='lat' dir='ltr'><strong>iste</strong></span> <span class='ocrx_word' id='word_1_470' title='bbox 1263 2969 1466 3011; x_wconf 86' lang='lat' dir='ltr'><strong>Romanis</strong></span> <span class='ocrx_word' id='word_1_471' title='bbox 1484 2970 1686 3024; x_wconf 89' lang='lat' dir='ltr'><strong>usitatus,</strong></span> <span class='ocrx_word' id='word_1_472' title='bbox 1708 2971 1825 3025; x_wconf 87' lang='lat' dir='ltr'><strong>apud</strong></span> <span class='ocrx_word' id='word_1_473' title='bbox 1846 2983 1952 3027; x_wconf 86' lang='lat' dir='ltr'><strong>quos</strong></span> <span class='ocrx_word' id='word_1_474' title='bbox 1970 2983 2046 3013; x_wconf 87' lang='lat' dir='ltr'><strong>ue·</strong></span> 
     </span>
     <span class='ocr_line' id='line_1_93' title="bbox 1164 3033 2048 3088; baseline 0.001 -15"><span class='ocrx_word' id='word_1_475' title='bbox 1164 3043 1248 3085; x_wconf 89' lang='lat' dir='ltr'><strong>que</strong></span> <span class='ocrx_word' id='word_1_476' title='bbox 1267 3043 1437 3074; x_wconf 66' lang='lat' dir='ltr'><strong>corona</strong></span> <span class='ocrx_word' id='word_1_477' title='bbox 1464 3033 1597 3075; x_wconf 83' lang='lat' dir='ltr'><strong>solum</strong></span> <span class='ocrx_word' id='word_1_478' title='bbox 1627 3033 1733 3088; x_wconf 65' lang='lat' dir='ltr'><strong>ipsu</strong></span> <span class='ocrx_word' id='word_1_479' title='bbox 1760 3033 2048 3087; x_wconf 82' lang='lat' dir='ltr'><strong>donabantur,</strong></span> 
     </span>
     <span class='ocr_line' id='line_1_94' title="bbox 1160 3094 1883 3141; baseline 0.007 -5"><span class='ocrx_word' id='word_1_480' title='bbox 1160 3094 1239 3137; x_wconf 86' lang='lat' dir='ltr'><strong>sed</strong></span> <span class='ocrx_word' id='word_1_481' title='bbox 1259 3099 1305 3137; x_wconf 91' lang='lat' dir='ltr'><strong>et</strong></span> <span class='ocrx_word' id='word_1_482' title='bbox 1325 3095 1407 3138; x_wconf 88' lang='lat' dir='ltr'><strong>alia</strong></span> <span class='ocrx_word' id='word_1_483' title='bbox 1424 3095 1602 3138; x_wconf 87' lang='lat' dir='ltr'><strong>donaria</strong></span> <span class='ocrx_word' id='word_1_484' title='bbox 1619 3098 1674 3139; x_wconf 86' lang='lat' dir='ltr'><strong>ad</strong></span> <span class='ocrx_word' id='word_1_485' title='bbox 1691 3110 1883 3141; x_wconf 87' lang='lat' dir='ltr'><strong>coronas.</strong></span> 
     </span>
    </p>

    <p class='ocr_par' dir='ltr' id='par_1_17' title="bbox 1165 3159 2053 3464">
     <span class='ocr_line' id='line_1_95' title="bbox 1223 3159 2045 3214; baseline 0.004 -15"><span class='ocrx_word' id='word_1_486' title='bbox 1223 3159 1281 3200; x_wconf 81' lang='lat' dir='ltr'><strong>Ut</strong></span> <span class='ocrx_word' id='word_1_487' title='bbox 1297 3159 1445 3202; x_wconf 79' lang='lat' dir='ltr'><strong>obsides</strong></span> <span class='ocrx_word' id='word_1_488' title='bbox 1461 3172 1592 3202; x_wconf 81' lang='lat' dir='ltr'><strong>eorum</strong></span> <span class='ocrx_word' id='word_1_489' title='bbox 1609 3162 1807 3213; x_wconf 79' lang='lat' dir='ltr'><strong>Fregellis</strong></span> <span class='ocrx_word' id='word_1_490' title='bbox 1819 3161 1964 3214; x_wconf 74' lang='lat' dir='ltr'><strong>essent]</strong></span> <span class='ocrx_word' id='word_1_491' title='bbox 1989 3161 2045 3203; x_wconf 87' lang='grc' dir='ltr'><strong>Τ.</strong></span> 
     </span>
     <span class='ocr_line' id='line_1_96' title="bbox 1166 3221 2047 3266; baseline 0.006 -5"><span class='ocrx_word' id='word_1_492' title='bbox 1166 3221 1311 3262; x_wconf 86' lang='lat' dir='ltr'><strong>Livius</strong></span> <span class='ocrx_word' id='word_1_493' title='bbox 1344 3221 1458 3263; x_wconf 83' lang='lat' dir='ltr'><strong>Aun.</strong></span> <span class='ocrx_word' id='word_1_494' title='bbox 1486 3233 1640 3264; x_wconf 80' lang='lat' dir='ltr'><strong>xxxn.</strong></span> <span class='ocrx_word' id='word_1_495' title='bbox 1668 3223 1821 3264; x_wconf 86' lang='lat' dir='ltr'><strong>aliter:</strong></span> <span class='ocrx_word' id='word_1_496' title='bbox 1849 3224 1863 3247; x_wconf 87' lang='lat'>‘</span> <span class='ocrx_word' id='word_1_497' title='bbox 1889 3223 2047 3266; x_wconf 86' lang='lat' dir='ltr'><strong>Peten-</strong></span> 
     </span>
     <span class='ocr_line' id='line_1_97' title="bbox 1165 3284 2048 3338; baseline 0.005 -13"><span class='ocrx_word' id='word_1_498' title='bbox 1165 3284 1289 3326; x_wconf 84' lang='lat' dir='ltr'><strong>tibus.</strong></span> <span class='ocrx_word' id='word_1_499' title='bbox 1315 3284 1488 3337; x_wconf 83' lang='lat' dir='ltr'><strong>iisdem,</strong></span> <span class='ocrx_word' id='word_1_500' title='bbox 1525 3285 1599 3338; x_wconf 93' lang='lat' dir='ltr'><strong>qui</strong></span> <span class='ocrx_word' id='word_1_501' title='bbox 1635 3297 1720 3327; x_wconf 83' lang='lat' dir='ltr'><strong>non</strong></span> <span class='ocrx_word' id='word_1_502' title='bbox 1750 3286 2048 3329; x_wconf 86' lang='lat' dir='ltr'><strong>reddebantur</strong></span> 
     </span>
     <span class='ocr_line' id='line_1_98' title="bbox 1166 3347 2053 3404; baseline 0.003 -15"><span class='ocrx_word' id='word_1_503' title='bbox 1166 3347 1354 3400; x_wconf 84' lang='lat' dir='ltr'><strong>obsides,</strong></span> <span class='ocrx_word' id='word_1_504' title='bbox 1393 3352 1443 3390; x_wconf 91' lang='lat' dir='ltr'><strong>ut</strong></span> <span class='ocrx_word' id='word_1_505' title='bbox 1478 3348 1532 3389; x_wconf 89' lang='lat' dir='ltr'><strong>ab</strong></span> <span class='ocrx_word' id='word_1_506' title='bbox 1570 3348 1742 3402; x_wconf 88' lang='lat' dir='ltr'><strong>Norba,</strong></span> <span class='ocrx_word' id='word_1_507' title='bbox 1782 3349 1858 3391; x_wconf 89' lang='lat' dir='ltr'><strong>ubi</strong></span> <span class='ocrx_word' id='word_1_508' title='bbox 1893 3362 2053 3404; x_wconf 77' lang='lat' dir='ltr'><strong>parunt</strong></span> 
     </span>
     <span class='ocr_line' id='line_1_99' title="bbox 1166 3410 2048 3464; baseline 0.001 -12"><span class='ocrx_word' id='word_1_509' title='bbox 1166 3410 1385 3452; x_wconf 87' lang='lat' dir='ltr'><strong>commode</strong></span> <span class='ocrx_word' id='word_1_510' title='bbox 1404 3414 1563 3464; x_wconf 84' lang='lat' dir='ltr'><strong>essent,</strong></span> <span class='ocrx_word' id='word_1_511' title='bbox 1594 3411 1678 3454; x_wconf 87' lang='lat' dir='ltr'><strong>alio</strong></span> <span class='ocrx_word' id='word_1_512' title='bbox 1698 3411 2048 3464; x_wconf 85' lang='lat' dir='ltr'><strong>traducerentur,</strong></span> 
     </span>
    </p>
   </div>
   <div class='ocr_carea' id='block_1_11' title="bbox 1167 3477 2051 3587">
    <p class='ocr_par' dir='ltr' id='par_1_18' title="bbox 1167 3477 2051 3587">
     <span class='ocr_line' id='line_1_100' title="bbox 1167 3477 2051 3531; baseline 0.003 -12"><span class='ocrx_word' id='word_1_513' title='bbox 1167 3488 1431 3529; x_wconf 83' lang='lat' dir='ltr'><strong>concessum,</strong></span> <span class='ocrx_word' id='word_1_514' title='bbox 1441 3482 1491 3518; x_wconf 94' lang='lat' dir='ltr'><strong>ut</strong></span> <span class='ocrx_word' id='word_1_515' title='bbox 1503 3477 1693 3531; x_wconf 86' lang='lat' dir='ltr'><strong>Signiam</strong></span> <span class='ocrx_word' id='word_1_516' title='bbox 1707 3484 1754 3524; x_wconf 82' lang='lat' dir='ltr'><strong>et</strong></span> <span class='ocrx_word' id='word_1_517' title='bbox 1768 3479 2051 3524; x_wconf 82' lang='lat' dir='ltr'><strong>Ferentinum</strong></span> 
     </span>
     <span class='ocr_line' id='line_1_101' title="bbox 1167 3540 1644 3587; baseline 0.004 -2"><span class='ocrx_word' id='word_1_518' title='bbox 1167 3540 1432 3587; x_wconf 79' lang='lat' dir='ltr'><strong>transirent.&#39;</strong></span> <span class='ocrx_word' id='word_1_519' title='bbox 1459 3540 1644 3587; x_wconf 71' lang='lat' dir='ltr'><strong>Lambini.</strong></span> 
     </span>
    </p>
   </div>
  </div>
 </body>
</html>
