2306 3900
737 230 959 273 RERUM
1005 232 1080 272 ΕΤ
1123 229 1493 275 VERBORUM.

240 358 463 412 legendum.
491 355 621 411 Vulgo
648 365 721 406 est,
738 357 978 400 Erithonem.
1018 359 1068 400 In

242 414 348 454 Mss.
368 426 408 466 q.
426 412 667 454 Critbonem.
683 426 725 452 v·
740 411 846 466 not.)

190 467 331 509 Critias
372 467 606 508 Atheniens.
637 473 827 521 tyrannus
867 466 988 506 mittit
1017 468 1068 506 ad

241 521 488 575 Lysandrum
519 519 588 568 vii,
608 524 676 562 10.
704 521 783 559 dux
812 526 1068 572 tyrannorum
1121 522 1129 533 ¹

239 575 386 615 Athen.
402 575 511 615 cadit
525 575 568 614 in
581 573 714 627 praelio
741 573 824 621 viii,
838 578 865 615 2

186 628 405 669 Crudelitas
436 628 630 682 Lysandri
656 627 711 680 vi,
729 631 755 668 2
797 634 859 668 est
885 627 927 666 in
944 627 1068 668 victo-

237 682 295 722 ria
321 695 387 730 xx,
403 686 431 723 2
472 682 680 722 crudelitas
709 681 853 722 civium
878 694 971 735 erga
998 697 1069 722 no-

236 735 347 776 biles¹
360 735 428 783 vii,
445 738 473 776 ,4

185 787 398 830 cruentare
427 799 563 828 manus
589 788 778 842 sanguine
813 802 968 830 suorum
997 789 1070 843 (de

236 843 299 938 ilia,
318 844 388 896 qui
405 857 447 884 se
464 843 630 883 miscent
648 843 758 883 bellis
777 843 978 897 civilibus)
1005 858 1070 892 xv,

183 949 378 992 Cubitust
407 951 448 990 in
466 950 640 991 cubitum
658 950 814 990 innixus
842 964 932 999 xxv,
949 955 1002 993 21

184 1004 315 1045 Cullei
351 1019 376 1045 a
412 1005 527 1045 milit.
563 1004 779 1057 comparati
813 1005 953 1059 (sacci,
994 1019 1072 1045 una

236 1071 327 1099 cum
347 1059 508 1108 utribus,
525 1059 626 1098 inter
650 1071 742 1098 vasa
768 1059 950 1100 militaria
966 1059 1073 1112 traji-

235 1113 378 1153 ciendo
389 1114 509 1160 amni,
526 1111 623 1165 διο.)
650 1113 757 1159 xviii,
775 1117 803 1153 8
831 1161 836 1163 λ

182 1164 323 1220 Culpae
341 1180 422 1207 suae
436 1168 604 1207 tribuere
622 1167 771 1219 aliquid
798 1166 867 1214 vii,
881 1171 909 1208 6
950 1166 1071 1207 alicu·

231 1218 300 1272 jus
320 1221 452 1261 omnia
471 1222 636 1261 tribuere
666 1221 736 1268 vii,
754 1225 779 1262 7
825 1221 943 1273 culpa
972 1220 1071 1275 (vel,

237 1280 284 1338 ut
318 1275 400 1324 alii,
433 1275 553 1329 culpa
580 1275 669 1327 sua)
695 1286 776 1313 rem
805 1275 907 1315 male
941 1288 1074 1328 gerere

182 1332 334 1422 Cuxlltii}
359 1381 596 1422 domesticus
623 1365 739 1435 (usus
774 1380 953 1434 familiae)
980 1394 1070 1429 xxv,

236 1439 288 1476 13
328 1435 580 1489 quotidianus
607 1448 703 1482 xxv,
723 1438 774 1475 14
818 1435 968 1475 cultum
985 1449 1071 1475 ves-

235 1489 428 1543 titumque
456 1495 606 1528 mutare
646 1489 700 1536 iv,
733 1492 758 1530 3
799 1488 928 1529 cultus
953 1489 1073 1541 parsi-

234 1536 368 1584 nionia
394 1543 462 1592 vii,
510 1546 561 1584 11
620 1541 716 1597 (hac
743 1555 843 1583 voce
883 1549 1071 1582 notantur

234 1610 297 1646 ea,
326 1598 468 1652 quibus
497 1597 539 1637 in
571 1602 732 1637 externo
761 1602 915 1649 paratu,
946 1597 1071 1636 famu-

233 1650 335 1700 litio,
351 1652 513 1699 vestitu,
528 1656 570 1691 et
586 1651 775 1690 similibus
801 1650 982 1703 indigent
998 1652 1070 1690 ho-

234 1705 360 1747 mines
403 1711 473 1745 aut
517 1710 692 1744 utuntur.
738 1703 900 1756 Boecl.)
941 1704 1071 1745 cultus

180 1772 316 1855 cuii?
309 1759 494 1869 <⁰511ssssssss
509 1758 728 1867 22:322}ss
741 1761 888 1852 :³1:232
923 1811 1069 1852 benum

234 1867 377 1909 inferre
408 1866 534 1909 voluit
566 1866 669 1921 (quo
714 1866 911 1922 tempore)
954 1867 1008 1914 xi,
1040 1870 1068 1908 2

232 1935 324 1963 cum
346 1922 514 1974 primum
536 1920 668 1974 potuit
691 1919 783 1975 (ubi
812 1920 993 1974 primum,
1023 1927 1069 1961 ut

280 1976 423 2030 hum)
449 1989 515 2023 xx,
536 1979 561 2016 3
602 1974 816 2029 (Notanda
832 1981 893 2015 est
908 1975 1067 2028 elegans

262 2030 352 2084 ujus
365 2030 473 2071 vocis
490 2035 532 2070 et
554 2028 678 2069 veluti
829 2027 929 2069 osita
953 2042 1064 2068 usur-

233 2084 360 2138 patio,
394 2085 447 2125 ad
473 2084 579 2124 hunc
615 2083 773 2123 modum
796 2083 831 2135 z)
858 2082 1064 2122 dimidium

231 2137 403 2191 spatium
416 2138 653 2185 confecerat,
670 2149 760 2176 cum
773 2137 892 2176 allata
905 2143 965 2176 est
982 2149 1065 2176 sus·

231 2190 340 2244 picio
376 2204 462 2245 pro,
479 2205 569 2232 cum
587 2190 725 2231 dimid.
753 2195 854 2242 spat.
873 2190 1065 2230 confecis-

231 2251 306 2293 set,
324 2245 363 2285 al
403 2252 445 2286 ta
470 2251 532 2290 est
562 2244 617 2299 s.)
644 2243 752 2290 xviii,
771 2248 799 2284 9
843 2242 929 2295 (Ita
960 2256 1066 2296 saepe

233 2298 391 2340 Curtius
419 2305 460 2340 et
481 2297 633 2339 Poetae.
660 2297 772 2350 Virg.
790 2297 888 2338 AEn.
916 2302 929 2321 ‘
945 2297 1023 2337 Vix
1043 2311 1067 2338 e

230 2358 448 2406 conspectu
483 2351 627 2392 Siculae
670 2350 818 2391 telluris
857 2350 901 2391 in
943 2351 1065 2391 altum

229 2405 333 2446 Vela
361 2407 525 2454 dabant,
542 2419 632 2447 cum
656 2404 793 2453 Juno,’
811 2403 887 2446 ὅτε.
933 2404 1065 2445 Vorst.

233 2473 276 2500 ν.
287 2460 417 2515 Bang.
429 2461 514 2502 obs·
527 2459 669 2514 philol.
683 2458 753 2500 lib.
765 2461 806 2500 2.
815 2471 907 2512 pag·
923 2459 1066 2512 1182).

233 2526 324 2554 cuin
340 2528 391 2556 eo
409 2513 649 2567 pervenisset
664 2512 739 2566 (de
754 2511 910 2564 futuro)
937 2510 968 2559 i,
984 2516 1068 2553 2⁴-

234 2568 337 2610 Cum
363 2566 665 2623 (conjunctio):
705 2577 795 2605 cum
829 2564 1066 2613 humanitas,

233 2627 317 2661 tum
333 2620 590 2663 communitas
616 2619 645 2667 i,
663 2622 690 2660 8
733 2618 926 2672 (eleganti
943 2631 1067 2672 copu-

233 2675 342 2716 landi
370 2675 606 2728 significatu,
635 2674 687 2736 de
718 2685 798 2725 quo
814 2672 919 2734 idem
938 2672 1068 2726 Bang.

233 2727 796 2836 ffisssssstssffissffltess
820 2732 923 2820 {355¹
924 2726 1067 2833 2135:

233 2844 317 2878 tum
353 2838 472 2878 etiam
499 2836 658 2876 licentia
698 2833 807 2882 xviii,
838 2838 864 2875 8
910 2835 997 2888 (Sic
1026 2843 1067 2874 et

234 2892 388 2933 Cicero.
427 2892 508 2931 vid.
532 2888 696 2930 Turseli.
727 2889 756 2929 l.
782 2887 841 2942 c.)
869 2902 959 2929 cum
985 2901 1066 2952 non

235 2942 1066 3051 1¹:3¹¹3³2<5¹2¹313¹{5131ssss”1221‘5203'130‘231

236 3052 362 3100 sisset,
387 3066 478 3094 cum
505 3053 695 3093 exercitus
728 3058 785 3091 ter
820 3051 858 3090 ei
884 3050 1067 3104 jurasset,

237 3120 326 3146 cum
339 3107 377 3147 ei
389 3112 491 3147 esset
499 3106 781 3146 infensissimus
796 3104 906 3157 (cum
922 3111 1067 3152 tamen,

234 3160 323 3208 etsi,
351 3159 449 3213 ὅτε.)
477 3159 584 3207 xviii,
601 3163 654 3201 10
699 3172 788 3198 cum
807 3160 926 3198 tantis
955 3159 1068 3198 rebus

235 3214 453 3268 praefuisset
469 3212 526 3260 iii,
545 3216 570 3252 8
589 3212 675 3266 (Sic
692 3212 842 3252 Seneca
858 3218 983 3253 contr.
1002 3216 1067 3252 10.

237 3275 250 3293 ·
265 3268 444 3308 Latronis
469 3266 676 3306 admirator
708 3272 804 3312 erat,
822 3278 912 3305 cum
941 3265 1068 3305 diver-

235 3318 1068 3429 32:2¹5,35'3231323ffl32‘3233222{113332¹

237 3430 446 3476 Quomodo
469 3436 509 3470 ct
536 3427 675 3469 Cicero
706 3439 752 3468 ac
780 3426 967 3467 Horatius
995 3426 1069 3465 hac

1819 222 2024 275 xxxvii

1196 360 1384 412 particula
1402 359 1477 400 usi:
1492 373 1529 399 v.
1545 358 1677 399 Gifan.
1690 359 1862 413 append.
1879 360 2031 400 observ.

1197 427 1286 467 pag.
1303 414 1420 465 291).
1447 426 1536 454 cum
1553 415 1712 467 quidem
1729 429 1738 453 ε
1757 428 1793 453 v.
1811 412 1984 461 Quidem

1142 467 1334 509 cumeum
1351 469 1450 508 adeo
1465 469 1683 509 excellebat
1696 467 1754 515 iii,
1778 472 1799 509 1
1829 467 1914 521 (Sic
1926 467 2029 506 Mss.

1196 520 1304 561 Dan.
1331 535 1416 574 pro,
1435 534 1672 575 quanquam.
1698 522 1763 562 Sic
1788 527 1831 562 et
1850 520 1948 561 alios
1970 520 2029 560 lo-

1195 581 1322 622 cutos,
1358 577 1477 616 docet
1510 576 1634 616 nobil.
1661 575 1798 616 Heins-
1833 576 1882 615 ab
1911 575 2031 615 Ovid.

1196 628 1290 668 Vid.
1307 628 1400 669 VV.
1417 629 1496 669 LL.

1143 681 1245 723 Cum
1258 629 1543 743 (praepositiogz
1557 696 1646 723 cum
1660 695 1708 722 eo
1719 681 1817 736 (ope
1829 688 1871 722 et
1878 688 2030 734 tempo·

1197 748 1238 776 re
1255 735 1363 788 eJus)
1383 750 1445 782 xv,
1457 740 1508 778 lo
1534 737 1595 790 (in
1613 750 1653 789 q.
1670 737 1763 776 edd.
1782 736 1860 775 Sed
1880 735 1956 788 leg.
1970 741 2031 775 est

1197 795 1210 813 ⁸
1224 796 1359 830 contra
1369 789 1466 843 ea').
1503 803 1594 830 cum
1613 789 1807 842 aliquibus
1817 802 1902 828 esse
1913 790 2032 842 (prae-

1199 844 1326 884 sentia
1342 850 1411 883 aut
1430 843 1594 884 societas
1613 841 1826 896 iudicatur)
1853 843 1961 890 xviii,
1978 847 2030 883 10

1198 897 1263 938 Sic
1275 911 1294 936 r
1313 911 1403 937 cum
1411 898 1616 951 AEgyptiis
1633 897 1778 937 bellum
1797 909 1927 959 gerere
1940 898 2032 936 adv.

1201 964 1331 1004 regem
1357 951 1421 1005 (in
1435 952 1627 991 societate
1645 950 1947 1004 AEgyptlorum)
1963 950 2031 998 xii,

1203 1008 1227 1045 3
1248 1018 1337 1045 curn
1351 1006 1492 1058 quibus
1508 1019 1558 1045 ne
1578 1012 1682 1044 arina
1693 1011 1830 1045 contra
1842 1010 1880 1043 te
1893 1005 2031 1043 ferrem

1202 1072 1292 1106 xxv,
1306 1063 1333 1099 4
1360 1059 1465 1112 (vid.
1490 1059 1684 1112 Bellum).
1703 1072 1792 1099 cum
1812 1057 2030 1098 offensione

1201 1125 1343 1165 magna
1355 1112 1499 1153 civium
1517 1112 1641 1152 redire
1668 1112 1697 1159 i,
1716 1117 1740 1154 7
1775 1125 1865 1152 cum
1882 1124 2032 1152 summa

1201 1167 1419 1207 offensione
1454 1167 1619 1219 alicujus
1654 1179 1850 1206 remanere
1872 1179 1972 1213 xxv,
2004 1170 2031 1206 7

1200 1220 1448 1273 (comitante,
1475 1222 1737 1274 subsequente
1781 1220 1920 1259 offens.
1963 1219 2031 1258 Ad

1200 1275 1307 1314 liunc
1325 1275 1483 1313 modum
1500 1275 1526 1315 J
1530 1274 1679 1314 ustinus
1706 1274 1773 1320 vii,
1791 1278 1833 1321 2,
1852 1279 1876 1314 5
1915 1278 1927 1297 ‘
1941 1285 2031 1313 cum

1199 1341 1330 1367 amore
1343 1328 1589 1380 popularium
1601 1326 1870 1368 administrato
1883 1326 2031 1380 regno.'

1199 1381 1331 1420 Vorst.
1371 1394 1462 1422 cum
1474 1388 1584 1421 tanto
1599 1381 1748 1434 flagitio
1759 1382 1917 1420 domum
1930 1381 2033 1420 redi-

1198 1448 1239 1474 re
1269 1435 1316 1488 (a
1346 1436 1460 1474 misso
1488 1435 1556 1474 tali
1572 1435 1743 1484 scelere3
1784 1434 1860 1481 vel,
1881 1435 2035 1473 macula

1198 1488 1353 1528 sceleris
1365 1488 1632 1542 inquinatum)
1661 1488 1753 1535 xxii,
1770 1493 1791 1529 1
1822 1501 1911 1527 cum
1929 1488 2032 1540 epis-

1199 1542 1281 1582 tola
1308 1541 1461 1583 mittere
1496 1543 1663 1596 aliquem
1699 1543 1750 1582 ad
1786 1543 1840 1589 iv,
1872 1545 1899 1582 4
1941 1555 2031 1582 cum

1200 1595 1363 1648 imperio
1390 1597 1533 1636 habere
1569 1596 1740 1649 aliquem
1769 1595 1877 1648 apud
1906 1608 2032 1635 exerc.

1196 1649 1439 1702 (praefecisse
1452 1651 1659 1703 exercitui)
1672 1650 1776 1696 xxiii,
1789 1654 1814 1690 ⁷
1844 1649 1930 1703 (Sic
1943 1649 2034 1690 cic.

1198 1715 1269 1755 pro
1289 1703 1458 1744 Flacco:
1500 1704 1595 1757 ‘qui
1624 1717 1750 1756 nuper
1774 1715 1924 1743 summo
1942 1716 2032 1743 eum

1198 1757 1362 1810 imperio
1389 1757 1534 1798 fuerit.'
1563 1757 1717 1811 Vorst.)

1143 1809 1298 1851 Cuncta
1315 1811 1469 1852 Graecia
1487 1810 1709 1864 (universa)
1736 1810 1780 1858 ii,
1799 1814 1826 1851 9

1142 1865 1326 1917 Cupere:
1354 1866 1466 1918 cupit
1495 1879 1537 1906 se
1567 1871 1697 1906 tecum
1723 1864 1911 1904 affinitate
1938 1877 2033 1904 con·

1189 1917 1308 1972 jungi
1333 1919 1387 1966 iv,
1406 1923 1432 1960 2
1460 1926 1624 1973 uterque
1641 1932 1683 1959 se
1709 1918 1927 1971 principem
1951 1931 2034 1958 esse

1193 1986 1283 2020 xxv,
1302 1976 1356 2013 20
1383 1972 1447 2026 (in
1465 1973 1607 2026 quibus
1626 1973 1743 2026 vulgo
1760 1971 1808 2012 τὸ
1826 1985 1869 2011 se
1888 1971 2034 2019 omitti-

1195 2031 1284 2066 tur:
1305 2040 1341 2065 v.
1359 2027 1432 2066 inf.
1461 2027 1548 2081 Se.)

1142 2080 1350 2132 Cupidus:
1379 2081 1524 2120 nullius
1553 2079 1610 2119 rei
1638 2078 1820 2132 cupidus,
1847 2077 1923 2118 nisi
1953 2078 2032 2118 sin-

1193 2134 1336 2186 gularis
1370 2134 1523 2187 imperii
1561 2133 1640 2180 xxi,
1669 2137 1696 2174 2
1741 2146 1823 2172 non
1857 2132 2036 2185 cupidior

1194 2188 1344 2235 salutis,
1371 2201 1489 2241 quam
1514 2188 1605 2228 fidei
1632 2185 1883 2251 (scilvamico
1901 2188 2035 2240 oppri-

1194 2242 1340 2282 mendo
1351 2241 1574 2295 servandae)
1594 2241 1732 2288 xviii,8
1761 2240 2034 2292 cupidissimus

1193 2295 1388 2335 literarum
1414 2292 1520 2343 ixiv,
1538 2300 1563 2337 3
1609 2294 1754 2347 cupide
1770 2294 1928 2334 elaboro
1946 2293 2037 2347 (ve-

1194 2349 1394 2390 hementer
1406 2348 1572 2400 studeo)
1589 2348 1679 2396 iim
1709 2348 1903 2400 cupiditas
1914 2347 2034 2401 hujus

1196 2403 1318 2455 major
1335 2404 1541 2444 intercedit
1558 2403 1665 2443 eain
1682 2415 1722 2443 re
1737 2401 1928 2456 (impetus
1949 2402 2033 2441 ani-

1196 2457 1247 2495 mi
1259 2457 1478 2510 cupientis)
1506 2471 1545 2504 x,
1567 2461 1587 2497 1
1618 2455 1875 2508 cupiditatem
1893 2456 2036 2495 habere

1193 2510 1345 2550 notitiae
1377 2511 1469 2550 clar.
1499 2510 1668 2550 virorum
1700 2507 1917 2562 (studium)
1944 2522 2035 2556 xxv,

1198 2567 1248 2603 18
1284 2565 1336 2603 ad
1368 2563 1623 2615 cupiditatem
1654 2562 1806 2614 imperii
1822 2561 1920 2601 trahi
1939 2575 2034 2602 con-

1195 2617 1402 2657 suetudine
1430 2618 1458 2665 i,
1473 2621 1499 2658 8
1527 2616 1745 2669 cupiditate
1769 2615 1942 2654 bellandi
1968 2615 2037 2654 fla-

1196 2684 1303 2723 grare
1331 2671 1422 2718 xxii,
1455 2675 1477 2712 1
1520 2669 1730 2710 incendere
1748 2668 1840 2722 aliq.
1869 2669 1975 2716 xxiii,
2008 2673 2036 2709 2

1194 2725 1358 2764 mirabili
1376 2725 1578 2777 pugnandi
1595 2724 1754 2776 flagrare
1783 2723 1810 2769 i,
1829 2728 1852 2763 5
1883 2723 2036 2775 cupidi-

1196 2784 1275 2818 tate
1288 2779 1417 2831 aliqua
1438 2779 1521 2831 rapi
1548 2779 1589 2816 in
1605 2777 1880 2817 Macedoniam
1898 2778 2038 2829 (vehe-

1195 2833 1381 2872 mentiore
1399 2831 1613 2884 desiderio)
1643 2831 1749 2878 xviii,
1767 2835 1794 2871 6
1821 2831 2037 2883 cupiditate

1195 2887 1398 2926 dissentire
1410 2886 1487 2939 (sc.
1500 2885 1649 2938 imperii
1667 2899 1678 2934 ;
1706 2898 1786 2924 non
1799 2885 1891 2924 odio
1904 2891 2037 2938 tyran·

1195 2941 1314 2988 nidis,
1331 2947 1393 2985 qut·
1415 2940 1593 2993 additur)
1623 2953 1687 2986 xx,
1706 2942 1732 2979 2
1772 2952 1797 2978 a
1820 2939 2037 2991 cupiditate

1196 2995 1375 3047 pecuniae
1414 3001 1565 3034 tantum
1603 2993 1737 3032 abesse
1770 3000 1815 3032 ut
1860 3007 1950 3040 xxv,
1987 2997 2036 3032 12

1195 3049 1477 3101 cupiditatibus
1522 3047 1750 3100 turpissimis
1786 3047 1908 3085 imbui
1945 3047 2036 3099 (vo-

1197 3102 1237 3142 lu
1271 3109 1298 3142 t.
1351 3117 1390 3149 x,
1416 3107 1442 3143 4

1144 3102 1483 3209 Curapgtudium,
1511 3154 1759 3207 diligentia):
1789 3166 1920 3192 curam
1948 3151 2038 3192 dili-

1198 3210 1447 3262 gentiamque
1484 3209 1667 3248 adhibere
1711 3221 1800 3254 xxv,
1836 3210 1887 3247 21
1934 3219 2037 3246 curae

1198 3263 1271 3302 sibi
1287 3264 1429 3302 habere
1441 3262 1588 3314 aliquid
1617 3274 1704 3307 αν,
1719 3264 1773 3302 20
1801 3273 1893 3300 cura
1903 3273 2038 3301 omnes

1196 3316 1350 3355 vincere
1378 3315 1521 3363 xviii‚1
1553 3327 1694 3367 magua
1706 3315 1902 3354 custodire
1931 3314 2038 3361 xxiii,

1197 3373 1224 3409 9
1245 3382 1323 3408 non
1344 3369 1427 3409 sine
1446 3382 1539 3408 cura
1555 3382 1634 3409 rem
1653 3369 1919 3409 administrare
1939 3370 1992 3414 ix,
2012 3373 2034 3408 4

1144 3423 1249 3464 Curo
1269 3436 1338 3476 per
1349 3423 1455 3464 hunc
1468 3430 1511 3463 ut
1526 3423 1567 3464 id
1585 3422 1654 3463 fiat
1672 3437 1734 3471 xv,
1749 3428 1774 3465 4
1794 3437 1924 3465 curare
1940 3435 2036 3474 prae·
