2306 3900
700 241 832 280 Χιν.
900 240 1233 292 DATAMEM,
1273 242 1406 281 cAr.
1445 227 1534 282 11.

255 358 336 404 Qui
370 360 617 411 explorarent
651 362 767 412 alque
797 360 902 412 ipsos
928 363 1079 400 scruta-

197 427 333 462 rentur
366 422 548 475 mittunt]
603 422 783 464 Nullum
819 424 1079 476 colloquium

196 499 383 541 unquam
401 487 670 529 commissum
701 486 795 528 sine
814 487 1082 540 excussione,

198 563 272 592 seu
312 551 593 603 scrutatione,
626 550 862 604 antiquitus
892 549 994 602 fuit,
1026 562 1081 591 ne

197 616 292 668 quis
305 616 436 656 sicam
457 614 628 655 aliudve
658 614 793 655 telum
818 614 992 655 occulto
1009 613 1082 654 ab·

198 678 337 719 ditum
355 678 451 718 loco
469 677 718 730 stringeret.
788 677 916 720 Quod
937 676 1080 718 Latini

197 742 384 793 scrutari,
430 744 684 793 proetentare,
711 746 839 794 atque
885 745 1081 792 excutere,

199 805 345 846 Graeci
362 804 572 857 ἐξερευνᾷν,
584 803 760 854 ἐκσείειν,
777 809 824 845 et
843 802 1083 845 ἐκτινάσσειν

198 868 434 921 appellant.
486 868 600 909 Vide
620 868 798 909 Sueton.
828 867 1009 909 Claudio
1041 880 1083 910 c.

198 935 268 974 85.
321 932 543 975 scrutatio
561 938 706 974 autem
738 933 822 974 ista
850 931 986 974 fiebat
1003 943 1083 985 per

201 995 399 1036 delectos
434 995 621 1036 invicem
655 995 880 1051 utriusque
920 996 1085 1050 partis;

201 1058 324 1098 verbi
342 1058 508 1111 gratia:
539 1059 719 1100 Datami
737 1058 935 1100 delectus
953 1072 1086 1101 excu-

199 1122 338 1164 tiebat
355 1121 683 1173 Mithridatem3
723 1128 770 1163 et
792 1127 942 1163 contra
960 1122 1087 1175 hujus

200 1186 454 1239 explorator
498 1186 729 1227 Datamen.
810 1186 895 1227 Isti
941 1184 1085 1227 officio

199 1250 437 1292 destinatos
456 1249 689 1303 Polyaenus
720 1255 850 1292 vocat
876 1248 1085 1303 ἀγγέλους,

199 1314 273 1368 qni
292 1326 376 1355 non
395 1314 532 1356 solnm
563 1319 707 1355 vestes
739 1313 1085 1367 pertrectabant‚

199 1377 276 1418 sed
296 1377 466 1434 penitus
484 1377 787 1421 detrahebant.
841 1378 987 1418 Docet
1014 1389 1085 1418 me

197 1442 282 1482 hoc
301 1441 496 1495 Polyaen.
527 1441 570 1481 in
599 1440 823 1492 Iphicrate
842 1439 1086 1482 Comment.

202 1506 274 1546 lib.
290 1516 362 1545 111.
397 1508 467 1546 40.
499 1502 720 1556 Ἰφικράτης
738 1503 781 1544 ἐν
797 1503 1003 1556 Θεσσαλίᾳ
1021 1502 1086 1544 καὶ

199 1567 339 1609 Ἰάσων
356 1568 379 1608 ὁ
394 1567 580 1621 τύραννος
594 1566 772 1616 πλησίων
783 1567 962 1618 ποταμοῦ
974 1566 1086 1608 στεί-

201 1637 342 1674 ewam
358 1632 597 1685 βουλόμενοι,
609 1631 657 1673 δι’
674 1630 856 1684 ἀγγέλων
873 1630 1087 1685 ἠρεύνησαν

202 1695 415 1748 ἀλλήλους,
433 1695 498 1737 καὶ
514 1696 567 1737 τὰ
580 1695 743 1747 σώματα
759 1695 1001 1747 ἐγύμνωσαν.
1028 1696 1087 1736 Et

201 1761 247 1801 in
267 1761 525 1802 Mithridate
544 1761 711 1802 Comm.
725 1761 757 1801 l.
773 1771 859 1801 vu.
886 1764 926 1802 1.
946 1759 1088 1811 Ἄμφω

202 1824 251 1873 δὴ
277 1823 371 1865 τότε
406 1822 647 1873 ωινηλθέτην
673 1823 807 1874 'rupe-mh
833 1821 1088 1875 διαλεξαμένω

202 1887 291 1940 περὶ
308 1885 362 1928 ὃν
378 1886 472 1942 χρή.
526 1887 689 1930 sustin.
718 1886 797 1928 lib.
815 1897 1020 1928 xxxvur.
1047 1891 1087 1929 1.

206 1957 220 1979 ‘
242 1953 466 1996 Solicitato
505 1952 670 2005 juvene
714 1951 770 1992 ad
813 1951 1087 2005 colloquium,

204 2029 300 2058 cum
323 2015 483 2056 ferrum
501 2014 765 2056 occultatum
796 2013 908 2053 inter
935 2012 1088 2054 fascias

204 2085 403 2133 gereret3
445 2077 681 2120 scrutatori
699 2076 755 2117 ab
773 2075 1003 2119 Ariarathe
1023 2087 1090 2117 re·

203 2144 275 2197 gio
293 2154 413 2184 more
433 2142 577 2193 misso,
603 2140 810 2182 curiosius
840 2139 972 2181 imum
987 2151 1091 2180 ven·

203 2213 317 2248 trem
336 2204 625 2259 pertractanti
641 2204 703 2245 ait
716 2215 886 2255 cavere,
902 2215 957 2244 ne
974 2202 1091 2244 aliud

137 2299 141 2302 -
205 2271 340 2312 telum
360 2268 592 2320 inveniret,
605 2279 730 2321 quam
744 2265 990 2320 quaereret.'
1017 2266 1091 2307 Sic

206 2332 477 2386 Paedagogus
516 2330 738 2384 Sarpedon
780 2330 993 2372 Catonem
1036 2329 1092 2371 ad

205 2396 366 2436 Sullam
413 2405 586 2448 semper
631 2405 861 2435 excussum
896 2393 1091 2436 adduxit.

204 2463 302 2504 val.
321 2472 393 2503 ιιι.
415 2464 455 2503 I.
472 2463 515 2502 2.
556 2459 651 2501 Imo
670 2471 727 2502 ex
744 2464 957 2514 perpetuo
972 2465 1091 2502 metu

1916 188 2025 283 575

1141 359 1391 401 Alexander
1409 360 1618 412 Pbereus,
1637 370 1721 401 non
1742 359 1859 413 prius
1873 371 1920 401 se
1937 361 2026 401 lec-

1144 427 1189 463 to
1207 424 1351 464 uxoris
1365 423 1550 465 Thisbes
1567 422 1879 476 committebat,
1896 435 2026 477 quam

1143 499 1167 527 a
1199 487 1479 540 stipatoribus
1512 487 1745 540 diligenter
1775 492 1892 528 esset
1909 499 2029 529 scru-

1144 555 1272 590 tatus.
1326 549 1440 590 Item
1462 549 1691 602 Dionysius
1711 550 1907 603 superior
1924 562 2029 591 neu-

1144 613 1252 655 trius
1272 624 1458 666 unquam
1491 613 1582 654 sive
1612 612 1931 656 Aristomaches
1947 615 2026 667 Sy-

1145 688 1366 718 racusanae
1402 675 1490 716 sive
1529 675 1743 717 Chloridis
1786 677 2029 728 Locrensis,

1143 739 1227 780 nisi
1266 751 1458 780 excussae
1491 739 1765 791 complexum
1797 741 1940 792 petiit,
1980 747 2031 782 ut

1144 801 1284 843 refert
1301 801 1418 842 idem
1437 800 1513 843 lib.
1533 811 1600 842 ιι.
1622 804 1688 843 13.
1719 801 1922 845 Gebhard.
2028 849 2029 852 ,

1205 866 1283 908 Ubi
1299 866 1420 907 telum
1437 870 1523 907 erat
1535 864 1727 918 positum]
1765 866 1891 909 Quod
1909 858 2031 910 Lam.

1145 929 1271 971 binus
1305 930 1375 971 hic
1406 930 1642 983 Nepotem,
1675 929 1786 971 male
1817 931 2031 972 vocabulo

1144 993 1217 1034 teli
1244 1005 1366 1034 usum
1393 994 1552 1046 arguit,
1581 1005 1668 1034 non
1699 994 1892 1047 intelligo
1926 995 2032 1049 quid

1147 1056 1269 1097 velit.
1324 1055 1432 1097 Ait:
1459 1057 1472 1079 ‘
1493 1056 1640 1098 Gladii
1671 1069 1757 1098 non
1789 1062 1890 1099 sunt
1914 1059 2030 1099 tela:

1147 1131 1287 1173 neque
1324 1118 1562 1173 gladiorum
1609 1121 1903 1173 appellatione
1945 1122 2034 1162 tela

1148 1183 1457 1226 continentur.'
1485 1184 1618 1225 Certe
1634 1184 1801 1237 gladios
1820 1187 1910 1227 tela
1922 1197 2034 1239 esse,

1146 1246 1193 1288 id
1212 1252 1295 1299 est,
1311 1246 1524 1288 contineri
1540 1247 1618 1288 sub
1641 1248 1825 1290 telorum
1851 1249 2033 1291 vocabu·

1147 1311 1208 1362 lo,
1238 1311 1381 1352 notius
1414 1323 1540 1364 quam
1570 1316 1621 1352 ut
1651 1311 1721 1353 hic
1751 1312 1924 1354 ostendi
1955 1312 2033 1354 de-

1146 1373 1280 1424 beat;
1308 1373 1456 1427 quidni
1486 1374 1618 1426 igitur
1643 1374 1804 1426 gladius
1822 1377 1943 1417 telum
1961 1389 2036 1431 ap·

1148 1437 1414 1489 pellar-etur?
1465 1449 1562 1478 cum
1592 1442 1639 1479 et
1668 1438 1815 1491 pugio,
1841 1444 1889 1481 et
1916 1440 2035 1493 quod

1148 1511 1281 1552 genus
1299 1512 1515 1542 armorum
1533 1513 1619 1542 non
1636 1501 1716 1542 sub
1734 1503 1825 1543 telis
1842 1515 2038 1556 compre·

1147 1562 1376 1605 hendatnr.
1422 1564 1604 1605 Boecler.
1665 1564 1760 1606 ‘Ubi
1793 1566 1915 1607 telum
1949 1571 2036 1608 erat

1144 1626 1336 1679 positum]
1364 1627 1526 1668 Melius
1542 1627 1769 1679 impositum
1781 1641 1798 1677 ,⁸
1826 1629 1942 1671 unde
1962 1630 2039 1670 im-

1144 1695 1302 1742 postum
1334 1689 1506 1744 quidam
1537 1696 1749 1733 veterum.
1814 1694 1875 1733 Et
1902 1695 1965 1735 sic
1991 1695 2037 1734 in

1149 1753 1398 1806 Excerptis.
1467 1754 1580 1795 Nam
1611 1758 1784 1807 postam,
1812 1757 2038 1809 impostum,

1148 1819 1347 1869 repostum
1376 1816 1532 1859 crebra
1566 1823 1667 1859 sunt
1698 1824 1788 1860 tam
1821 1820 2037 1863 historicis

1150 1892 1276 1933 quam
1297 1879 1463 1923 Poe'tis.
1524 1881 1660 1923 Telum
1677 1886 1820 1923 autem
1849 1896 1930 1936 pro
1949 1885 2040 1936 gla-

1151 1942 1224 1983 dio
1242 1943 1373 1984 dixit.
1429 1944 1540 1986 Quae
1559 1956 1643 1985 vox
1673 1944 1893 1995 πανδέισνης
1920 1948 2038 2000 apud

1150 2005 1295 2047 ICtoa.
1351 2006 1410 2046 Et
1437 2005 1500 2046 sic
1532 2006 1748 2048 Homerus
1777 2008 1885 2050 ὅπλα
1911 2009 2038 2051 Iliad.

1152 2082 1213 2111 IV.
1250 2069 1339 2111 ἀντὶ
1377 2071 1457 2111 τῶν
1499 2074 1768 2121 χαλκευτικῶν
1807 2071 2037 2125 ἐργαλείων.

1153 2134 1358 2175 mm.

1209 2198 1336 2245 Quem
1363 2209 1481 2250 quum
1496 2195 1626 2248 digito
1651 2198 1905 2250 monstraret]
1958 2200 2041 2240 To·

1154 2266 1244 2303 tam
1262 2261 1371 2301 hanc
1390 2261 1680 2301 narrationem
1708 2261 1843 2304 habet
1871 2263 2040 2316 Polyae-

1155 2337 1234 2366 nus
1254 2324 1330 2366 lib.
1351 2335 1439 2365 vn.
1474 2323 1552 2366 sed
1570 2323 1665 2365 aliis
1683 2324 1938 2378 quibusdam
1957 2327 2041 2369 cir-

1154 2388 1439 2431 cumstantiis.
