2306 3900
321 237 443 296 xlvi

373 378 492 416 horst.
520 378 570 415 ad
608 376 727 427 Apul.
763 376 790 414 1.
823 380 861 416 1.
898 376 949 415 de
986 374 1206 428 philosoph.

375 438 459 469 not.
477 437 518 469 et
535 431 575 468 in
594 430 684 469 lnd.
703 430 855 469 Schott.
872 431 1022 468 observ.
1039 431 1147 468 hum.
1168 443 1206 475 v,

373 487 440 524 33.
468 483 703 523 Rittershus.
723 484 813 523 lect.
833 496 928 523 sacr.
956 482 1013 530 iii,
1030 487 1096 524 12.
1124 483 1208 522 Sal-

374 549 471 577 mas.
501 538 651 576 defens.
676 537 833 576 miscell.
863 551 898 577 c.
929 541 993 578 17.
1026 536 1099 576 &c.
1128 537 1208 576 Ve-

373 602 456 628 rum
471 590 511 628 in
525 591 673 632 omnib.
690 592 789 630 Mss.
802 597 843 630 et
856 592 947 630 edd.
962 597 1058 630 vett.
1072 591 1209 643 Nepo-

374 643 425 682 tis
443 643 583 695 legitur
599 650 610 667 ‘
621 646 727 684 necis
741 645 884 684 causa.’
904 658 940 683 v.
954 645 1058 697 not.)

319 697 443 736 Dies:
473 710 589 750 quem
618 699 722 737 diem
750 699 805 738 sic
833 698 936 737 univ.
955 699 1061 738 civit.
1079 711 1212 751 prose-

375 757 468 790 cuta
495 758 555 791 est
583 751 634 805 (i.
665 766 701 791 e.
730 765 848 805 quem
876 752 1102 799 discessum,
1130 752 1210 790 sive

372 804 482 856 quod
516 805 710 845 discessus
746 819 832 857 ejus
867 805 1042 858 tempus)
1078 809 1210 851 xxv‚4
1276 801 1432 856 Dignus
1461 803 1646 841 memoria

371 857 508 909 (Dies,
522 871 591 910 pro
605 873 653 898 eo
665 861 772 911 quod
784 873 854 911 per
865 860 967 898 diem
981 858 1136 899 accidit.
1151 859 1213 896 lta

371 911 517 951 Joann.
546 913 612 959 xii,
631 917 698 953 27.
726 919 768 952 et
785 913 911 952 Marci
940 913 1017 959 xiv,
1037 917 1104 953 35.
1136 912 1214 963 ὥρα

374 978 444 1016 pro
465 978 512 1004 eo
532 967 639 1017 quod
657 965 700 1005 in
718 979 766 1005 ea
783 966 1053 1006 sustinendum
1079 973 1161 1006 erat
1180 966 1213 1018 :)

374 1018 458 1057 dies
485 1020 726 1060 induciarum
744 1021 928 1072 praeteriit
945 1020 1021 1073 (sc.
1041 1020 1213 1066 ultimus,

374 1073 572 1120 terminus,
601 1072 725 1125 meta)
754 1074 844 1120 xvii,
864 1078 888 1114 3
929 1075 1002 1127 (de
1028 1087 1108 1125 qua
1135 1073 1214 1114 vid.

373 1125 430 1164 H.
451 1125 563 1165 Grot.
582 1129 633 1166 de
648 1127 687 1167 J.
709 1129 799 1167 bell.
829 1134 870 1167 et
898 1141 987 1180 pac.
1014 1129 1069 1174 iii,
1087 1131 1155 1174 21,
1175 1132 1215 1168 4.

374 1180 506 1220 Possis
522 1181 639 1219 etiam
659 1194 798 1233 capere
818 1195 887 1233 pro
909 1187 1082 1233 tempore
1099 1182 1215 1220 indu-

373 1233 519 1273 ciarum
533 1240 632 1282 toto,
647 1235 784 1275 Boecl.
799 1236 862 1275 Sic
881 1235 967 1276 Cic.
983 1236 1059 1287 Ep.
1080 1239 1145 1276 14.
1165 1237 1214 1275 ad

373 1287 556 1326 Tironem
576 1303 585 1327 :
615 1294 626 1312 ‘
648 1289 732 1328 dies
769 1289 1040 1342 promissorum
1077 1289 1215 1329 adest?

372 1341 516 1394 Locc.)
534 1342 639 1382 diem
667 1343 775 1382 obire
801 1343 946 1397 (moriz
977 1343 1120 1383 subint.
1151 1356 1215 1382 su-

372 1408 547 1456 premum
564 1410 576 1445 ;
605 1409 695 1448 quae
707 1398 856 1449 integra
871 1397 1018 1448 phrasis
1029 1398 1216 1448 reperitur

373 1461 403 1495 ι,
417 1453 458 1489 7.
480 1449 551 1496 1111,
567 1453 700 1496 10.’11,
715 1454 755 1490 2.
785 1465 849 1497 xx,
862 1455 901 1490 5.
930 1451 1008 1497 xxi,
1028 1454 1065 1489 1.
1094 1465 1131 1489 v.
1144 1451 1216 1489 inf.

372 1501 575 1556 Suprem.)
583 1503 686 1542 diem
697 1510 840 1544 certam
851 1504 1090 1556 praestituere
1099 1505 1173 1543 alic
1178 1506 1217 1543 ui

370 1555 450 1608 (sc.
469 1561 561 1596 ante
578 1569 696 1608 quam
713 1558 838 1597 redire
862 1559 1008 1597 debeat
1034 1558 1215 1610 domum)

372 1608 442 1654 xii,
461 1613 486 1649 8
516 1609 621 1648 diem
638 1617 873 1663 noctemque
890 1623 1030 1650 navem
1062 1612 1105 1650 in
1132 1612 1215 1650 salo

347 1667 508 1701 *tenere
535 1662 577 1710 ii,
597 1667 623 1704 8
662 1665 752 1704 Sic:
783 1665 867 1716 dies
899 1670 1113 1716 noctesque
1142 1663 1218 1704 iter

371 1715 501 1755 facere
528 1716 607 1764 xiv,
626 1721 654 1758 4
680 1718 722 1757 111
736 1718 839 1757 diem
859 1731 986 1757 emere
1005 1718 1072 1770 (ut
1090 1718 1217 1757 solvas

372 1775 464 1820 post
493 1770 653 1823 aliquod
686 1777 840 1823 tempus
871 1772 951 1811 sive
983 1773 1034 1811 ad
1068 1778 1217 1812 certum

372 1821 501 1876 diem)
529 1837 616 1871 xxv,
633 1829 660 1865 9
687 1825 774 1878 (Sic
791 1825 831 1863 in
847 1825 873 1866 J
876 1839 943 1864 ure
955 1825 1008 1864 R.
1027 1831 1039 1851 ‘
1053 1825 1095 1864 in
1113 1826 1216 1865 diem

372 1877 574 1916 addictio:
591 1877 687 1918 item
715 1885 727 1903 ‘
747 1879 797 1918 ad
817 1879 922 1918 diem
942 1879 1109 1931 pecunia
1127 1893 1216 1931 pro-

372 1930 516 1969 missa.’
534 1931 580 1970 L.
599 1936 666 1973 77.
684 1933 735 1972 de
753 1934 859 1974 verb.
881 1934 999 1985 oblig.
1029 1938 1041 1957 ‘
1058 1933 1099 1972 in
1112 1934 1217 1973 diem

371 1983 571 2035 legatum!
581 1985 628 2024 L.
644 1999 710 2024 un.
725 1988 748 2039 ξ
763 1990 802 2027 3.
817 1989 966 2039 quand.
978 1987 1064 2026 dies
1080 1988 1217 2026 ususfr.

373 2037 450 2090 leg.
470 2039 557 2078 ced.
576 2039 769 2092 Loccen.)
784 2055 908 2094 usque
927 2042 976 2080 ad
996 2042 1098 2081 hanc
1112 2041 1216 2080 diem

371 2092 471 2145 (hoc
490 2092 666 2146 tempus)
693 2095 798 2142 xxiii,
817 2099 843 2135 2
882 2095 948 2134 die
979 2094 1066 2146 ipso
1095 2095 1216 2135 collo-

372 2147 521 2205 qnendi
553 2147 692 2199 (paulo
724 2154 830 2195 ante,
863 2155 1016 2201 tempus
1045 2148 1216 2202 dixerat)

373 2211 454 2246 xiv,
476 2203 525 2240 11
555 2202 621 2240 die
639 2203 762 2240 natali
787 2203 953 2242 maxima
970 2203 1067 2241 fecit
1083 2202 1218 2254 praelia

371 2251 472 2291 Tim.
501 2267 565 2300 xx,
586 2259 610 2294 5
639 2255 680 2293 in
699 2256 783 2296 dies
811 2270 899 2303 xxv,
916 2260 967 2296 21
997 2257 1101 2296 dieb.
1121 2269 1217 2308 pau·

374 2305 430 2343 cis
449 2306 556 2358 (sub.
574 2307 615 2345 in
631 2321 644 2357 ;
672 2308 772 2347 intra
800 2322 946 2360 paucos
975 2308 1081 2361 dies)
1111 2309 1217 2355 xxiii,

374 2359 530 2464 {g2)(v.
548 2359 679 2400 Vorst.
698 2362 749 2400 de
769 2361 855 2402 Lat.
874 2362 971 2401 falso
990 2375 1096 2414 susp.
1123 2375 1214 2414 pag.

309 2463 489 2504 ‘Differre
507 2466 548 2504 in
567 2465 676 2506 nulla
693 2480 734 2507 re
752 2481 776 2507 a
795 2468 946 2521 privato
974 2467 1066 2514 xvii,
1085 2472 1110 2509 7
1141 2469 1217 2508 dif-

373 2519 471 2558 ferre
490 2532 570 2558 rem
600 2521 641 2559 in
669 2522 879 2562 crastinum
906 2521 1110 2575 (rejicere)
1138 2522 1216 2569 xvi,

373 2575 399 2611 3
428 2571 646 2613 differendo
664 2588 806 2627 negare
832 2579 912 2623 v‚4
943 2575 1106 2628 (φράσις
1118 2590 1217 2627 γνω-

372 2625 636 2721 1ῖῖἒῆὲῶἕὲἑὸ
644 2630 1010 2734 ΡὲἓλῗιίὛῖἓὲἑε
1022 2629 1218 2724 ῗρῖἰῖἷέῗ

372 2734 476 2781 tulit,
504 2735 531 2772 i.
564 2748 602 2774 e.
637 2736 774 2776 timide
806 2737 997 2790 negavit.'
1030 2743 1071 2776 et
1100 2750 1214 2776 mox:

373 2792 385 2809 ‘
405 2788 474 2839 qui
505 2789 614 2828 tarde
644 2790 752 2838 fecit,
782 2791 848 2830 diu
883 2790 1036 2830 noluit.’
1067 2790 1113 2830 it.
1148 2791 1216 2830 lib.

372 2844 413 2881 2.
447 2854 484 2880 c.
517 2846 541 2881 5
585 2848 596 2866 ‘
618 2844 728 2883 tarde
762 2845 878 2892 velle,
928 2843 1098 2883 nolentis
1131 2844 1217 2884 est.’

370 2894 506 2933 Boecl.
562 2897 683 2935 dilato
712 2910 863 2937 rumore
899 2898 1116 2951 (emanato,
1157 2899 1218 2937 di·

373 2960 506 2998 sperso
558 2963 598 2996 x,
622 2954 672 2989 10
700 2951 788 3004 (Ita
820 2952 937 3003 plane
973 2951 1144 3003 loquitur
1176 2958 1219 2991 et

370 3001 533 3041 Sueton.
565 3002 672 3054 Aug.
706 3009 772 3044 14.
829 3005 942 3044 Idem
976 3006 1018 3043 in
1048 3005 1130 3044 Jul.
1165 3009 1216 3046 13

372 3055 512 3094 ‘fama
548 3057 726 3095 distulit.’
770 3057 907 3097 Tacito
944 3058 1122 3098 absolute
1158 3064 1218 3097 est

371 3113 383 3132 ⁶
404 3108 592 3148 differtur'
614 3109 693 3149 An.
722 3111 778 3158 iii,
797 3115 862 3159 12,
883 3116 922 3152 6.
950 3118 991 3150 et
1017 3111 1071 3159 iv,
1090 3115 1160 3158 25,
1178 3117 1217 3151 5.

372 3160 497 3200 Simili
528 3164 658 3214 phrasi
687 3164 842 3204 Terent.
870 3165 1016 3205 Heaut.
1037 3166 1134 3217 prol.
1153 3170 1218 3206 15.

377 3221 389 3236 ‘
411 3215 564 3254 differre
597 3230 766 3257 rumores
783 3219 807 3268 3'
835 3218 960 3258 Tacit.
979 3219 1031 3258 A.
1071 3219 1099 3266 i,
1117 3222 1158 3266 4,
1179 3223 1218 3259 2.

348 3308 350 3310 ,
376 3280 422 3305 ac
456 3270 614 3309 Petron.
643 3277 654 3294 ‘
674 3271 830 3311 differre
861 3273 1031 3325 aliquem
1059 3273 1218 3312 rumori-

374 3320 470 3358 bus.’
525 3323 649 3362 Sicuti
678 3325 810 3364 Livius
838 3326 967 3372 xxxiv,
984 3330 1011 3367 4
1040 3332 1217 3366 “sermo-

374 3371 518 3433 nibus?
547 3376 730 3428 Virgilius
760 3380 856 3419 AEn.
875 3385 914 3420 7.
944 3386 954 3403 ‘
977 3379 1136 3420 Diditur
1154 3380 1217 3420 hic

375 3426 503 3468 subito
519 3428 688 3481 Trojana
705 3445 773 3484 per
791 3435 945 3486 agmina
962 3433 1124 3488 rumor')

1279 1287 1488 1339 Dignitas:
1519 1288 1571 1326 ad
1599 1289 1700 1326 hanc
1731 1286 1772 1325 di

1103 247 1339 292 'INDEX

1270 371 1515 413 Difficillima
1539 377 1676 411 natura
1702 370 1809 424 (sub.
1840 371 1974 417 homo,
1997 368 2062 410 vel
2074 369 2164 423 ivit)

1325 441 1412 473 xxv,
1432 432 1455 467 5
1485 427 1624 478 (quam
1653 431 1694 465 et
1723 424 1967 477 asperitatem
1994 423 2166 471 vocavit,

1325 493 1403 533 qua
1422 480 1573 533 praediti
1591 485 1777 519 vocantur
1805 478 2047 530 Philosopho
2075 474 2167 517 δύσ-

1326 541 1451 582 κολοι,
1479 532 1681 586 δυσέριδες,
1708 533 1863 585 qualem
1891 531 2067 580 ἠθοποιεῖ-
2089 530 2166 571 Te-

1326 595 1426 629 rent.
1455 589 1497 626 in
1522 601 1592 627 suo
1611 588 1762 627 Demea
1782 601 1793 636 ;
1821 587 1860 624 in
1881 599 1959 638 quo
1978 591 2109 623 tamen
2127 589 2169 623 et

1325 642 1402 681 alia
1427 641 1695 694 concurrunt).
1729 640 1887 679 difficile
1901 639 1977 678 suit
1988 637 2168 690 judicare

1326 700 1476 742 xxv,12
1504 696 1590 736 Sic:
1613 702 1656 734 ut
1667 693 1824 734 difficile
1836 693 1887 735 sit
1891 691 2059 746 judicari
2078 705 2166 739 xxv,

1329 753 1382 790 16
1412 755 1454 788 ut
1470 748 1628 790 difficile
1646 749 1696 788 sit
1711 747 1915 787 intellectu
1941 759 2030 792 xxv,
2050 749 2102 786 15

1329 855 1429 895 brari
1464 854 1607 907 dignus
1639 800 2037 907 agaepoggffgvziii:
2063 798 2171 893 {elii

1330 922 1409 962 qua
1440 908 1559 961 digna
1590 909 1770 948 memoria
1788 914 1902 948 erunt
1918 906 2060 960 (digna
2077 919 2171 958 cog-

1331 962 1440 1016 nitu)
1468 977 1530 1010 xv,
1552 967 1573 1004 l
1603 976 1683 1002 non
1701 963 1793 1002 satis
1810 963 1974 1014 dignum
2002 973 2171 999 summo-

1331 1031 1415 1056 rum
1434 1017 1600 1056 virorum
1618 1015 1792 1069 personis
1822 1027 1944 1068 genus
1972 1013 2171 1065 scripturae

1332 1071 1606 1164 §convenienffi
1651 1082 1883 1122 congruens,
1926 1081 1975 1109 ex
2012 1067 2170 1108 ‘illorum

1364 1125 1562 1178 ignitate),
1596 1125 1712 1164 Praef.
1743 1123 1830 1177 (Sic
1855 1136 1920 1175 ap.
1937 1121 2031 1162 Val.
2060 1121 2172 1160 Max.

1333 1179 1390 1226 ix,
1415 1183 1441 1219 2
1471 1186 1481 1202 ‘
1505 1179 1685 1218 tormenti
1716 1190 1853 1230 genus⁴
1871 1176 1977 1216 haud
2009 1174 2171 1227 dignum

1335 1246 1464 1285 passe,
1484 1233 1671 1272 auctorib.
1690 1228 1992 1284 dignissimum’)

1774 1285 1961 1338 gnitatem
1993 1280 2175 1335 perduxit

1331 1343 1437 1381 hunc
1455 1341 1603 1393 agellus
1629 1340 1702 1394 (de
1731 1339 1908 1379 honorib.
1938 1335 2174 1388 summisque

1332 1396 1557 1448 potestatib.
1592 1409 1617 1434 a
1652 1393 1801 1445 populo
1836 1389 1998 1444 delatis)
2037 1388 2117 1436 xix,
2149 1393 2171 1429 1

1332 1448 1397 1488 Sic
1415 1463 1425 1487 =
1455 1449 1646 1500 dignitate
1663 1446 1770 1499 regia
1783 1458 1868 1486 esse
1886 1445 1989 1499 (non
2006 1443 2174 1484 auctori-

1335 1507 1454 1542 tatem
1489 1503 1622 1548 modo,
1653 1502 1724 1540 sed
1759 1505 1993 1553 potestatem
2028 1495 2174 1548 regiam

1333 1555 1466 1608 notat)
1495 1555 1523 1602 i,
1540 1559 1566 1595 2
1594 1555 1763 1606 dignitas
1791 1551 1978 1606 equestris
2008 1550 2083 1604 (de
2114 1563 2176 1590 or-

1333 1610 1426 1648 dine
1439 1615 1480 1648 et
1490 1609 1643 1647 nobilit.
1650 1608 1828 1660 equitum
1840 1606 1916 1660 R.)
1933 1619 2025 1652 xxv,
2035 1609 2058 1645 l
2086 1603 2178 1656 dig-

1333 1662 1448 1702 nitati
1473 1662 1614 1701 servire
1645 1661 1868 1715 (consulere
1899 1657 2175 1699 existimationi

1334 1722 1376 1756 et
1393 1716 1532 1755 honori
1549 1714 1643 1769 suo)
1670 1728 1760 1762 xxV,
1779 1719 1807 1756 6
1845 1712 2016 1766 dignitas
2033 1724 2176 1764 magna

1333 1771 1504 1823 corporis
1523 1769 1710 1822 (augusta
1728 1767 1898 1820 corporis
1914 1768 2052 1813 forma‚'
2079 1778 2175 1806 con-

1335 1824 1473 1864 sistens
1507 1824 1550 1862 iu
1583 1822 1868 1875 magnitudine,
1903 1820 2175 1875 proportione,

1332 1884 1374 1917 et
1386 1876 1675 1930 pulchritudine
1688 1874 1881 1927 Loccen.)
1900 1889 1939 1922 x,
1953 1878 1976 1916 l
2006 1873 2178 1926 dignitas

1332 1933 1498 1972 honesta
1512 1931 1706 1985 (mascula
1722 1937 1763 1970 et
1776 1930 1856 1969 viro
1870 1929 1992 1981 digna
2008 1927 2176 1980 pulchri-

1334 1987 1446 2033 tudo,
1460 1986 1491 2024 si
1504 1985 1658 2024 tolerari
1673 1985 1792 2024 debet
1804 1985 1889 2023 haec
1900 1981 2041 2034 lectio)
2068 1980 2176 2028 xviii,

1334 2045 1384 2081 11
1414 2040 1620 2093 (grandius
1647 2038 1803 2086 dicitur,
1830 2050 1948 2090 quam
1977 2040 2176 2081 venustas,

1334 2100 1403 2133 aut
1421 2093 1698 2146 pulchritudo:
1726 2091 1784 2131 ita
1810 2097 1821 2116 ‘
1842 2091 1882 2130 di
1938 2088 2176 2130 itasformae’

1333 2161 1453 2200 saepe,
1470 2147 1518 2188 τὸ
1530 2145 1628 2188 εἶδος
1638 2145 1742 2197 ἄξιον
1751 2104 1982 2206 τυραννῖἓος.
1996 2157 2041 2185 -V.
2058 2142 2178 2182 Thes.

1335 2202 1548 2242 Buchneri.
1566 2201 1696 2240 Etiam
1715 2202 1766 2240 de
1783 2199 1938 2240 feminis
1956 2202 2176 2250 usurpatur.

1334 2261 1347 2279 ‘
1366 2255 1577 2295 Zenobiam
1609 2253 1800 2307 dignitate
1824 2254 1956 2293 formae
1980 2251 2088 2291 haud
2106 2251 2176 2290 de·

1334 2322 1515 2360 generem
1547 2307 1793 2359 reputatam‚'
1821 2311 1955 2346 auctor
1987 2310 2047 2344 est
2079 2303 2174 2343 Tac.

1334 2361 1401 2407 xii,
1419 2367 1487 2407 51,
1507 2365 1547 2401 4.
1575 2361 1601 2399 i.
1630 2374 1666 2399 e.
1692 2374 1740 2400 ex
1759 2362 1882 2400 forma
1904 2371 2021 2410 supra
2041 2357 2175 2410 vulga-

1332 2427 1412 2453 rem
1446 2421 1624 2466 augusta,
1662 2426 1731 2466 pro
1768 2425 1957 2467 generosa
1989 2410 2175 2464 agnitam.

1333 2468 1484 2520 Boecl.:
1498 2467 1603 2506 adde
1634 2474 1718 2506 not.
1749 2469 1801 2506 ad
1830 2468 1870 2505 h.
1898 2464 1948 2519 l.)
1983 2465 2175 2518 dignitate

1333 2528 1467 2574 portus
1485 2522 1619 2560 urbem
1638 2521 1852 2573 aequiparat
1862 2518 1954 2583 (pro
1967 2518 2176 2571 splendore

1334 2582 1375 2614 et
1405 2574 1579 2615 visendae
1609 2575 1666 2614 rei
1691 2573 1844 2628 specie)
1870 2574 1914 2620 ιί,
1931 2575 1960 2613 6
1987 2571 2177 2625 dignitate

1333 2629 1424 2668 vitae
1469 2642 1604 2668 omnes
1649 2641 1830 2681 superare
1871 2627 1939 2679 vii,
1957 2630 2007 2667 11
2063 2625 2175 2680 (011111

1334 2683 1540 2734 splendore
1568 2682 1763 2734 jungitur,
1790 2679 2098 2733 intelligiturque
2126 2679 2177 2720 τὸ

1334 2734 1596 2788 σεμνοπρεπὲς
1611 2735 1698 2787 μετ’
1719 2732 1995 2788 stirpat-chelas
2011 2732 2077 2775 καὶ
2098 2732 2176 2785 χά-

1331 2805 1451 2842 ριτος.
1480 2789 1680 2843 Boecler.)
1716 2803 1786 2841 pro
1823 2788 2012 2841 dignitate
2046 2788 2176 2828 vivere

1333 2858 1423 2891 xxv,
1442 2848 1469 2885 2
1496 2843 1755 2898 (Intelligitur
1784 2842 1848 2882 hic
1878 2841 2049 2894 dignitas
2069 2842 2176 2881 -vitoe

1332 2898 1479 2937 exactae
1499 2899 1549 2936 ad
1567 2896 1619 2937 τὰ
1643 2895 1878 2948 καθήκοντα,
1909 2907 1998 2947 quae.
2028 2895 2173 2934 bonum

1333 2964 1387 2990 sc.
1407 2952 1531 2990 virum
1548 2951 1678 2990 decet.
1699 2949 1860 3003 Boecl.)
1894 2961 1965 3002 pro
1983 2948 2175 3001 dignitate

1333 3004 1501 3044 hominis
1545 3003 1676 3056 amplo
1721 3005 1857 3043 funere
1902 3002 2039 3042 efferre
2083 3015 2174 3042 eum

1333 3058 1473 3111 (prout
1505 3065 1673 3097 meretur
1702 3055 1806 3097 illius
1837 3055 2013 3096 conditio
2030 3068 2077 3096 ac
2094 3055 2173 3095 for·

1334 3111 1452 3174 tuna)
1481 3111 1590 3157 xviii,
1609 3115 1636 3151 4

1279 3164 1514 3217 Digredrens
1533 3164 1674 3218 (paulo
1706 3169 1798 3204 ante
1830 3163 2058 3217 discedens)
2092 3161 2173 3211 κίν,

1335 3223 1385 3259 11

1279 3271 1414 3312 Dilabi
1431 3272 1547 3325 (fuga
1563 3278 1604 3312 et
1619 3270 1870 3316 discessione,
1898 3282 1976 3321 qua
2007 3267 2172 3321 quisque

1332 3332 1476 3380 potest,
1505 3325 1667 3387 salutem
1690 3322 1843 3386 petere)
1871 3322 1924 3369 vi,
1940 3326 1968 3364 2
2009 3321 2172 3415 ffixem-

1333 3381 1399 3432 pla
1430 3386 1471 3419 et
1503 3380 1677 3431 amplior.
1701 3381 1865 3428 exposit.
1885 3388 1921 3414 v.
1940 3388 2005 3428 ap.
2076 3382 2172 3415 uret.

1333 3447 1412 3474 var.
1431 3434 1521 3474 lect.
1549 3434 1604 3482 xi,
1632 3437 1671 3475 5.
1716 3428 1917 3483 Boecler.)
1947 3428 2172 3472 dilabuntur
