2306 3900
319 247 439 306 lxiv

320 390 502 431 Facilitas
532 386 710 440 gravitati
741 385 898 440 (mista)
934 399 1022 433 xxV,
1043 389 1092 427 15
1148 386 1208 439 (v.

376 441 572 495 Comitas)

322 497 488 536 Facinus
516 493 846 547 praeclarissimum
876 493 1067 546 (factum)
1099 507 1162 540 xx,
1185 498 1208 534 l

377 550 490 602 (Sict
521 555 531 572 ⁸
554 547 865 600 pulcherrimum’
898 548 985 586 Ter.
1006 548 1082 587 Ph.
1109 562 1148 595 v,
1167 552 1208 594 6,

376 608 443 644 31.
457 609 498 643 et
515 602 607 642 Sall.
625 602 714 642 Cat.
732 605 802 643 20.
831 607 843 623 ’
864 601 1001 640 rarum‘
1019 601 1145 642 Tacit.
1157 600 1209 640 A.

379 657 436 703 iii,
458 661 526 702 21,
547 660 586 696 1.
605 669 642 694 v.
663 656 784 695 eund.
811 667 876 701 ιιν,
895 659 966 702 49,
983 654 1033 707 4)

324 710 504 750 Facultas
531 709 588 749 ita
621 704 774 748 vivendi
805 721 886 747 non
915 709 1029 747 datur
1055 707 1210 761 (copia,

377 770 567 827 potestas,
603 762 779 814 occasio)
806 775 897 808 xxv,
930 767 958 803 2
1003 763 1210 802 facultates

337 837 339 839 v
375 817 524 870 ingenii
551 818 701 878 (dotes,
727 815 924 868 δυνάμεις)
952 829 1016 862 xv,
1035 820 1058 856 1
1088 816 1212 855 facul-

379 878 479 909 tates
498 871 709 910 amicorum
727 870 867 933 (opes)
895 883 960 917 ιιν,
979 873 1003 910 3
1032 868 1122 909 Sic:
1152 871 1210 909 fa-

376 925 544 964 cultates
563 924 696 976 patriae
724 923 832 970 xxiii,
851 927 878 964 6

326 978 511 1017 Falernus
537 990 630 1029 ager
655 976 764 1023 xxiii,
781 983 805 1018 5
832 975 898 1030 (in
924 976 1214 1016 mediterraneis

380 1032 632 1084 Campaniae.
663 1044 699 1070 v.
718 1031 877 1071 Cluver.
907 1029 999 1070 Ital.
1016 1031 1140 1084 antiq.
1159 1031 1212 1078 iv,

327 1085 504 1179 Palline:
533 1152 622 1178 eum
653 1151 701 1176 ea
732 1151 772 1178 re
802 1138 934 1178 conari
966 1137 1099 1178 fallere
1126 1139 1168 1184 ii,
1187 1142 1211 1178 7

382 1194 490 1233 cives
518 1198 605 1231 tuos
621 1191 724 1232 fallis
741 1193 859 1232 verbo
877 1191 985 1244 (falsi
1003 1192 1107 1231 tituli
1126 1205 1215 1244 spe-

381 1247 465 1299 cie)
492 1260 556 1294 xv,
574 1251 597 1286 5
627 1245 767 1285 fefellit
785 1259 874 1286 eum
892 1246 977 1284 haec
990 1258 1048 1284 res
1061 1246 1218 1299 (contra

384 1301 610 1353 opinionem
646 1299 812 1351 cecidit)
837 1314 878 1346 x,
898 1305 922 1340 5
965 1308 1045 1338 non
1078 1299 1219 1339 fefellit

385 1368 475 1394 eum
505 1353 572 1406 (ut
601 1354 796 1406 praedixit,
824 1353 991 1406 accidit)
1020 1355 1086 1400 vii,
1106 1357 1132 1393 8
1160 1354 1218 1393 fe-

385 1407 487 1448 fellit
522 1420 611 1447 eum
647 1407 782 1459 opinio
806 1407 902 1454 xvii,
931 1410 955 1446 3
997 1407 1220 1447 fefellerunt

385 1475 477 1501 eum
509 1460 675 1500 multum
711 1460 822 1500 Jovis
857 1459 1052 1500 antistites
1088 1461 1220 1513 (spem

385 1515 471 1620 eju)s
485 1514 766 1568 destituerunt)
794 1513 848 1561 vi,
863 1517 886 1554 3
916 1513 999 1552 falli
1013 1514 1221 1567 (opinione

388 1582 429 1608 sc
494 1582 559 1616 xv,
576 1573 600 1608 5

333 1623 473 1662 Falso:
502 1634 658 1673 sperans
685 1620 742 1660 ibi
769 1615 954 1660 facillime
973 1633 1082 1660 suam
1100 1620 1221 1659 fortu-

347 1677 349 1679 ’
382 1689 473 1716 nam
506 1674 635 1714 occuli
668 1688 796 1726 posse.
814 1674 913 1713 falso
944 1673 1014 1721 vii,
1034 1678 1062 1714 9
1090 1674 1223 1726 (Inter

386 1730 581 1769 suaviores
608 1728 821 1780 elegantias
842 1729 978 1768 merito
997 1728 1226 1779 reponenda

388 1791 429 1824 et
445 1783 530 1822 haec
547 1782 725 1822 formula.
744 1781 881 1822 Boecl.
898 1782 1004 1822 Nam
1022 1781 1120 1822 falso
1139 1788 1226 1820 tan-

386 1838 550 1877 tundem
585 1836 650 1876 hic
685 1836 805 1883 valet,
851 1841 1043 1888 quantum
1067 1850 1070 1853 ’
1093 1836 1227 1875 valent

388 1893 501 1931 haec.
492 1906 501 1914 ·
531 1896 571 1930 at
589 1890 687 1929 falso
705 1890 761 1930 ita
778 1890 958 1942 speravit.
988 1888 1141 1942 Vorst.)

333 1945 516 1985 Falsum:
553 1957 683 1996 neque
718 1943 760 1982 id
795 1943 935 1983 falsum
972 1943 1079 1997 (scil.
1114 1943 1222 1996 quod

389 2000 540 2038 dixerat
555 1997 774 2060 Eumenes)
801 1998 909 2045 xviii,
929 2001 988 2038 11

337 2052 458 2092 Fama
490 2059 551 2092 est
575 2051 619 2099 ii,
651 2055 703 2092 10
748 2050 830 2090 exit
854 2051 949 2098 xvii,
977 2054 1004 2092 2
1046 2051 1142 2090 exiit
1174 2052 1225 2090 de

389 2107 497 2153 xxiii,
517 2111 543 2148 9
570 2105 666 2145 facti
694 2106 872 2157 pervenit
897 2106 948 2145 ad
975 2105 1056 2151 xiv,
1075 2109 1100 2146 3
1140 2118 1227 2158 per·

392 2163 512 2200 fertur
542 2159 585 2199 in
616 2159 809 2200 Graeciam
838 2159 880 2206 ii,
899 2163 926 2199 2
966 2159 1155 2210 perfertur
1185 2159 1227 2197 in

395 2214 569 2254 Siciliam
596 2227 636 2260 x,
655 2218 682 2253 2
714 2213 818 2252 fama
835 2226 977 2265 magna
994 2219 1055 2252 est
1070 2212 1230 2265 integri-

392 2268 484 2306 tatis
517 2271 602 2319 eJus
634 2266 724 2306 vitae
753 2267 832 2313 xix,
853 2271 875 2306 1
919 2268 1024 2305 fama
1054 2266 1110 2306 rei
1143 2280 1230 2318 per-

397 2320 516 2360 territi
543 2321 586 2366 ii,
605 2323 632 2360 4
659 2319 781 2372 (Haec
799 2321 850 2359 ad
868 2320 1027 2358 nuntios
1045 2325 1086 2357 et
1101 2332 1231 2358 rumo-

394 2386 454 2413 res
487 2374 713 2424 pertinent,
703 2386 711 2394 ·
759 2373 828 2411 illa
873 2373 923 2412 ad
969 2371 1231 2424 significatum

395 2427 523 2465 laudis
539 2433 581 2466 et
599 2425 730 2477 gloriae
747 2424 782 2478 ι)
809 2425 914 2465 fama
931 2426 1120 2477 majorum
1148 2440 1186 2472 x,
1207 2429 1229 2465 1

396 2481 501 2519 fama
533 2479 722 2519 felicitate
757 2479 878 2532 magis
923 2492 1040 2531 quam
1089 2478 1233 2518 virtute

397 2540 510 2584 parta
538 2533 594 2580 vi,
628 2536 651 2572 1
698 2533 813 2571 famae
845 2533 986 2572 servire
1025 2532 1068 2579 ii,
1101 2536 1123 2573 1
1173 2531 1234 2585 (v.

399 2586 583 2639 Servire).
618 2587 761 2625 famam
798 2587 857 2625 sui
890 2586 1106 2638 relinquere
1134 2587 1189 2633 vi,
1209 2591 1231 2626 1

397 2643 450 2681 de
476 2642 581 2680 fama
611 2640 796 2680 dimicare
821 2641 927 2693 (sc.‘
917 2653 957 2680 m
972 2639 1123 2694 judic.)
1151 2639 1235 2687 xiii,

344 2749 482 2788 Fames
500 2763 510 2787 ι
540 2749 641 2788 fame
661 2749 789 2800 plures
808 2761 924 2800 quam
941 2748 1040 2788 ferro
1059 2748 1237 2787 interiere

398 2802 493 2850 xxii,
513 2807 538 2843 2
584 2803 686 2842 fame
716 2801 902 2855 fatigatus
931 2802 1100 2842 triduum
1129 2801 1237 2850 xviii,

348 2909 511 2948 Familia
525 2908 689 2961 optima,
718 2910 933 2962 eademque
952 2910 1013 2949 vix
1034 2908 1238 2949 mediocris

401 2977 492 3010 xxv,
526 2968 578 3003 13
623 2963 854 3003 familiarum
899 2963 1068 3016 origines
1107 2963 1238 3003 Attico

401 3022 622 3056 memoratas
659 3017 951 3071 (Genealogica
993 3017 1103 3070 ejus)
1146 3031 1236 3064 xxv,

349 3123 561 3164 Familiaris
590 3123 681 3178 (qui
710 3137 800 3165 cum
829 3124 961 3177 aliquo
989 3123 1069 3177 est)
1097 3124 1165 3170 vii,
1187 3128 1237 3165 10

405 3177 612 3217 familiares
646 3178 784 3231 (Alex.
821 3178 883 3217 Μ.
919 3178 1055 3230 amici)
1083 3178 1192 3225 xviii,
1211 3183 1237 3218 2

405 3231 626 3271 familiarior
652 3246 741 3280 xxv,
761 3237 813 3274 16
855 3233 1051 3272 familiaris
1081 3233 1166 3273 Cic.
1195 3239 1239 3271 ut

406 3287 474 3335 qui
492 3285 656 3325 maxime
676 3287 749 3339 (de
767 3286 893 3327 amico
912 3285 1099 3339 summo),
1121 3286 1182 3325 Fr.
1200 3291 1227 3326 4

352 3334 662 3378 Familiarissime
695 3340 840 3401 aliquo
886 3341 945 3380 uti
981 3340 1054 3393 (de
1090 3353 1239 3380 summa

407 3389 601 3441 amicitia)
628 3393 721 3440 xvii,
742 3399 761 3433 l

356 3441 612 3482 Familiaritas
647 3446 764 3497 hujus
801 3447 1030 3500 (cumlroc)
1076 3461 1165 3495 xxv,
1186 3452 1237 3487 10

406 3496 703 3537 familiaritatem
738 3499 902 3552 alicujus
935 3502 1119 3555 consequi
1149 3515 1236 3547 xxv,

1157 256 1358 298 anEX

1327 386 1380 431 19
1413 382 1466 427 ad
1480 381 1782 424 familiaritatem
1791 379 1977 423 intimam
1985 380 2150 433 alicujus

1300 435 1529 489 pervenire
1557 437 1665 485 xviii,
1686 441 1707 477 1
1755 436 1851 477 Sic.
1891 435 2150 475 familiaritate

1318 490 1414 534 alic.
1438 491 1576 531 intima
1595 492 1652 531 uti
1678 504 1768 537 xxv,
1787 494 1815 531 9
1843 490 1919 530 διο.
1961 490 2151 541 conjunc-

1324 551 1409 584 tum
1426 544 1546 608 alicui
1559 559 1644 585 esse
1671 558 1760 592 xxv,
1778 548 1831 585 12
1912 576 1915 577 γ

1272 598 1425 639 Fanum
1450 598 1544 646 x-vii,
1562 603 1589 641 4
1616 597 1835 651 Neptuni
1823 611 1878 644 ιν,
1891 600 1929 637 4

1271 652 1484 705 Fastigium
1518 653 1688 715 (oppon.
1724 651 1962 713 periculum)
1989 662 2079 697 xxv,
2103 653 2155 690 10

1325 706 1482 759 fastigio
1509 707 1593 759 pari
1618 712 1720 746 stare
1746 705 1790 744 in
1819 710 1982 757 utraque
2000 705 2158 743 fortuna

1325 761 1419 813 (par
1439 759 1576 853 {Ritus
1603 773 1652 800 ac
1680 759 1773 799 vitae
1798 759 1938 799 modus
1967 757 2158 810 intellig.)

1326 825 1420 859 xxv,

1273 866 1452 919 Fatigare
1465 865 1628 905 lectores
1639 865 1928 926 (similitudine,
1938 865 2159 904 manatione

1327 926 1368 960 et
1392 919 1651 959 multitudine.
1661 918 1863 982 exempl.)
1878 918 1936 968 vi
1951 922 1987 959 2·
2005 919 2161 996 fatigari

1327 974 1430 1013 fame
1459 973 1634 1020 xv111,12
1662 973 1750 1026 (Sic
1768 972 1854 1014 Cic.
1872 976 1913 1013 3.
1932 971 2054 1012 effi·
2072 972 2159 1010 vin-

1329 1028 1433 1067 culis.
1445 1034 1488 1067 et
1504 1040 1672 1074 carcere,
1685 1033 1727 1067 et
1742 1027 1834 1078 igne
1851 1025 2041 1078 fatigare-³
2082 1025 2160 1064 Ta-

1327 1082 1394 1121 cit.
1420 1081 1475 1120 H.
1503 1094 1542 1130 v,
1573 1084 1614 1128 3,
1645 1084 1672 1121 3
1720 1080 1938 1133 ‘fatigabat
1963 1079 2099 1132 inopia
2118 1092 2161 1118 a·

1356 1135 1430 1174 uae'

1275 1148 1420 1229 Failere
1433 1135 1612 1241 {manibus
1631 1188 1820 1229 Cinnanis
1837 1186 1911 1242 (de
1926 1186 2056 1227 studio
2074 1199 2162 1240 par-

1333 1242 1454 1297 tium)
1483 1256 1572 1290 xxv,
1591 1247 1618 1284 2

1279 1297 1310 1336 F
1311 1303 1422 1337 autor
1450 1297 1683 1349 optimatum
1711 1295 1782 1341 vii,
1797 1299 1822 1335 5
1867 1300 2047 1335 naturam
2076 1294 2166 1334 fau-

1333 1351 1467 1390 tricem
1485 1351 1627 1390 habere
1654 1351 1697 1389 in
1714 1349 1930 1390 tribuendis
1946 1348 2073 1388 animi
2089 1348 2162 1387 vir-

1335 1405 1483 1444 tutibus
1514 1404 1587 1458 (de
1616 1410 1756 1443 natura
1785 1400 1976 1455 propitia)
2013 1402 2106 1449 xvii,
2138 1407 2165 1443 8

1334 1459 1832 1551 {?.¹ZY?¹¹‘S¹1¹¹.1?1'11{.¹1¹⁰12⁰533¹
1841 1456 2165 1551 ῗὲῗῖῗὲῗιὲῗῖἶ

1337 1565 1494 1604 Buchn.
1511 1563 1652 1617 Thes.)

1283 1617 1416 1657 Febris
1432 1617 1538 1671 (seu,
1557 1622 1602 1656 ut
1618 1617 1726 1664 alibi,
1743 1615 1891 1670 febres)
1916 1630 2006 1665 xxv,
2025 1621 2076 1658 21

1284 1671 1468 1711 Felicitas
1486 1671 1582 1723 quid
1601 1670 1666 1717 sit,
1684 1670 1747 1710 Fr.
1765 1675 1810 1711 5
1918 1687 1922 1690 >

1285 1723 1468 1765 Felicitas
1480 1724 1738 1764 Timoleontis
1763 1737 1827 1772 xx,
1845 1727 1874 1765 2

1286 1779 1383 1819 Fere
1399 1778 1610 1832 (scilicet),
1636 1777 1787 1818 Praef.

1286 1833 1479 1873 Feretrius
1505 1846 1594 1880 xxv,
1614 1835 1668 1874 20
1709 1832 1951 1886 (cognomen
1973 1830 2101 1880 Jovis,
2119 1834 2171 1873 de

1337 1900 1418 1940 quo
1447 1888 1550 1927 inter
1567 1886 1664 1926 alios
1681 1886 1856 1926 Freinsh.
1881 1886 1933 1926 ad
1949 1885 2054 1929 Flor.
2081 1888 2110 1935 i,
2133 1892 2172 1935 1.

1286 1994 1473 2036 Ferocia.
1452 1940 1489 1994 )
1509 1999 1621 2034 tanta
1647 1994 1724 2035 fuit
1749 1994 1910 2042 ferocia,
1941 1981 1988 2033 ut
2003 1993 2086 2034 &c.
2096 1994 2172 2049 (de

1342 2050 1517 2089 animosa
1527 2049 1722 2104 elatione)
1750 2048 1844 2096 xxii,
1860 2052 1886 2090 l
1912 2047 2039 2102 (mox,
2053 2050 2172 2101 perti-

1345 2116 1459 2143 nacra

1290 2103 1534 2198 Ferociossem
1565 2122 1737 2197 reddidit
1765 2136 1964 2196 civitatem
1981 2156 2174 2209 (propen-

1345 2213 1484 2252 siorem
1511 2212 1563 2250 ad
1595 2212 1756 2257 bellum,
1786 2210 2080 2257 bellicosiorem,
2097 2211 2175 2249 for-

1346 2265 1504 2318 tiorem)
1534 2266 1577 2312 ii,
1595 2269 1621 2306 2
1650 2265 1737 2318 (Ita
1753 2264 1986 2304 TacitusH.
2003 2265 2045 2310 ii,
2061 2268 2129 2311 24,
2148 2268 2173 2304 3

1349 2318 1636 2358 ‘ferocissimos
1667 2317 1919 2357 auxiliarum'
1951 2330 2020 2369 pro
2047 2318 2177 2356 fortis-

1347 2371 1453 2410 simis
1481 2370 1596 2417 dixit,
1623 2377 1665 2409 et
1681 2370 1815 2410 Livius
1841 2371 1899 2417 iii,
1916 2373 1970 2411 47
2011 2371 2177 2410 ‘feroci-

1348 2430 1406 2464 ter
1422 2423 1553 2464 factal
1584 2437 1621 2462 v.
1635 2423 1811 2462 Nonium
1838 2424 1879 2462 in
1879 2422 2056 2484 Ferox)
2075 2425 2177 2464 fero-

1350 2477 1526 2518 cissimus
1538 2477 1770 2529 elephantus
1798 2476 1906 2525 xviii,
1925 2481 1974 2519 11

1296 2530 1513 2572 Ferocius
1535 2531 1646 2583 loqui
1691 2530 1869 2592 (elatius,
1920 2532 2180 2583 arrogantius)

1351 2584 1459 2632 xviii,
1479 2589 1528 2626 11
1573 2585 1658 2639 (Sic
1677 2584 1763 2624 Cic.
1783 2583 1959 2655 Philipp.
1977 2589 2046 2625 2⁴
2062 2586 2179 2637 plane

1351 2639 1590 2692 respondisti
1608 2638 1814 2678 ferociter)
1859 2645 1910 2678 et
1932 2639 2063 2679 Plaut.
2081 2640 2177 2679 Am-

1351 2694 1469 2749 phitr.
1457 2694 1534 2801 δί,
1564 2698 1587 2734 1
1637 2692 1842 2733 ‘ferociter
1876 2693 2024 2746 legatos
2054 2694 2179 2735 incre·

1380 2747 1474 2790 ant0’

1298 2763 1412 2844 Feissoe
1427 2814 1533 2842 arma
1543 2802 1726 2841 adversus
1737 2801 1958 2855 (absolute.
1978 2814 2015 2840 v.
2028 2800 2180 2841 Adver-

1354 2856 1439 2911 sus)
1466 2855 1560 2903 xvii,
1592 2860 1619 2897 4
1664 2856 1762 2895 ferre
1790 2868 1896 2895 arma
1926 2868 2016 2894 cum
2047 2855 2180 2908 aliquo

1353 2918 1490 2952 contra
1507 2885 1678 2961 aliquem
1704 2923 1795 2956 xxv,
1813 2913 1839 2950 4
1866 2909 1964 2948 ferre
1980 2908 2179 2948 calamita-

1355 2972 1434 3005 tem
1467 2965 1677 3004 moderate
1691 2977 1755 3010 xx,
1772 2967 1799 3003 4
1840 2961 2040 3016 (tolerare,
2066 2964 2181 3003 susti·

1354 3017 1468 3071 nere)
1485 3018 1678 3056 fortunam
1693 3017 1892 3080 sapienter
1917 3029 1981 3062 xx,
2002 3021 2025 3056 1
2071 3017 2181 3057 labo-

1354 3086 1434 3112 rem
1462 3070 1646 3117 xviii,11
1692 3070 1854 3123 injurias
1878 3083 1944 3117 xv,
1962 3074 1987 3110 8
2033 3073 2180 3125 aliquid

1354 3139 1468 3179 aequo
1504 3125 1634 3165 animo
1669 3124 1776 3178 (sine
1809 3124 1957 3163 invidia
1974 3129 2016 3163 et
2030 3126 2182 3178 semul.)

1352 3194 1444 3227 xxv,
1479 3184 1500 3221 1
1548 3192 1629 3218 ιιοιι
1665 3179 1756 3218 tulit
1789 3181 1865 3218 hoc
1901 3191 2015 3230 raquo
2049 3180 2180 3219 animo

1354 3234 1623 3296 (impatienter
1651 3233 1755 3280 tulit,
1769 3231 1960 3285 indoluit)
1986 3246 2025 3280 x,
2042 3237 2070 3274 6
2096 3234 2181 3272 Ali-

1353 3289 1423 3328 bi.
1487 3287 1653 3340 aliquid
1670 3263 1833 3340 indigne
1872 3287 1970 3326 ferre
2013 3285 2120 3334 xviii,
2155 3291 2177 3327 1

1354 3343 1478 3395 (inter
1503 3341 1686 3381 formulas
1704 3341 1880 3381 meliores
1897 3346 1957 3379 est
1972 3339 2072 3387 baec,
2091 3353 2181 3380 cum

1353 3402 1395 3436 et
1413 3397 1585 3436 animum
1604 3394 1769 3447 alicujus
1795 3407 1836 3433 re
1863 3405 1982 3446 quap.
2009 3395 2181 3434 com'mo-

1354 3456 1437 3488 tum
1454 3456 1496 3489 et
1513 3448 1769 3502 praevertendi
1787 3447 1957 3487 studium
1975 3450 2181 3498 notamus)

1355 3504 1421 3551 vii,
1445 3507 1495 3544 10
1539 3514 1654 3543 nemo
1688 3507 1818 3555 potest
1854 3502 1957 3541 inune
1994 3503 2090 3542 serre
2106 3503 2179 3557 (de
