2306 3900
595 275 765 316 xxu.
829 274 1278 326 HAMlhcAREM‚
1319 275 1455 315 cAP.
1493 260 1549 314 2.

159 395 174 418 ‘
192 393 375 447 Flagitio
397 407 494 436 cum
513 394 674 446 majore
692 397 792 445 post
808 391 963 432 reddes
982 396 1044 432 ta-

162 457 292 499 men?
346 458 483 499 Tacit.
514 458 630 498 Anu.
662 455 734 496 lib.
765 466 838 496 ιιι.
859 458 925 496 20.
952 455 965 478 ‘
984 455 1043 495 11-

159 523 247 563 lam
266 521 533 563 obsidionem
544 519 697 571 flagitii
716 518 862 559 ratus!
893 517 1018 559 Gebh.

219 585 333 627 Cap.
354 587 395 625 2.
425 585 561 635 Hujus
586 582 815 635 pertinacia>
834 581 948 621 cessit
971 582 1047 622 Ca·

164 648 289 700 tulus]
319 648 418 689 Non
438 646 652 687 absimiles
669 643 791 684 fuere
802 644 902 683 huic
921 643 1046 683 fracti

163 711 290 752 bellis
317 716 364 752 et
382 710 576 751 cladibus
595 707 805 749 exinaniti
824 706 1047 758 Carthagi-

163 775 333 816 nienses
348 787 360 824 ;
389 773 458 826 qui
475 784 573 812 curn
588 769 881 811 intolerabiles
896 769 1049 820 Reguli

165 843 212 878 et
230 837 358 878 duras
379 836 498 889 pacis
517 835 787 876 conditiones
808 833 1048 884 audissent,

168 901 305 942 tutius
324 901 408 941 rati
438 904 553 950 sunt,
580 911 673 938 sese
700 902 902 947 armatos,
922 907 1049 948 quam

163 964 340 1005 miseros
375 963 534 1003 vivere.
564 961 731 1002 Histor.
764 959 959 1000 Miscell.
994 970 1047 1000 11.

165 1031 234 1070 29.
261 1026 391 1069 Adde
411 1027 606 1079 Lipsium
624 1039 668 1067 v.
689 1025 826 1066 Polit.
860 1036 944 1065 xx.
979 1028 1048 1065 2⁷.

168 1104 291 1145 seqq.
324 1096 373 1131 et
404 1092 610 1132 Zevecot.
643 1088 754 1129 Obs.
787 1087 841 1128 ad
875 1088 1051 1128 Florum

166 1167 218 1196 11.
252 1156 321 1195 15.
350 1155 568 1195 Caeterum
602 1154 712 1194 Msc.
739 1150 938 1192 Boecleri
968 1163 1052 1191 vox

172 1217 337 1259 Catulus
353 1215 526 1264 aberat3
548 1220 592 1255 et
607 1218 751 1267 potest
763 1213 928 1254 abesse.
950 1213 1049 1254 Bos.

224 1279 527 1331 Carthaginem]
580 1278 683 1319 Urbs
715 1278 778 1317 sic
814 1276 931 1317 dicta
972 1288 1052 1328 per

169 1343 488 1394 excellentiam,
545 1348 593 1382 ut
649 1347 751 1382 ante
797 1341 1051 1381 monuimus.

170 1409 282 1450 Nam
326 1409 465 1461 ΒΠἾΡ
509 1404 790 1444 Phoenicibus
831 1403 936 1443 Urbs
973 1408 1059 1454 est„

169 1471 464 1525 Karthagena,
495 1467 636 1509 civitas
668 1467 882 1516 hortorum,
924 1477 1053 1518 quam

170 1534 318 1576 Graeci
344 1534 548 1575 οἰνοῦσσαν
568 1534 807 1570 verterunt.
863 1526 963 1568 Alio
982 1539 1054 1567 no·

170 1596 422 1650 mineJapud
442 1598 646 1637 Plautum
673 1592 918 1644 appellatur
938 1590 1053 1630 Chae-

169 1661 376 1712 ‹iu-emen,
405 1660 524 1714 quasi
556 1659 764 1713 ΡᾸΨἹΥΓΙ
810 1659 881 1699 vel
915 1657 1050 1703 ’ἾἹΠ,

171 1723 330 1766 ἔπαυλις
364 1725 511 1775 Ἀναχ.
585 1723 715 1765 Unde
750 1722 822 1763 ab*
849 1721 1054 1762 Anakaeis

169 1786 406 1830 fortissima
441 1788 617 1828 natione
664 1791 831 1827 structa
865 1785 1054 1837 videtur,

172 1850 247 1902 qui
272 1850 552 1891 Kiriatharba
579 1862 656 1902 per
686 1848 893 1890 Calebum
922 1848 1056 1900 ejecti

174 1913 216 1953 in
238 1913 483 1955 Chananaea
503 1911 769 1953 defecerunt.
798 1912 931 1952 Hom.
986 1911 1057 1952 De

173 1988 258 2029 qua
274 1976 378 2030 fuga
400 1977 594 2029 pluribus
612 1975 805 2027 Scaliger
819 1975 874 2014 de
888 1974 1058 2016 emend.

172 2040 374 2092 Tempor.
392 2040 570 2080 Vossius
586 2051 620 2080 1.
654 2039 804 2080 Grani.
824 2049 889 2079 lx.
908 2037 1059 2078 Selde·

174 2102 322 2144 denus.
342 2103 397 2143 de
411 2103 494 2143 Dis
512 2103 644 2154 Syris.
676 2103 740 2141 Ex
757 2101 959 2141 Carthada
973 2099 1060 2141 fac-

173 2170 265 2206 tum
298 2171 367 2207 est
398 2167 630 2218 Carthago.
663 2164 788 2204 Satin.
833 2162 921 2204 Sed
952 2162 1059 2204 illud

173 2241 339 2269 merum
353 2228 639 2280 Phoenicium,
654 2227 733 2268 hoc
749 2226 963 2267 Punicum
981 2239 993 2276 ;
1013 2226 1058 2267 id

175 2297 261 2341 est,
283 2291 375 2343 jam
395 2291 675 2343 depravatum
695 2289 970 2330 Phoenicibus
987 2289 1060 2330 ali-

175 2361 380 2408 quantum
400 2355 605 2406 temporis
637 2354 681 2394 in
706 2352 856 2394 Africa
875 2365 1059 2394 commo-

173 2418 291 2458 ratis.
361 2418 456 2458 Nec
490 2417 679 2468 dubium,
711 2417 815 2469 quin
854 2415 1059 2457 Graecum

175 2480 390 2533 Καρχηδὼν
422 2480 475 2520 ab
515 2480 667 2520 eadem
697 2478 863 2531 origine
894 2478 953 2519 sit
984 2478 1058 2519 de·

177 2545 353 2586 ductum
366 2549 413 2585 et
426 2541 646 2584 inflexum.
675 2541 803 2584 Quod
818 2541 1059 2582 Siculorum

176 2606 415 2659 proprium,
445 2605 518 2658 qui
551 2608 574 2645 θ
605 2609 778 2644 mutant
807 2604 850 2644 in
869 2618 915 2654 χ.
984 2604 1058 2645 Sic

176 2682 272 2723 quae
311 2669 515 2709 carthada
552 2667 622 2707 vel
662 2666 863 2706 Cau-thado
896 2665 1062 2716 Poenis,

176 2731 261 2783 ipsi
279 2730 483 2771 dixerunt
503 2728 707 2781 Καρχηδῶ·
723 2734 769 2769 ut
789 2726 947 2780 ὄρνιθες,
963 2727 1060 2780 ὄρνι·

177 2806 262 2843 χες.
319 2791 413 2844 Ipsi
450 2789 606 2831 Africae
627 2790 757 2831 vicini
793 2790 872 2831 hoc
903 2801 1061 2831 nomen

177 2854 349 2896 caeteris
369 2853 537 2894 Graecis
563 2852 909 2893 transmiserunt.
963 2852 1061 2892 Fal·

177 2919 325 2959 luntur
344 2917 475 2969 igitur
506 2922 706 2957 auctores
725 2915 921 2969 plerique
941 2915 1062 2956 Grae-

177 2980 350 3035 ciae,qui
364 2978 594 3032 Καρχηδόνα
603 2978 818 3020 conditam
830 2978 1062 3032 scripsere,

177 3041 253 3084 ἀπὸ
291 3041 537 3094 Καρχηδόνος
571 3041 675 3083 τινὸς
711 3040 844 3094 ἄνδρος
878 3039 1061 3082 Φοίνικος.

180 3106 291 3147 Nam
311 3104 424 3145 idem
457 3117 612 3145 nomen
632 3105 860 3157 Καρχηδὼν,
893 3110 939 3145 et
958 3105 1061 3145 Car-

179 3168 329 3220 thago,
348 3164 561 3206 deflexum
577 3179 604 3207 a
616 3167 783 3208 Punico
802 3167 870 3208 vel
889 3166 1062 3208 Phoeni·

180 3231 247 3271 cio
267 3229 501 3281 Carthago.
528 3227 695 3271 Salmas.

233 3294 513 3336 Diuturnitate
549 3293 704 3334 externi
735 3294 848 3345 mali]
902 3294 1060 3346 Polyb.

183 3358 295 3399 Μετὰ
307 3357 349 3399 δὲ
365 3358 437 3398 τὰς
452 3355 646 3398 διαλύσεις
661 3355 820 3409 ταύτας,
836 3356 925 3398 ἴδιόν
938 3372 978 3397 τι
998 3356 1063 3397 καὶ

181 3421 450 3476 παραπλήσιον
478 3419 709 3476 ἀμφοτέροις
737 3418 883 3469 συνέβη
914 3422 1062 3461 παθεῖν.

184 3483 375 3537 ἐξεδέξατο
390 3485 469 3539 ’γὰρ
478 3485 648 3538 πόλεμος
663 3483 846 3540 ἐμφύλιος
858 3483 1064 3536 Ῥωμαίους

1881 257 1990 312 639

1108 391 1180 441 μὲν
1209 393 1231 433 ὁ
1259 392 1354 446 πρὸς
1384 392 1475 434 τοὺς
1501 391 1717 433 Φαλίσκους
1742 389 1991 441 καλουμένος.

1107 455 1331 497 Lambinus.
1359 457 1499 509 Hujus
1514 456 1730 509 principes
1743 459 1873 507 atque
1889 465 1991 494 auc-

1109 527 1225 562 tores
1245 521 1421 561 fuerunt
1438 521 1667 573 Speudius,
1686 529 1844 572 genere
1870 518 1994 559 Cam-

1110 596 1263 636 panus,
1299 583 1472 624 fortuna
1498 595 1661 634 servus,
1689 583 1839 622 Matho
1870 580 1996 632 Afer,

1111 654 1157 688 et
1188 647 1422 688 Autaricus
1455 647 1622 688 Gallus.
1697 646 1859 686 Caussa
1890 644 1996 685 belli

1109 715 1310 752 narratur
1329 723 1354 750 a
1373 709 1572 762 Polybio,
1585 708 1737 749 eodem
1755 708 1881 758 libro,
1897 718 1995 748 cum

1111 773 1240 814 variis
1259 773 1602 814 circumstantiis.

1168 838 1263 879 Nisi
1280 851 1368 878 cum
1385 838 1512 878 deleta
1530 836 1608 888 est]
1645 836 1775 876 Unde
1795 836 1993 887 adjungit

1111 902 1226 943 idem
1247 901 1475 953 Polybius:
1512 898 1634 941 Τέλος
1648 898 1690 940 δὲ
1711 899 1755 938 οὐ
1772 897 1891 949 μόνον
1903 897 1999 950 ὑπὲρ

1111 966 1182 1014 τῆς
1209 964 1339 1018 χώρας
1367 963 1647 1015 ἐκινδύνευσαν,
1672 962 1781 1004 ἀλλὰ
1815 962 1880 1002 καὶ
1911 960 1999 1013 περὶ

1114 1031 1222 1081 σφῶν
1234 1029 1374 1077 αὐτῶν,
1389 1028 1536 1069 καὶτοῦ
1544 1029 1617 1076 τῆς
1630 1025 1810 1079 πατρίδος
1819 1023 1996 1076 ἐδάφους.

1114 1094 1277 1134 Deleta
1312 1098 1384 1134 est
1412 1093 1629 1144 Carthago
1667 1103 1694 1139 a
1725 1090 1779 1131 P.
1797 1088 1998 1142 Scipione

1114 1156 1322 1198 Africano
1349 1157 1592 1206 AEmiliano,
1611 1152 1999 1207 septingentesimo

1115 1232 1227 1261 anno
1261 1233 1390 1273 quam
1423 1219 1598 1260 condita
1626 1217 1784 1259 fuerat.
1840 1215 2001 1266 Livius,

1118 1284 1314 1335 Orosius,
1346 1282 1592 1335 Eutropius.
1661 1281 1769 1321 Cum
1806 1277 2003 1319 stetisset

1115 1347 1236 1387 annis
1250 1357 1454 1388 ncnxvu.
1472 1345 1627 1385 abhinc
1652 1354 1783 1384 annos
1797 1351 2003 1382 cnxxvn.

1116 1410 1197 1450 Cn.
1236 1410 1436 1449 Cornelio
1474 1408 1676 1455 Lentulo,
1710 1407 1759 1446 L.
1792 1403 2003 1444 Mummio

1117 1473 1238 1513 Coss.
1258 1472 1467 1513 Velleius.
1498 1469 1710 1511 Eusebius
1727 1468 1770 1507 iu
1790 1465 2002 1507 Chronico

1116 1535 1220 1576 duas
1249 1533 1379 1575 affert
1405 1534 1643 1587 opiniones,
1673 1542 1854 1585 quarum
1884 1529 2004 1582 prior

1115 1611 1199 1639 non
1214 1600 1340 1650 longe
1352 1597 1551 1638 dissentit
1566 1609 1591 1637 a
1603 1595 1851 1637 Paterculo.
1880 1593 2006 1634 Com·

1117 1666 1247 1715 putat
1265 1662 1395 1713 enim,
1424 1660 1730 1714 Carthaginem
1759 1657 1929 1699 venisse
1952 1656 2003 1699 ,in

1117 1730 1380 1777 potestatem
1400 1725 1691 1765 Romanorum
1719 1733 1830 1762 auno
1857 1733 1883 1761 a
1902 1731 2004 1762 con-

1118 1787 1282 1829 ditione
1295 1788 1361 1829 sui
1377 1798 1621 1839 ncnxxm„
1636 1786 1722 1838 vel,
1734 1790 1783 1825 ut
1801 1784 1872 1825 alii
1891 1782 2006 1825 affir-

1117 1858 1251 1905 mant,
1296 1861 1554 1893 nccxnvrn.
1622 1850 1751 1891 Prior
1804 1859 2007 1888 numerus

1119 1927 1204 1956 uno
1225 1927 1336 1956 anno
1356 1916 1449 1968 plus
1466 1914 1616 1965 habet,
1635 1925 1762 1966 quam
1782 1910 2006 1952 Paterculi

1119 1978 1243 2018 ratio.
1299 1979 1475 2019 Marcus
1505 1975 1658 2016 Cicero
1693 1973 1748 2014 de
1766 1972 1953 2025 Republ.
1973 1983 2006 2012 1.

1120 2041 1133 2064 ‘
1157 2041 1252 2082 Nec
1303 2045 1472 2081 tantum
1518 2039 1737 2090 Carthago
1785 2036 2008 2078 habuisset

1120 2115 1250 2156 opum
1269 2107 1499 2145 sexcentos
1517 2101 1609 2142 fere
1627 2112 1776 2151 annos,
1794 2100 1886 2140 sine
1905 2111 2006 2140 con-

1122 2166 1226 2207 siliis
1263 2173 1311 2207 et
1358 2165 1614 2218 disciplina?
1683 2164 1796 2204 Vide
1846 2163 2010 2216 Scalig.

1121 2227 1573 2270 Animadversionibus
1593 2226 1843 2273 Eusebianis
1863 2226 1919 2266 ad
1935 2238 2009 2266 an·

1122 2306 1223 2334 num
1243 2304 1457 2334 mcnxvn.
1484 2297 1532 2332 et
1563 2300 1847 2331 mncccnxxr.
1878 2290 2011 2330 maxi·

1122 2369 1190 2398 me
1210 2369 1308 2398 vero
1321 2355 1554 2397 canonibus
1572 2353 1827 2406 Isagogicis.
1857 2352 2009 2393 Altera

1121 2420 1279 2462 Velleii
1314 2419 1459 2472 opinio
1502 2416 1652 2470 refert,
1701 2416 2009 2468 Carthaginem

1121 2484 1288 2524 stetisse
1311 2494 1442 2523 annos
1459 2492 1710 2523 nccxtvm.
1745 2480 1814 2521 cui
1834 2479 2008 2521 accedit

1123 2547 1386 2600 aliquantum
1416 2546 1604 2597 Solinus,
1632 2544 1705 2597 qui
1724 2544 1889 2584 Urbem
1910 2550 2010 2595 post

1122 2621 1254 2650 annos
1291 2617 1564 2649 nccxxxvn.
1611 2617 1738 2659 quarn
1789 2610 2011 2646 exstructa

1123 2670 1222 2724 fuit,
1240 2671 1427 2711 excisam
1462 2669 1608 2710 voluit.
1667 2667 1845 2708 Orosius
1875 2667 2009 2707 etiam

1124 2734 1237 2776 haud
1262 2746 1414 2788 parum
1434 2746 1460 2775 a
1475 2745 1520 2773 se
1541 2733 1646 2783 abit,
1665 2731 1834 2785 quando
1852 2731 1927 2772 lib.
1942 2742 2008 2772 xv.

1125 2803 1167 2840 6.
1217 2797 1384 2848 scribit,
1430 2795 1731 2848 Carthaginem
1789 2793 2009 2835 conditam

1125 2861 1258 2903 fuisse
1278 2862 1331 2903 ab
1351 2860 1504 2913 Elissa,
1522 2865 1624 2900 ante
1651 2858 1812 2899 Urbem
1833 2859 2011 2898 Romam

1125 2926 1231 2966 duos
1262 2931 1307 2965 et
1338 2924 1611 2977 septuaginta
1642 2934 1803 2962 annos*
1845 2926 2014 2973 postea,

1126 3001 1224 3041 cap.
1242 2992 1311 3030 23.
1344 2987 1534 3040 ejusdem
1560 2986 1659 3027 libri
1687 2985 1764 3035 ait,
1804 2995 1915 3025 anno
1953 2983 2009 3024 ab

1127 3053 1247 3094 Urbe
1268 3052 1453 3094 Condita
1472 3059 1603 3092 nem.
1636 3050 1706 3090 vel
1740 3059 1864 3089 nevi.
1892 3046 2011 3100 (nam

1126 3122 1308 3170 utroque
1320 3115 1446 3156 modo
1465 3111 1643 3167 legitur)
1662 3111 1793 3153 fuisse
1807 3111 2011 3151 deletam.

1124 3179 1286 3220 Verum
1305 3191 1356 3219 eo
1375 3177 1502 3219 modo
1517 3176 1695 3218 defendi
1714 3179 1877 3227 potest,
1896 3172 2011 3226 quod

1126 3242 1378 3294 plerumque
1397 3240 1497 3281 boni
1522 3239 1755 3290 scriptores
1772 3235 2014 3277 summatim

1127 3310 1297 3356 tempus
1325 3301 1712 3354 comprehendunt,
1737 3311 1823 3340 non
1843 3298 2012 3341 subtili-

1129 3374 1196 3408 ter
1216 3376 1346 3407 annos
1363 3369 1678 3418 computantes.
1734 3362 1887 3404 Adhoc
1921 3368 2011 3403 tam

1128 3429 1328 3470 intricata
1346 3433 1417 3468 est
1445 3428 1573 3480 huJus
1599 3427 1663 3469 rei
1694 3425 1822 3479 tides,
1852 3434 1901 3468 ut
1926 3437 2010 3467 non

1126 3493 1281 3535 mirum
1301 3491 1373 3544 sit,
1404 3488 1619 3534 Auctores
1638 3489 1746 3533 adeo
1762 3489 1806 3533 iu
1821 3489 2012 3534 diversas
