2306 3900
759 269 982 310 RERUM
1019 270 1102 308 ‘ET
1145 270 1510 317 VERBORUM.

235 401 338 436 esset
413 394 478 437 Sic
508 394 614 436 enim
644 394 723 448 leg.
751 401 812 435 est
828 410 841 446 3
892 395 1003 444 Non,
1033 403 1077 436 ut

207 453 209 455 ’
233 450 353 503 vulgo
384 481 388 484 .
410 450 509 512 stur,
534 448 738 503 apparuit)
761 447 844 512 gv,
861 453 883 490 1
912 462 1077 502 aperue—

162 589 166 593 ,
233 505 686 610 {assignata
702 507 934 610 aasz,
951 510 1077 597 tm}

234 613 353 658 (estat
369 611 434 664 se)
461 611 505 660 ii,
522 615 549 657 8
583 610 650 652 Sic
669 625 680 651 2
707 609 834 664 aperit
851 611 958 659 huic,
978 612 1074 664 quid

234 665 487 719 comperisset
513 665 567 712 iv,
584 668 612 706 4
651 664 694 705 id
725 665 761 705 si
787 665 826 706 ei
859 666 1076 719 aperuisset

237 719 306 768 vii,
324 723 352 760 9
378 718 527 773 aperire
555 718 675 759 alicui
705 732 797 759 suos
825 725 962 760 sensus
989 733 1029 766 x,
1049 724 1076 761 8

313 772 364 814 rit
389 785 433 813 se
462 786 522 812 res
552 773 639 826 ipsa
668 772 798 827 (facto
826 773 916 827 ipso
934 774 1075 814 veritas

233 828 426 868 dictorum
440 827 711 878 confirmatur)
737 827 792 876 iv,
807 831 832 869 3
861 828 987 881 aperit
1000 829 1077 868 boc

234 880 471 922 dementiam
487 880 574 933 ejus
591 880 785 936 (indicat)
813 880 891 929 xvi,
909 886 935 923 3
963 895 1077 935 aper·

236 941 320 975 tum
335 942 396 976 est
409 934 504 975 mihi
518 935 645 989 (seio)
671 936 724 983 ix,
741 939 767 977 8
795 942 972 989 apertum
985 936 1077 984 fnit,

236 1003 328 1030 eum
345 989 464 1030 fuisse
480 997 704 1042 erepturum
721 990 803 1043 regi
822 989 957 1030 Asiam
982 991 1076 1044 (ap-

237 1042 368 1096 paruit
402 1042 551 1096 reipsa)
577 1042 632 1091 ix,
652 1047 679 1085 2
723 1050 900 1096 apertum
931 1044 1078 1086 crimen

235 1098 372 1138 harum
403 1111 528 1137 rerum
560 1097 712 1137 nullum
743 1105 826 1139 erat
853 1099 957 1153 (non
985 1098 1079 1139 satis

237 1152 445 1193 constabat
471 1151 524 1191 de
557 1150 637 1191 ullo
666 1151 792 1200 crim„
810 1165 893 1192 non
925 1158 1080 1206 poterat

237 1205 356 1248 ullius
371 1205 480 1246 crim.
492 1205 696 1259 convinci)
724 1205 777 1255 iv,
793 1210 818 1247 3
847 1205 938 1247 Sicz
966 1219 1079 1260 aper-

239 1266 324 1300 tum
340 1259 382 1299 id
399 1266 460 1299 est
471 1258 590 1300 alicui
602 1260 780 1315 (constat
791 1259 829 1301 ei
840 1261 892 1300 de
903 1260 974 1314 eo)
989 1261 1042 1309 ix,
1051 1265 1078 1303 3

183 1313 383 1370 Apollinis
425 1314 648 1361 consilium,
690 1315 965 1355 Atheniensib.
1010 1329 1081 1369 per

238 1368 439 1410 oraculum
493 1367 734 1420 Delphicum
786 1369 922 1408 datum
975 1369 1021 1418 ii,
1053 1373 1080 1410 2

238 1421 420 1475 Apollini
455 1421 604 1462 donum
640 1424 711 1462 dat
744 1421 917 1463 Pausan.
961 1422 1016 1471 iv,
1053 1427 1076 1465 1

238 1475 467 1529 Apollinem
496 1476 708 1516 consulunt
737 1475 883 1516 delecti
916 1477 1080 1517 colono-

238 1543 325 1572 rum
341 1529 490 1571 Athen.
520 1529 743 1584 (oraculum
761 1529 962 1584 Apollinis
980 1531 1079 1572 Del·

240 1583 424 1640 pbicum)
450 1583 480 1631 i,
499 1588 523 1626 1

185 1640 460 1695 Apollocrates
475 1638 688 1692 Syracusas
705 1638 858 1678 obtinet
884 1652 923 1686 x,
942 1644 967 1681 5

184 1692 534 1750 Apophthegmata
566 1691 854 1753 Epaminondas
893 1706 959 1741 xv,
979 1697 1020 1734 5.
1038 1695 1079 1734 3.

241 1753 282 1792 4.
299 1753 342 1790 6.
358 1751 399 1788 9.
415 1749 468 1787 10
496 1744 711 1787 Phocionis
737 1745 816 1794 xix,
834 1750 862 1788 4

185 1803 390 1858 Apparare
406 1799 554 1840 bellum
570 1813 712 1852 magna
727 1799 918 1842 industria
942 1799 1079 1855 (moli-

240 1854 858 1962 2·:0.,„mse;⁶>1:z³;²p{s;3
888 1854 1082 1950 2223&ss

240 1979 327 2007 esse
359 1969 597 2016 occupatum
623 1963 732 2011 xxiii,
749 1967 776 2005 ’1
817 1962 944 2017 (adde
974 1976 1083 2004 corn·

244 2017 403 2074 parare)
431 2017 522 2057 Sic:
551 2023 763 2070 apparatur
791 2017 940 2058 bellum
967 2016 1037 2064 vii,
1056 2020 1081 2058 3

244 2072 458 2128 apparabat
472 2072 542 2111 has
560 2084 620 2111 res
639 2070 913 2124 (moliebatur)
930 2070 1039 2118 xviii,
1058 2075 1084 2112 2

243 2132 454 2181 apparatus
485 2124 696 2179 (conjung.
732 2137 824 2166 cum
858 2124 1086 2165 munitioni·

240 2183 338 2231 bus3
366 2181 452 2220 deo
524 2178 610 2219 ’bus
627 2178 958 2233 πολιορκτηιιὲυῖς)
977 2177 1086 2228 xviii,

245 2241 272 2278 5
299 2233 429 2288 regias
469 2234 521 2274 de
538 2232 671 2286 cultu)
697 2233 752 2282 iv,
771 2237 796 2275 3
871 2283 881 2286 μ

190 2290 394 2344 Apparere
407 2287 525 2328 alicui
553 2284 804 2341 (ministi-are,
819 2288 870 2327 de
884 2286 1084 2327 honorati-

243 2357 312 2384 ore
330 2340 565 2394 ministerio)
593 2340 702 2388 xviii,
721 2345 772 2382 18
815 2341 914 2394 (cap
926 2346 969 2382 5.
983 2340 1085 2381 dixit

243 2403 258 2422 ‘
267 2398 319 2438 ad
333 2409 490 2436 manum
503 2394 617 2436 esse?
636 2394 748 2449 Virg.
762 2395 859 2436 AEn.
873 2395 940 2436 xii.
959 2400 972 2419 ‘
981 2395 1023 2436 iu
1036 2395 1084 2435 li·

245 2452 350 2492 mine
368 2450 468 2512 regis
486 2449 700 2503 apparent.³
714 2450 783 2490 ubi
795 2450 973 2490 Servius:
997 2449 1084 2502 Ap-

243 2511 398 2560 parent‚
416 2505 457 2544 id
476 2510 550 2551 est,
569 2509 710 2556 praesto
727 2510 819 2543 sunt
835 2504 888 2543 ad
905 2503 1086 2556 obsequi·

247 2573 327 2599 um.
336 2556 530 2609 Loccen.)
553 2569 738 2609 apparere
747 2570 805 2600 res
816 2570 896 2597 non
905 2564 1083 2609 possunt,

246 2613 324 2653 nisi
349 2611 473 2667 (clare
490 2610 698 2663 cognosci)
726 2611 806 2658 xiv,
825 2614 848 2651 l
871 2611 980 2662 ‘Sicz
1008 2612 1084 2651 hoc

248 2668 377 2707 minus
394 2665 525 2706 lucide
544 2671 709 2717 apparet
726 2665 764 2704 ei
791 2664 870 2718 xvi,
887 2668 910 2705 1
958 2678 1082 2718 appa-

247 2728 336 2762 rent
352 2719 488 2760 armati
514 2717 853 2780 (conspiciuntur)
882 2718 991 2766 xxiii,
1031 2722 1082 2760 12

248 2780 414 2828 apparet
430 2774 506 2814 boc
518 2785 602 2825 Jam
622 2773 801 2813 omnibus
819 2772 896 2827 (ita
910 2786 996 2814 esse
1021 2773 1083 2812 in-

250 2827 459 2883 telligitur)
497 2827 605 2875 xviii,
638 2831 691 2868 10
736 2827 919 2880 apparuit
954 2827 1082 2879 qualis

247 2890 353 2924 esset
378 2882 459 2930 xiv,
478 2885 501 2922 1
530 2880 595 2932 (in
612 2881 705 2921 edd.
719 2882 841 2935 vulg-3
858 2880 983 2922 sedin
1002 2895 1084 2922 me-

250 2937 337 2978 lior.
355 2937 424 2977 lib.
440 2942 501 2976 est
519 2935 695 2988 aperuit)

197 2992 464 3045 Appellamnt
502 2989 652 3029 Athen.
685 2989 791 3030 illam
838 2990 963 3043 legem
1009 2989 1084 3043 (de

250 3043 465 3098 ἀμνηστίᾳ)
495 3043 703 3084 oblivionis
731 3043 896 3097 (Graeca
912 3057 1012 3084 voce
1040 3044 1084 3084 ἀ-

454 3104 658 3145 vocarunt,
677 3111 766 3151 quae
782 3098 932 3138 Latinae
947 3098 1085 3138 oblivi-

251 3153 339 3194 onis
356 3150 589 3204 respondet)
614 3152 697 3200 viii,
715 3156 742 3193 3
768 3152 855 3206 (Sic
871 3152 1085 3204 Augustin-

253 3211 292 3249 1.
304 3208 357 3246 de
375 3210 528 3259 peccat·
546 3204 670 3244 merit.
687 3218 726 3245 c.
744 3209 812 3247 24.
830 3205 911 3246 ait:
933 3205 1085 3247 ‘Chris-

253 3262 381 3301 tianos
401 3258 574 3299 Punicos
603 3258 798 3311 baptisma
819 3259 1000 3306 salutem,
1022 3272 1084 3298 sa-

253 3319 495 3357 cramentum
550 3313 722 3364 corporis
769 3312 914 3353 Christi
964 3313 1085 3351 vitam

253 3382 409 3416 vocare,
426 3366 625 3406 vocabulis
645 3366 730 3405 scil.
750 3364 927 3413 Punicis,
945 3366 1086 3418 quibus

257 3422 398 3463 Latina
434 3422 509 3461 ista
544 3419 829 3473 significatione
873 3420 1085 3471 responde·

255 3476 377 3516 rent!
420 3475 552 3516 Vorst.
596 3474 685 3514 vide
715 3473 844 3526 ejusd.
874 3473 1086 3513 miscellan.

252 3523 447 3571 -Aca'detm
466 3543 502 3569 c.
529 3528 617 3583 12).
649 3528 867 3582 appellasse
884 3541 1018 3568 omnes
1041 3527 1084 3566 li-

1920 256 2027 311 xiii

1192 395 1281 436 bros
1308 395 1554 436 historiarum
1571 394 1756 448 Origines
1770 393 1928 435 'videtur
1945 395 2023 436 Ca.-

1193 452 1236 489 to
1268 450 1547 504 (inscripsisse,
1565 449 1723 491 titulum
1741 448 1949 502 Originum
1967 450 2026 490 eis

1192 503 1445 565 imposuisse)
1472 504 1576 551 xxiv,
1595 507 1621 545 3
1659 503 1852 556 appellari
1876 516 2025 556 cogno·

1191 558 1298 597 mine
1332 558 1438 598 Just:
1466 557 1638 611 (vocari)
1665 557 1723 604 iii,
1755 561 1776 598 1
1835 556 2027 610 appellari

1191 623 1322 664 regem
1340 610 1462 666 (regis
1481 612 1596 652 titulo
1614 611 1816 664 honorari)
1841 611 1953 659 xviii,
1973 617 2025 653 13

1191 664 1382 718 appellari
1399 665 1634 718 cognomine
1661 663 1719 712 iii,
1740 668 1763 706 1
1803 665 2026 718 appellatus

1191 725 1266 767 est,
1295 723 1342 758 nt
1372 719 1492 758 vellet
1522 719 1818 774 (compellatus,
1847 719 2028 774 rogatus)

1192 785 1284 820 xxv,
1298 777 1324 814 8
1343 773 1430 826 (Sic
1444 773 1577 813 Plaut-
1589 779 1630 813 et
1640 772 1798 813 Terent.
1811 779 1855 811 ut
1866 774 2027 814 Phorm.

1191 840 1258 875 xv,
1277 830 1318 874 Β,
1336 831 1391 868 22
1419 826 1646 880 ‘Demipho
1664 834 1703 867 te
1721 826 1917 881 appello’)

1138 879 1354 934 Appellere
1381 881 1544 921 classem
1577 882 1629 921 ad
1666 880 1851 922 Ciliciam
1889 881 1972 928 viii,
1998 885 2025 922 4

1192 935 1360 988 appulsa
1387 936 1439 975 ad
1463 935 1651 975 Euboeam
1668 935 1803 976 felasse
1828 934 1899 984 i,4
1942 935 2030 988 (Ita

1194 995 1236 1028 et
1261 989 1400 1030 Cicero
1426 1002 1473 1029 ac
1503 989 1638 1029 Livius
1658 989 1897 1042 loquuntur:
1924 991 2028 1030 male

1194 1043 2029 1151 33³5⁰ffl⁰³x¹5335232⁸15252mss3ffi¹¹⁰¹3

1264 1124 1275 1136 .
1346 1126 1356 1138 .
1496 1124 1508 1136 .
1714 1124 1728 1138 .
1919 1112 1984 1138 sus
2016 1125 2028 1137 .

1196 1163 1233 1191 c.
1249 1154 1302 1192 16

1139 1150 1343 1258 Appeteie
1375 1202 1542 1257 majores
1577 1216 1643 1244 res‘
1673 1202 1748 1258 (de
1774 1204 1921 1244 incivili
1946 1206 2028 1246 ela-

1196 1257 1326 1313 tione)
1353 1259 1410 1308 iv,-
1426 1263 1452 1300 2
1498 1259 1636 1312 appeti
1664 1258 1767 1299 ultro
1798 1259 1953 1314 (haberi
1985 1260 2027 1299 in

1196 1314 1337 1366 pretio,
1355 1312 1513 1367 amari),
1541 1313 1606 1353 Fr.
1623 1317 1648 1354 ⁵

1141 1365 1279 1419 Appia
1292 1367 1357 1406 via
1383 1381 1474 1415 xxv,
1493 1370 1548 1408 22

1140 1420 1356 1473 Applicare
1373 1434 1415 1460 se
1434 1422 1486 1460 ad
1503 1420 1732 1461 societatem
1750 1419 1922 1473 alicujus
1939 1421 2029 1475 (ac-

1193 1473 1356 1526 cedere)
1383 1473 1442 1522 iii,
1460 1478 1488 1515 2
1521 1498 1528 1503 -

1139 1526 1410 1581 Apponuntur
1427 1527 1590 1582 (alicui)
1609 1527 1794 1569 custodes
1821 1541 1860 1577 x,
1873 1531 1901 1570 4

1139 1580 1387 1676 Appprtare:
1429 1595 1519 1636 quae
1548 1582 1775 1637 apportavit
1796 1582 1951 1638 (secum
1969 1589 2028 1623 at-

1195 1637 1285 1676 tuit
1332 1637 1386 1676 vii
1420 1641 1448 1678 9
1895 1649 1904 1658 ·

1139 1636 1331 1744 Apprinie
1360 1666 1488 1731 bonus
1519 1689 1676 1745 (valde)
1702 1705 1794 1738 xxv,
1813 1694 1864 1732 13
1907 1690 2029 1744 (quo-

1193 1745 1312 1784 modo
1341 1745 1434 1784 alii:
1479 1745 1656 1798 apprime
1688 1746 1846 1793 doctus,
1871 1746 2029 1794 nobilis,

1192 1798 1436 1852 obsequens)
1648 1831 1655 1835 .

1140 1851 1448 1906 Appropinquat
1463 1852 1655 1893 adventus
1675 1852 1794 1907 hujus
1822 1853 1876 1901 xi,
1894 1857 1922 1894 2

1141 1906 1273 1960 Aptus
1291 1909 1343 1948 ad
1362 1921 1498 1947 omnes
1522 1920 1583 1948 res
1610 1907 1679 1954 vii,
1697 1911 1720 1948 1

1144 1960 1269 2014 Apud
1310 1962 1558 2015 Massagetas
1590 1962 1736 2001 cecidit
1771 1960 1836 2014 (in
1870 1961 2030 2014 regione

1198 2014 1535 2069 Massagetarum)
1561 2015 1641 2062 xxi,
1655 2018 1678 2056 1
1698 2015 1806 2068 apud
1815 2015 2030 2055 Cadmeam

1199 2069 1347 2122 (juxta,
1366 2069 1508 2123 prope)
1525 2083 1591 2117 xv,
1605 2073 1658 2110 10
1675 2068 1740 2109 Sic
1756 2083 1766 2108 ι
1786 2070 1894 2122 apud
1904 2070 2031 2122 AEgos

1200 2123 1366 2164 Flumen
1395 2123 1487 2172 vi,l
1515 2122 1770 2163 Artemisium
1796 2123 1841 2171 ii,
1859 2126 1886 2164 3
1922 2125 2031 2176 apud

1198 2178 1394 2232 Mycalen
1438 2191 1478 2226 v,
1499 2181 1526 2219 2
1571 2177 1669 2232 (nisi
1705 2177 1900 2230 glossema
1935 2177 2031 2232 est).

1197 2231 1600 2326 mm
1633 2231 2032 2338 {aarum

1596 2315 1610 2334 ,
1663 2312 1675 2324 Ο
1739 2311 1751 2324 0
1851 2311 1863 2325 Ο

1199 2340 1415 2381 Venusiam
1443 2339 1553 2388 xxiii,
1571 2344 1596 2380 5
1624 2339 1781 2379 Zamam
1808 2339 1917 2386 xxiii,
1935 2344 1963 2380 6
1989 2353 2032 2380 a·

1198 2395 1282 2448 pud
1294 2393 1504 2435 maximum
1519 2393 1783 2447 magistratum
1800 2394 1932 2434 dicere
1942 2394 2032 2447 (co-

1198 2461 1280 2488 ram
1299 2448 1546 2502 magistratu)
1574 2449 1628 2495 vi,
1650 2451 1677 2489 4
1724 2449 1830 2500 apud
1860 2449 2031 2501 aliquem

1199 2503 1364 2542 multum
1382 2503 1509 2542 valere
1537 2502 1591 2548 ix,
1604 2506 1631 2542 2
1674 2502 1791 2553 legati
1811 2502 1940 2541 locum
1959 2503 2031 2541 ob·

1200 2556 1322 2595 tinere
1358 2556 1421 2608 (in
1453 2556 1641 2596 comitatu
1678 2554 1868 2606 alicujus)
1894 2569 1984 2603 xxv,
2003 2560 2030 2595 6

1197 2622 1288 2649 cum
1309 2610 1415 2662 apud
1435 2622 1525 2649 eum
1556 2614 1660 2648 esset
1685 2621 1877 2647 summum
1905 2609 2031 2661 impe-

1198 2663 1296 2702 rium
1316 2663 1453 2716 populi
1477 2664 1622 2717 (penes
1639 2675 1743 2710 eum,
1772 2675 1863 2701 cum
1891 2670 2033 2715 praetor

1197 2716 1320 2771 esset)
1347 2718 1427 2764 xix,
1445 2721 1471 2758 2

1142 2771 1294 2825 Apulia
1312 2771 1463 2826 (Italiae
1480 2768 1610 2823 regio)
1640 2768 1750 2817 xxiii,
1769 2773 1796 2811 4

1143 2825 1294 2889 Aquilo
1308 2834 1447 2866 ventus
1474 2825 1504 2873 i,
1523 2828 1546 2865 1
1568 2823 1703 2877 (mox)
1723 2830 1863 2863 ventus
1883 2823 2032 2865 Boreas

1199 2893 1230 2928 ι,
1243 2884 1270 2922 2
1299 2879 1359 2934 (ν.
1375 2878 1550 2932 Ventus)
1569 2891 1594 2917 a
1607 2878 1938 2931 septentrionibus
1957 2880 2034 2919 ori·

1201 2941 1264 2974 tur
1289 2934 1319 2982 i,
1340 2938 1362 2975 l

1144 2987 1336 3029 Arabicus
1355 2987 1462 3028 sinus
1477 2986 1672 3041 (recessus
1701 2985 1816 3027 maris
1834 2986 2031 3040 Erythraei

1200 3043 1250 3083 ad
1271 3041 1402 3082 littora
1418 3040 1613 3093 Arabiae),
1641 3039 1704 3079 Fr.
1721 3044 1746 3081 7

1145 3095 1265 3137 Aram
1302 3102 1440 3137 tenens
1482 3094 1592 3147 jurat
1627 3094 1679 3133 ad
1715 3107 1803 3134 eam
1838 3094 2032 3132 deductus

1200 3150 1402 3191 Hannibal
1433 3149 1561 3203 (more
1591 3161 1646 3188 sc.
1665 3147 1846 3199 recepto)
1875 3145 1983 3194 xxiii,
2004 3152 2031 3188 2

1198 3205 1241 3244 in
1272 3216 1378 3244 aram
1408 3202 1588 3255 confugit
1615 3200 1788 3252 Argilius
1815 3201 1870 3247 iv,
1898 3203 1926 3241 4
1970 3200 2034 3254 (v.

1202 3257 1396 3309 Confug.)
1423 3257 1464 3296 in
1500 3269 1566 3294 ara
1595 3254 1789 3302 considet,
1807 3254 1904 3294 ibid.
1938 3256 2032 3308 (pro

1198 3324 1281 3364 quo
1315 3323 1421 3357 mox,
1449 3309 1595 3362 sedet).
1636 3320 1712 3347 arae
1741 3321 1844 3349 lucr
1873 3308 2033 3361 publice

1199 3365 1314 3405 factae
1342 3362 1424 3410 xiii,
1443 3367 1469 3404 2
1515 3375 1598 3402 aras
1616 3371 1819 3402 conservat
1837 3376 1972 3403 omnes
1990 3376 2031 3402 a·

1202 3419 1282 3471 pud
1313 3418 1494 3456 barbaros
1512 3416 1718 3469 Agesilaus
1746 3416 1838 3464 xvii,
1856 3420 1882 3458 4

1147 3471 1333 3513 Arbitrui
1352 3470 1500 3524 aliquid
1517 3484 1598 3510 non
1630 3468 1714 3509 sine
1733 3484 1851 3512 causa
1867 3469 1942 3524 (sic
1961 3484 2025 3509 ex·

1202 3525 1385 3574 istimare,
1401 3524 1574 3579 opinari)
1603 3523 1670 3572 vii,
1688 3530 1715 3565 6
