2306 3900
923 246 1327 287 FRAGMENTA.

204 362 290 404 Sed
310 364 428 404 locus
456 363 568 404 haud
595 363 724 405 dubie
744 369 973 416 corruptus
1003 370 1084 418 est,

204 438 301 467 uam
335 427 410 467 illa
442 427 616 478 Propius
643 427 910 467 Grammatico
927 430 1083 480 accessi,

202 501 408 543 nusquam
425 489 552 530 hodie
583 491 624 529 in
660 491 854 543 epistolis
882 492 936 532 ad
965 493 1083 538 Atti-

203 564 316 604 cum,
349 553 464 606 quod
503 553 653 603 sciam,
691 562 915 607 apparent.
988 557 1083 597 Ista

202 627 305 656 vero
330 616 399 656 lib.
418 627 450 656 1.
487 616 613 667 epist.
637 620 700 657 14.
728 618 851 669 cujus
881 618 1078 658 initium:

208 678 368 729 Vereor,
381 691 429 718 ne
438 680 615 731 putidum
632 681 686 720 sit
696 693 713 728 ;
729 681 907 731 legimus
922 695 932 720 ε
949 682 1079 721 Prox-

200 741 302 781 imus
320 742 506 793 Pompeio
531 743 719 783 sedebam.
751 743 930 784 intellexi
956 744 1078 784 homi-

199 815 290 844 nem
310 805 481 845 moveri.-
498 817 741 858 quanquam
762 806 820 846 ibi
837 806 1080 859 Lambinus,

197 868 340 908 Simeo
361 869 513 909 Bosius
532 875 578 909 et
593 869 690 910 Jan.
705 869 917 910 Gruterus
934 882 1077 910 emen-

197 933 306 973 dent
319 934 504 985 proxime
534 935 792 986 Pompeium:
819 934 896 975 sed
926 947 1078 988 perpe-

196 1008 303 1047 ram,
322 1001 370 1036 ut
401 1009 425 1037 e
462 998 675 1038 Diomede
712 999 946 1051 colligitur.
1003 1000 1076 1042 Sic

194 1060 325 1111 igitur
379 1063 490 1101 hunc
535 1063 675 1102 locum
723 1063 1073 1116 distinguendum

193 1133 347 1163 censeo
364 1136 375 1162 ς
404 1123 482 1163 Sed
498 1128 538 1163 et
556 1126 686 1164 datii-o
703 1138 794 1164 casu
812 1125 914 1166 idem
935 1127 1073 1167 Cicero

191 1185 300 1224 dixis
316 1187 367 1226 ad
383 1186 580 1238 Atticum,
612 1188 908 1241 (subintellige
927 1189 1074 1230 Proxi-

191 1258 279 1287 mus
339 1249 521 1301 Pompeio
578 1249 790 1303 sedebam.)
871 1252 1070 1292 Pnomvs

192 1311 519 1358 GRAMMA'rxco
547 1324 734 1365 accesst,
781 1315 912 1366 Nepos
940 1315 983 1354 in
1012 1316 1071 1355 Il·

188 1377 279 1417 lut.
299 1377 461 1418 Sallust.
515 1378 857 1429 PnoxiMA,&c.
915 1378 1068 1431 Itaque

187 1446 235 1481 et
268 1441 473 1482 Schottus
524 1441 696 1482 videtur
740 1442 1068 1493 interpunxisse.

187 1505 345 1545 Rosius.

238 1568 293 1608 Δ.
322 1568 506 1620 Albinus]
536 1569 668 1609 Forte
706 1580 760 1608 ex
797 1568 860 1608 M.
890 1568 1065 1609 Catonis

184 1630 290 1682 vita,
310 1643 405 1684 quae
427 1636 473 1671 et
487 1633 683 1671 Virorum
699 1631 935 1671 Illustrium
956 1635 1067 1683 erat,

184 1694 519 1747 depromptum:
549 1707 665 1744 nam,
685 1694 799 1746 quod
831 1695 961 1746 vulgo
982 1694 1064 1734 cir-

184 1757 437 1807 cumfertur,
470 1770 570 1809 pars
602 1758 813 1797 duntaxat
833 1769 923 1797 esse
942 1756 1061 1797 vide-

185 1827 269 1861 tur.
299 1820 453 1860 Refert
473 1826 519 1860 et
538 1820 798 1860 Plutarchus
817 1820 859 1859 in
880 1821 1061 1871 Catone,

183 1890 228 1923 et
265 1883 677 1936 Apophthegmatis3
712 1883 862 1923 Cicero
900 1883 943 1923 in
977 1884 1060 1924 Lu·

183 1947 313 1997 cullo,
327 1953 373 1986 et
390 1958 423 1986 1.
436 1946 492 1986 de
513 1945 702 1986 Finibus.
733 1946 882 1987 Senon.

230 2008 458 2060 Principio]
476 2009 722 2049 Macrobius
739 2010 879 2061 primo.
897 2010 954 2049 Et
972 2014 1060 2050 sta·

180 2071 285 2111 tim:
314 2071 459 2123 siquid
485 2071 529 2110 in
555 2071 636 2110 illis
661 2072 785 2111 libris.
840 2071 927 2112 Sed
964 2073 1058 2112 Ma·

178 2135 348 2177 crobins
367 2147 458 2175 non·
471 2134 616 2184 verba,
633 2135 707 2174 sed
726 2146 894 2175 sensum
911 2134 1059 2190 verbo·

179 2211 272 2239 rum
292 2198 439 2239 Albini
467 2199 630 2238 retulit.
685 2198 813 2237 Unde
844 2209 946 2238 mox
978 2210 1056 2250 pro

173 2262 274 2311 illis,
293 2261 437 2301 Groeca
453 2261 580 2300 oratio
597 2261 706 2300 nobis
727 2261 964 2301 alienissima
981 2266 1056 2312 est,

173 2325 335 2378 posuit,
352 2329 392 2365 et
408 2325 596 2377 eloquium
609 2326 792 2365 Graecum
810 2338 835 2365 a
852 2325 962 2365 nobis
982 2326 1056 2367 ali·

172 2386 394 2427 citissimum
406 2392 482 2437 est,
513 2385 642 2439 forte,
661 2393 710 2428 ut
728 2388 879 2428 melius
898 2386 1056 2429 Graeca

175 2450 451 2502 exprimeret.
484 2451 641 2490 Rosius.

228 2513 328 2553 Sum
360 2514 472 2552 homo
512 2514 727 2565 Romanus]
787 2514 948 2554 Nescio
976 2526 1053 2555 cnr

171 2576 373 2616 Schottus
393 2577 587 2616 omiserit
601 2589 751 2617 vocem
768 2577 912 2628 inquit,
923 2590 1051 2630 quam

169 2640 213 2679 iu
233 2638 376 2679 Gellio
410 2645 457 2679 et
489 2640 720 2680 Macrobio
749 2641 847 2692 lego
861 2641 942 2680 hoc
962 2653 1050 2682 mo·

172 2700 242 2748 do,
276 2713 377 2753 sum,
409 2701 555 2754 inquit,
597 2702 708 2742 homo
750 2703 964 2745 Romanus.
1010 2704 1051 2745 1-

170 2765 280 2805 dem.

227 2830 327 2868 Cum
352 2829 539 2881 compulsi
570 2831 832 2886 peccavimus]
875 2833 1047 2873 Macro·

167 2893 287 2934 bins:
317 2894 441 2933 ‘cum
474 2905 628 2934 noxam
659 2895 839 2946 imperio
857 2895 1045 2946 compel-

167 2955 296 2997 lentis
314 2956 577 3008 admisimus,
588 2958 663 3009 Te,
678 2957 832 3010 iuquit,
843 2969 937 3009 oro,
951 2958 1044 3010 quis

166 3019 373 3070 perpulit,
409 3022 493 3060 ὅτε.
534 3025 723 3072 peteres,
759 3020 822 3060 uti
854 3020 1046 3073 ignosce·

166 3080 318 3121 retur.'
373 3081 532 3121 Cetera
551 3094 647 3134 quae
668 3082 836 3123 Gellius
855 3083 1046 3135 subjicit,

165 3142 316 3183 eodem
352 3142 578 3184 Macrobio
614 3145 791 3186 absunt:
823 3146 924 3198 quia
958 3157 1044 3187 nou

163 3213 491 3259 commemorat,
531 3209 645 3249 uude
697 3210 790 3250 haec
837 3210 1042 3251 hauserit.

163 3270 366 3311 Schottus
385 3277 429 3312 et
448 3272 609 3312 Savaro
627 3283 651 3311 e
666 3271 776 3312 libro
792 3273 862 3312 De
879 3272 1043 3313 Catone

164 3332 388 3386 desumpta
407 3340 577 3386 putant,
602 3335 722 3387 cujus
741 3346 869 3388 supra
894 3335 1043 3387 Nepos

170 3396 372 3439 meminit.
400 3398 558 3439 Rosius.

1923 234 2031 301 70⁷.

1227 386 1298 426 De
1325 385 1445 426 Vrrs
1474 385 1736 426 Cicenoms.
1793 385 1892 426 Lm.
1922 397 1952 425 1.

1197 503 1260 532 1v.
1291 493 1455 533 Errasse
1486 492 1663 544 videtur]
1716 491 1830 533 Vide
1868 492 2021 533 Frauc.

1143 554 1311 595 Fabric.
1340 556 1558 596 historiam
1588 555 1813 596 Ciceronis
1858 555 1913 596 ad
1948 566 2024 596 an·

1142 629 1243 658 num
1264 628 1396 659 xxv1.
1415 624 1461 658 et
1476 629 1626 659 xxvn.

1195 682 1292 722 Tres
1309 685 1348 721 et
1365 681 1512 731 viginti
1531 693 1650 720 annos
1667 680 1820 731 natum]
1865 680 2020 721 AEtatis

1141 744 1371 796 septimum
1399 749 1446 785 et
1477 744 1727 784 vicesimum
1762 743 1923 795 agebat
1950 744 2020 784 Ci-

1139 819 1241 848 cero
1261 820 1360 848 cum
1391 807 1593 848 Roscium
1614 806 1824 858 defendit,
1858 812 1908 846 ut
1939 806 2021 848 As-

1139 870 1287 910 conius
1307 869 1539 921 Pedianus,
1559 870 1742 922 diligens
1768 870 1859 922 ejus
1888 870 2018 910 inter-

1137 945 1235 986 pres
1255 934 1367 986 apud
1388 933 1621 986 Agellium,
1649 940 1695 975 et
1725 934 1879 975 Fabius
1907 935 2020 976 libro

1138 1006 1220 1037 ΧΠ.
1257 1000 1299 1036 6.
1350 1002 1503 1037 auctor
1540 1002 1619 1037 est.
1663 997 1821 1037 Schott.
1877 998 2018 1039 Natus

1137 1061 1291 1101 Cicero
1325 1073 1436 1100 anuo
1466 1056 1522 1102 U.
1543 1061 1592 1102 C.
1629 1065 1725 1104 648.
1795 1063 1844 1104 C.
1879 1062 2017 1104 Atilio

1092 1129 1095 1131 ’
1134 1122 1337 1172 Serrano,
1369 1123 1424 1165 Q.
1456 1123 1637 1163 Servilio
1668 1124 1872 1176 Caepione
1893 1124 2015 1166 Coss.

1135 1183 1401 1226 Adolescens
1420 1192 1567 1227 contra
1585 1186 1632 1226 L.
1647 1187 1778 1227 Sullae
1794 1187 2015 1228 dominan-

1134 1249 1188 1288 tis
1206 1261 1310 1300 opes
1323 1260 1402 1300 pro
1415 1249 1516 1289 Sex.
1548 1247 1753 1290 Amerino
1772 1250 1898 1302 dixit,
1915 1263 2012 1304 quae

1132 1317 1279 1352 exstat
1317 1311 1467 1351 Oratio
1507 1310 1596 1352 Off.
1628 1323 1680 1353 11.
1735 1314 1795 1352 Et
1830 1314 2014 1364 primam

1131 1386 1322 1414 caussam
1345 1375 1387 1414 in
1407 1375 1544 1415 Bruto
1565 1376 1668 1427 egit,
1696 1377 1912 1428 publicam
1932 1377 2011 1417 sci·

1130 1440 1236 1480 licet
1281 1439 1400 1493 (nam
1438 1452 1517 1492 pro
1557 1441 1762 1482 Quinctio
1801 1442 2013 1492 privatam

1130 1502 1244 1555 apud
1263 1502 1480 1556 Aquilium
1499 1504 1668 1544 Gallum
1679 1504 1872 1555 judicem
1900 1505 2012 1557 egit)

1130 1566 1274 1605 aetatis
1311 1577 1460 1608 xxvn.
1509 1579 1618 1607 anno
1643 1568 1699 1610 U.
1724 1569 1773 1608 C.
1805 1572 1901 1608 672.
1960 1568 2012 1609 In

1128 1629 1328 1681 Oratore,
1342 1630 1707 1671 adolescentulum
1724 1631 1831 1672 dicit
1848 1643 1894 1672 se
1913 1644 2010 1672 eam

1126 1706 1318 1734 caussam
1337 1694 1493 1746 egisse.
1523 1695 1640 1736 Vide
1651 1695 1830 1736 Fabium
1849 1696 2010 1739 Quinc·

1124 1759 1322 1800 tilianum
1351 1760 1428 1800 lib.
1457 1772 1542 1801 ΧΠ.
1574 1764 1616 1802 6.
1681 1761 1810 1802 Dixit
1845 1768 1891 1802 et
1927 1773 2006 1815 pro

1126 1823 1288 1863 Roscio
1308 1823 1529 1873 Comoe'do‚
1547 1835 1657 1864 anno
1683 1828 1778 1866 777.
1795 1830 1908 1877 ⁴post
1927 1825 2006 1865 Ur-

1124 1885 1221 1925 bem
1240 1885 1471 1925 conditam.
1500 1885 1626 1926 Idem.

1180 1947 1346 1998 Tullius]
1383 1948 1538 2000 Neque
1557 1948 1689 1988 verba
1706 1949 1799 1989 haec
1816 1950 2004 2002 Nepotis

1122 2017 1237 2060 sunt,
1266 2022 1403 2062 neque
1423 2015 1590 2050 certum
1623 2022 1647 2049 e
1675 2011 1766 2051 vita
1785 2012 2005 2053 Ciceronis

1121 2086 1173 2115 ea
1192 2074 1332 2127 petita
1346 2085 1455 2116 esse.
1483 2074 1835 2127 Quodposterius
1850 2076 2001 2118 Schot-

1120 2142 1189 2176 tus
1224 2137 1316 2189 ipse
1353 2149 1440 2176 non
1483 2135 1706 2177 diffitetur.
1777 2138 1850 2180 Sic
1886 2139 2002 2181 enim

1119 2201 1300 2241 Hieron.
1317 2213 1411 2252 cap.
1432 2204 1473 2242 4.
1506 2201 1633 2253 epist.
1652 2201 1707 2242 ad
1734 2203 2001 2244 Pammachi-

1118 2277 1187 2304 um
1218 2265 1420 2304 adversus
1449 2276 1613 2306 errores
1648 2265 1768 2306 Ioan.
1802 2265 2003 2306 Hieroso-

1116 2327 1342 2379 lymitaui:
1370 2328 1382 2351 ‘
1404 2328 1581 2368 Frustra
1617 2327 1870 2380 suspicimus
1903 2329 2001 2369 Tul.

1116 2391 1242 2431 lium:
1274 2389 1411 2431 refert
1443 2391 1558 2430 enim
1591 2390 2001 2445 CorneliusNepos,

1116 2466 1163 2494 se
1185 2459 1402 2505 praesente
1420 2453 1575 2494 iisdem
1587 2466 1720 2506 paene-
1730 2455 1891 2506 verbis,
1906 2456 1996 2507 qui·

1114 2517 1192 2558 bus
1210 2517 1330 2558 edita
1348 2523 1433 2568 est,
1454 2530 1548 2557 eam
1567 2530 1647 2570 pro
1668 2518 1868 2559 Cornelio
1886 2519 1998 2559 sedi-

1114 2584 1225 2624 tioso
1241 2582 1530 2623 defensionem
1545 2583 1818 2634 peroratam!
1834 2584 1996 2624 Rosius.

1168 2646 1239 2686 Me
1252 2644 1467 2698 proesente]
1495 2644 1507 2666 ‘
1522 2643 1673 2705 Refert
1687 2644 1799 2685 enim
1820 2645 1993 2685 Cornel.

1114 2709 1265 2761 Nepos
1301 2720 1348 2749 se
1386 2707 1628 2761 praesente?
1704 2708 1775 2750 Ita
1812 2707 1994 2750 Hieron.

1112 2770 1264 2874 selige:-
1278 2834 1457 2875 Cornelio
1483 2833 1665 2874 seditioso
1689 2832 1879 2884 Tribuno]
1925 2833 1993 2874 De

1108 2897 1188 2938 hac
1202 2898 1294 2950 ipse
1309 2897 1350 2937 in
1370 2896 1630 2938 Hortensio:
1651 2896 1721 2949 qui
1733 2895 1843 2935 liber
1858 2894 1992 2947 scrip·

1108 2964 1177 3000 tus
1195 2965 1292 3000 erat
1303 2959 1356 3000 de
1366 2959 1562 3000 laudibus
1575 2957 1862 3011 Philosophiae
1876 2957 1993 3011 apud

1107 3022 1382 3064 Lactantium
1413 3021 1493 3063 lib.
1532 3033 1595 3063 vr.
1626 3025 1667 3063 2.
1728 3021 1879 3061 ‘Malo
1919 3021 1989 3060 vel

1108 3099 1240 3127 unum
1286 3098 1464 3139 parvum
1497 3084 1553 3129 de
1587 3083 1753 3127 officio.
1782 3083 1993 3134 libellum,

1108 3162 1234 3203 quam
1253 3150 1424 3201 longam
1452 3148 1692 3190 orationem
1725 3158 1804 3199 pro
1838 3145 1988 3187 sediti-

1108 3224 1183 3253 oso
1214 3212 1385 3252 homine
1405 3209 1635 3252 Cornelio?
1688 3210 1881 3262 Longam
1915 3220 1987 3250 vo·

1108 3278 1198 3325 cat,
1215 3273 1315 3327 quia
1330 3273 1480 3325 viginti
1494 3273 1674 3325 amplius
1690 3270 1796 3313 folia
1806 3272 1987 3325 implere

1106 3335 1263 3388 potuit.
1338 3334 1451 3376 Vide
1503 3334 1751 3378 Asconium.
1816 3335 1987 3377 Plinius

1107 3397 1247 3451 Epist.
1267 3396 1340 3439 lib.
1359 3408 1391 3440 1.
1409 3400 1477 3444 20.
1509 3397 1553 3438 iu
1583 3397 1696 3440 huuc
1714 3397 1921 3452 grandem
1937 3398 1989 3447 li,
