2306 3900
711 271 896 311 xvm.
963 272 1298 323 EUMENEM,
1337 268 1476 311 cAP.
1512 257 1565 311 9.
1946 258 2055 312 615

216 390 448 434 Ptolemaei
467 389 584 443 apud
604 387 801 431 Curtium
821 399 868 430 x.
886 391 926 429 6.
974 388 987 410 ‘
1002 389 1105 430 Mea

215 454 436 496 sententia
453 455 546 494 haec
566 458 650 504 est,
678 458 728 494 ut
744 453 847 493 sede
870 452 1106 494 Alexandri

216 519 262 560 in
288 518 411 571 regia
438 517 596 570 posita,
621 517 694 570 qui
722 516 908 558 consiliis
927 517 1017 569 ejus
1033 516 1106 570 ads

215 582 488 631 hibebautur,
507 580 678 632 coelunt,
708 581 880 633 quoties
916 582 959 622 in
990 592 1105 622 com-

218 658 348 687 mune
383 646 581 687 consulto
617 657 725 698 opus
763 643 925 686 fuerit:
968 657 1106 699 eoque

217 710 333 762 quod
365 709 501 761 major
535 721 635 765 pars
662 720 814 750 eorum
847 708 1109 761 decreverit,

217 773 385 815 stetur.’
414 774 635 815 Boeczenae.

272 838 409 890 quue
453 837 615 878 *omneis
656 835 832 889 qnotidie
885 836 1105 889 convenire]

208 900 332 943 Nam
349 900 693 952 dedignabantur
711 900 768 940 ad
787 912 886 941 eum
902 905 1107 953 tanquam

216 962 274 1004 ad
292 962 540 1004 inferiorem
562 963 801 1012 accedere;
843 968 890 1004 et
907 963 1003 1016 ipse
1023 965 1109 1005 Eu.

216 1039 364 1068 menes
377 1026 660 1069 erubescebat
674 1031 776 1068 ante
790 1027 979 1079 ipsorum
990 1025 1107 1068 fores

215 1091 420 1143 conspici.
468 1090 727 1131 Plutarchus
745 1104 757 1131 ι
805 1089 909 1130 Οὔτε
957 1089 1109 1131 ἐκείνων

215 1152 390 1205 βαδίζειν
404 1151 653 1205 βουλομένων
670 1154 765 1207 πρὸς
782 1154 916 1207 αὐτὸν,
934 1155 1026 1196 οὔτε
1041 1155 1108 1195 αὔ-

205 1216 310 1322 22⁶
310 1214 439 1321 :3155
472 1217 536 1258 ἐπὶ
587 1216 716 1273 θύραις
754 1216 894 1272 ἑτέρων
932 1219 1109 1271 ὁρᾶσθαι.

271 1344 384 1387 CAR.
402 1349 446 1387 8.
473 1347 619 1388 Hicin
636 1347 859 1388 Paraetacis
883 1360 971 1388 cum
986 1347 1107 1389 Anti-

211 1421 317 1460 gono
341 1410 545 1463 conflixit]
593 1411 813 1452 Diodorus
842 1411 1013 1452 Siculus
1031 1411 1106 1453 lib.

219 1483 320 1515 xxx.
357 1474 372 1497 ⁶
395 1474 641 1516 Instructus
658 1475 876 1516 exercitus
893 1474 1107 1528 Antigoni

219 1535 428 1578 adversus
459 1538 696 1579 Eumenem
729 1543 777 1579 et
812 1538 1022 1591 Satrapes
1061 1539 1106 1579 in

218 1600 486 1642 Par-attach!
539 1602 763 1654 Stephano
777 1600 1018 1655 Παραιτάκη,

213 1670 281 1705 λιι
315 1664 477 1714 Μηδίας.
539 1666 778 1707 Ptolemaeo
834 1668 1107 1708 Paraetaeeni

218 1728 382 1770 Hediae
415 1735 713 1771 accensentur.
772 1730 965 1771 Isidorus
999 1731 1106 1772 Cha·

219 1805 402 1835 raeeuus
418 1794 686 1835 Secastenen
718 1794 938 1847 regionem
958 1800 1003 1836 et
1021 1796 1106 1836 Pa-

218 1863 483 1909 raetaceneu‚
508 1857 692 1898 eandem
717 1858 901 1910 statuit;
930 1859 1107 1902 ἐντεῦθεν

216 1920 453 1970 {maurit-m
471 1924 609 1964 Σακῶν
625 1924 796 1972 Σκυθῶν,
821 1921 848 1971 ἢ
866 1923 932 1964 καὶ
961 1931 1106 1978 Παραι-

213 1982 379 2034 enchon.
406 1984 578 2026 Salmas.
625 1985 789 2026 Noster
805 1987 947 2028 codex
968 1990 1107 2042 Impar

214 2048 351 2101 «etatis
384 2047 567 2107 praefert
598 2049 787 2103 editque.
855 2049 1028 2103 Magius
1053 2064 1106 2093 ac

217 2112 452 2164 Longolius
471 2124 555 2154 nou
587 2118 723 2166 recte,
755 2126 855 2154 nam
887 2126 1019 2156 annos
1035 2116 1109 2156 ha-

218 2174 352 2217 bebat
377 2175 470 2217 fere
491 2176 798 2229 quadraginta:
828 2178 970 2218 verius
986 2178 1109 2220 Gifa-

215 2239 278 2280 nii
298 2240 468 2281 schedae
487 2241 531 2281 in
554 2241 789 2284 Pas-atacis.
805 2242 984 2284 Luci-et.
1013 2243 1110 2284 Col·

216 2304 323 2346 lect.
360 2305 495 2357 dicto,
529 2303 625 2345 Sola
662 2306 744 2346 loca
758 2319 776 2354 ‚-
827 2306 1108 2360 sequiturque

217 2367 450 2409 Lambinus
463 2381 476 2408 ;
517 2375 564 2410 et
583 2368 648 2409 sic
668 2368 830 2422 Ultraj.
848 2368 966 2411 Edit.
994 2369 1107 2412 Anu.

218 2435 340 2474 1542.
370 2433 522 2475 Schott.
569 2434 796 2486 Impar-atus
829 2435 938 2488 legit
956 2437 1106 2478 Schot-

219 2501 291 2538 tns
310 2496 421 2539 Obs.
437 2509 510 2538 ιιι.
529 2501 571 2539 2.

272 2559 365 2612 Ipse
381 2561 609 2614 infinitima
638 2562 798 2613 regione
820 2563 999 2604 Persidis
1015 2565 1106 2617 hye-

219 2627 371 2663 matum
399 2624 531 2676 copias
558 2624 714 2676 divisit]
761 2626 883 2666 Nihil
909 2627 1004 2668 heic
1024 2639 1106 2680 ego

219 2690 359 2737 muto,
377 2687 570 2740 quamvis
588 2688 821 2730 Lambinus
840 2690 980 2742 malit,
997 2691 1107 2745 infi-

218 2750 403 2791 nitiunam
420 2750 636 2803 regionem,
648 2757 694 2792 et
707 2752 780 2792 alii
792 2753 960 2795 dimisit.
988 2755 1108 2796 Utri·

216 2827 302 2868 que
322 2816 449 2856 male.
504 2816 616 2856 Nam
646 2816 810 2857 nullum
827 2816 925 2858 heic
942 2824 1108 2859 motum

219 2878 272 2919 ad
289 2878 427 2919 locum
445 2885 652 2932 agnoscet
665 2880 829 2920 lector:
858 2887 903 2921 et
917 2882 1109 2934 quamvis

215 2942 438 2996 coegerint
455 2943 633 2996 milites,
647 2951 788 2986 tamen
804 2946 897 2998 ipse
912 2946 1108 2989 divisisse

215 3008 433 3048 Eumenes
459 3008 762 3061 intelligendus
790 3015 874 3062 est,
891 3011 991 3064 quia
1008 3023 1108 3052 cum

217 3069 427 3111 obsistere
446 3081 595 3111 eorum
627 3071 818 3114 licentiae
839 3085 924 3114 non
945 3078 1108 3127 posset,

219 3131 364 3174 factus
383 3138 451 3174 est
468 3145 628 3186 comes,
648 3147 732 3188 quo
750 3136 846 3189 plus
872 3137 1106 3179 auctorita-

219 3197 276 3236 tis
307 3196 500 3238 liaberet.
556 3196 662 3250 Ipse
695 3198 953 3241 Plutarchus
972 3201 1107 3243 vertit

222 3259 276 3301 εἰς
293 3259 346 3300 τὰ
364 3258 547 3311 χειμάδια
566 3262 858 3311 karnotinum-o.
906 3263 1103 3305 Gebhard.

212 3324 436 3365 Ceterum
457 3336 534 3376 per
553 3322 779 3364 finitimam
803 3324 1026 3377 regionem
1044 3327 1106 3366 in-

222 3387 460 3440 telligenda
479 3393 547 3428 est
565 3388 764 3438 Gabene,
782 3394 832 3428 ut
848 3388 1106 3430 Plutarchus

219 3454 268 3489 et
305 3450 521 3491 Diodorus
567 3451 806 3504 appellant.
875 3449 1106 3505 Polyaenus

1169 389 1268 441 diae,
1280 388 1413 441 juxta
1431 388 1714 430 Ptolemaeum
1732 387 1808 428 lib.
1830 396 1893 428 vr.

1224 455 1405 507 Namque
1417 454 1488 494 illa
1503 454 1679 506 phalanx
1696 452 1920 494 Alexandri
1934 452 2057 504 Mag-

1167 516 1231 568 ni]
1250 514 1583 568 Argyraspides.
1603 515 1786 557 Lambin.
1799 516 1915 566 Mag.
1948 515 2057 556 Con-

1167 579 1235 622 fer
1267 580 1296 622 J
1302 581 1428 622 nstin.
1455 592 1540 621 xn.
1558 585 1599 622 7.
1631 581 1754 622 Curt.
1776 592 1838 622 ιν.
1859 584 1924 621 13.
1942 580 2059 622 Livi-

1167 655 1241 686 um
1279 654 1463 684 xxxvu.
1501 648 1549 685 et
1586 644 1709 684 alios.
1761 643 1911 686 Simile
1953 644 2059 696 quid

1168 707 1360 750 instituit
1409 707 1521 760 Imp.
1567 706 1816 748 Alexander
1868 707 2056 749 Severus

1169 771 1287 826 apud
1305 771 1527 824 Lamprid.
1546 772 1588 812 in
1610 772 1714 818 vita,
1735 783 1833 824 cap.
1851 762 1920 812 5'0.

1229 835 1286 876 Ut
1304 847 1405 875 nunc
1416 835 1593 875 veterani
1600 834 1783 887 faciunt]
1812 835 1863 875 In
1878 844 2058 888 quorum

1171 898 1475 952 arrogantiam,
1494 897 1732 949 fastidium,
1762 898 2061 951 importunita-

1170 967 1258 1004 tem
1279 962 1440 1004 acriter
1458 962 1674 1003 invehitur
1693 961 1849 1003 Cicero
1868 961 2057 1016 Philipp.

1173 1037 1238 1067 xi.
1260 1028 1326 1068 14.
1349 1029 1412 1067 15.
1440 1026 1623 1067 Boecler.

1225 1088 1381 1130 Statuit
1399 1088 1549 1141 aliquid
1567 1089 1645 1129 sibi
1669 1087 1822 1129 consilii
1839 1087 1949 1139 novi]
1987 1087 2060 1129 Sic

1170 1151 1300 1193 Diod.
1320 1152 1348 1193 l.
1363 1162 1463 1193 xlx.
1480 1151 1594 1192 Κατὰ
1607 1150 1649 1192 δὲ
1658 1151 1754 1200 ‘rhv'
1758 1150 1880 1191 Ασίαν
1889 1150 2061 1201 Ἀντίγο-

1170 1230 1234 1257 νος
1248 1213 1321 1266 μὲν
1337 1213 1546 1268 χειμάζων
1565 1216 1607 1255 ἐν
1625 1212 1869 1265 Γαδαμάλοις
1884 1217 1956 1264 τῆς
1973 1220 2059 1265 Μη-

1169 1279 1267 1333 δίας,
1279 1279 1344 1321 καὶ
1357 1282 1504 1333 θεωρῶν
1519 1279 1593 1328 τὴν
1611 1281 1750 1321 ἑαυτοῦ
1767 1280 1928 1331 δύναμιν
1944 1282 2059 1322 ἀσθε-

1169 1343 1358 1397 νεστέραν
1367 1342 1492 1385 οὖσαν
1514 1347 1587 1394 τῆς
1602 1348 1678 1387 τῶν
1693 1345 1902 1398 πολεμίων,
1921 1348 2060 1387 ἔσπευ-

1169 1410 1234 1448 δεν
1251 1408 1491 1451 ἀνελπίστως
1518 1410 1648 1451 αὐτοῖς
1674 1408 1882 1463 ἐπιθέσθαι,
1900 1410 1965 1450 καὶ
1989 1425 2060 1450 κα-

1167 1475 1508 1526 ταστρατηγῆσαι.
1536 1473 1721 1516 Lambin-

1223 1537 1301 1578 Sin
1327 1550 1401 1590 per
1428 1539 1516 1579 loca
1544 1539 1627 1579 sola
1644 1537 1912 1591 contenderet]
1950 1538 2059 1580 Quae

1036 1600 1107 1643 πό-
1167 1601 1313 1654 paullo
1349 1607 1451 1643 aute
1480 1608 1611 1643 vocat
1642 1601 1876 1655 ‘deserta,’
1911 1601 1974 1642 διὰ
1990 1602 2062 1649 τῆς

1169 1663 1311 1718 ἐρήμου
1327 1664 1471 1718 χώρας.
1525 1665 1812 1708 Solitudinem
1824 1665 1956 1718 ‘hujus
1976 1664 2061 1706 loci

1168 1728 1378 1770 describit
1395 1729 1643 1782 Polyaenus.
1686 1728 1887 1770 Gebhard.
1941 1729 2061 1769 Prae-

1169 1797 1241 1835 ter
1271 1792 1447 1834 Lucret.
1476 1791 1553 1834 lib.
1583 1803 1649 1832 V1.
1667 1797 1714 1832 et
1731 1792 1941 1844 Propert.
1969 1792 2060 1832 Sal-

1168 1855 1268 1896 lust.
1295 1856 1308 1878 ‘
1330 1855 1425 1897 loca
1443 1855 1535 1896 sola
1563 1860 1611 1896 et
1628 1854 1744 1896 nuda
1765 1854 2062 1907 gignentium.’

1161 1919 1341 1960 Sauara.

1222 1982 1290 2024 Aa
1307 1983 1406 2025 hanc
1429 1995 1515 2023 rem
1540 1981 1832 2035 conficiendam,
1850 1981 2062 2035 imperavit

1169 2058 1284 2099 quam
1305 2046 1498 2100 plurimos
1526 2051 1636 2087 utres
1661 2050 1778 2098 atque
1800 2047 1920 2086 etiam
1937 2047 2062 2087 culeos

1169 2108 1409 2162 comparari]
1450 2109 1573 2150 Artis
1605 2109 1697 2150 sive
1731 2110 1893 2162 ingenii
1925 2122 2060 2151 reme-

1171 2173 1287 2214 dium
1307 2179 1475 2214 naturae
1494 2171 1717 2214 defectum
1737 2174 1927 2226 supplet.
1972 2173 2061 2215 Po·

1169 2237 1393 2290 lyaenusin
1409 2236 1646 2289 Antigono,
1664 2235 1740 2276 lib.
1758 2247 1823 2276 lv.
1846 2240 1911 2276 11.
1941 2250 2062 2289 προσ-

1170 2300 1322 2342 έτασσε
1350 2300 1398 2350 δὴ
1429 2299 1622 2354 ῥάψασθαι
1651 2298 1804 2353 μυρίους
1818 2299 1976 2352 ἀσκοὺς,
1996 2300 2061 2340 καὶ

1168 2368 1320 2416 πλῆσαι
1331 2364 1492 2407 τούτους
1516 2365 1668 2406 ὕδατος.
1682 2366 1805 2406 Curt.
1823 2365 1895 2406 lib.
1911 2377 1973 2406 lv.
1990 2369 2060 2406 63.

1170 2433 1183 2455 ¹
1204 2431 1336 2486 Aqua
1369 2431 1503 2472 etiam
1536 2429 1778 2480 defecerat,
1807 2441 1934 2483 quam
1953 2429 2061 2469 utri-

1169 2497 1248 2539 bus
1279 2497 1435 2539 cameli
1466 2496 1750 2546 devexerant,
1781 2500 1828 2535 et
1864 2495 1908 2535 in
1938 2494 2060 2535 arido

1169 2563 1262 2603 solo
1296 2574 1348 2603 ac
1395 2560 1564 2602 fervido
1600 2560 1750 2601 sabulo
1782 2560 1900 2600 nulla
1934 2558 2060 2599 erat.’

1171 2625 1326 2737 ‘3322'oe
1354 2687 1438 2729 haec
1466 2686 1671 2740 pabulum]
1719 2685 1796 2726 Καὶ
1825 2685 1951 2738 tepidas
1979 2687 2058 2727 τοῖς

1157 2752 1301 2794 ἵπποις
1317 2751 1384 2793 καὶ
1400 2751 1519 2804 χιλὸν
1537 2751 1724 2804 abrupit-ir).
1746 2751 1870 2791 Idem.

1227 2815 1391 2858 Cibaria
1400 2815 1529 2867 cocta]
1551 2817 1717 2856 Decem
1736 2814 1918 2856 dierum.
1949 2814 2061 2856 Σιτία

1169 2878 1265 2922 δέκα
1299 2878 1449 2933 ἡμέρων
1475 2878 1683 2931 πέμψαντα
1713 2876 1833 2929 ἔχειν.
1887 2880 1900 2902 ‘
1921 2878 2060 2920 cocta

1170 2945 1363 2999 cibaria,’
1395 2945 1514 2986 forte
1547 2943 1688 2997 ἄπυρα,
1720 2956 1814 2998 quae
1848 2943 1949 2996 igne
1973 2955 2058 2983 non

1167 3009 1430 3063 indigerent.
1486 3008 1600 3050 Vide
1618 3008 1813 3062 Polyaen.
1844 3008 1888 3048 in
1907 3008 2057 3048 Antio-

1167 3073 1239 3115 chi
1274 3073 1446 3115 Seleuci
1481 3074 1530 3115 F.
1564 3073 1640 3114 lib.
1676 3084 1739 3113 ιν.
1787 3071 1987 3122 Ἀντίοχος
2014 3070 2055 3111 δὲ

1167 3136 1392 3191 προστάξας
1418 3136 1545 3190 ἄπυρα
1563 3136 1668 3177 σιτία
1691 3134 1927 3189 τεσσάρων“
1908 3137 2058 3188 nup&

1166 3202 1351 3254 κομίζειν.
1378 3203 1503 3243 Idem.

1220 3267 1332 3308 Cn».
1349 3269 1391 3306 9.
1415 3266 1516 3306 Cum
1529 3264 1704 3316 exsamo
1717 3268 1936 3306 castrorum
1953 3259 2054 3316 qius]

1167 3329 1376 3372 Notanda
1404 3334 1474 3369 est
1510 3329 1686 3381 elegans
1717 3329 1837 3369 vocis
1872 3341 1976 3380 cum,
2009 3335 2055 3368 et

1166 3392 1301 3434 veluti
1336 3391 1596 3444 transposita
1625 3391 1848 3446 usurpatio
1868 3392 1924 3432 ad
1943 3392 2054 3432 hunc

1166 3456 1367 3498 modum:
1397 3455 1622 3497 Dimidium
1642 3455 1737 3506 fere
1765 3458 1937 3510 spatium
1965 3469 2053 3495 con·

221 3506 465 3555 Gableuam
493 3520 636 3569 vocat,
660 3521 814 3570 estque
844 3516 888 3557 iu
908 3516 993 3558 situ
1013 3516 1107 3559 Me·
1158 3520 1335 3574 fecerat,
1370 3532 1458 3563 cum
1492 3532 1546 3562 ex
1570 3519 1687 3571 sumo
1721 3525 1937 3562 castrorum
1971 3519 2055 3570 <ias
