2306 3900
347 267 456 324 638

311 415 317 420 ·
352 408 483 444 errat.
538 401 651 442 Nam
684 400 836 444 Quinti
868 401 1132 453 praenomine
1157 414 1231 454 ap-

352 467 536 519 pellatus
555 465 659 506 Caii·
676 463 829 517 frater,
849 465 923 518 qui
941 466 1139 519 sequenti
1157 478 1231 506 an-

349 544 407 571 no
439 530 690 571 fratris·sui
727 531 1007 572 Consulatum
1043 532 1233 584 excepit,

350 593 480 634 Urbis
496 592 692 634 Conditae
711 595 808 634 512.
863 594 979 635 Hinc
994 594 1079 635 iste
1098 606 1232 645 error,

349 658 422 711 qui
442 663 517 698 aut
537 663 779 710 temporum
795 663 872 698 aut
894 657 1114 699 literarum
1133 671 1234 711 cog·

348 720 526 760 natione
546 720 752 773 plurimos
785 720 974 773 decepit.
1032 720 1135 772 Ipse
1152 723 1233 762 eti·

354 795 422 823 am
450 783 630 835 Plinius,
657 795 747 834 seu,
772 783 960 836 quisquis
990 790 1141 824 auctor
1177 784 1233 824 de

348 845 444 886 Vir.
469 845 731 897 Illustribus,
749 846 821 885 uni
840 846 982 886 omnia
998 846 1176 897 tribuit;
1209 859 1235 887 a

352 921 437 962 quo
449 921 541 949 -non
574 921 723 961 parum
751 909 912 950 abeunt
943 910 1142 963 plerique
1171 911 1236 951 rei

352 972 560 1014 Romanae
594 972 854 1024 Scriptores,
901 973 973 1025 qui
1010 973 1235 1014 victoriam

349 1036 458 1077 hanc
504 1042 550 1077 et
580 1036 843 1088 triumphum
887 1036 1084 1076 navalem
1130 1037 1235 1077 Caio

353 1099 617 1150 adscribunt,
635 1100 787 1152 pacem
807 1111 908 1140 vero
929 1100 1068 1140 Poeuo
1087 1100 1234 1140 datam

355 1163 534 1214 Quinto,
551 1163 625 1216 qui
644 1163 776 1203 etiam
803 1162 859 1203 de
888 1163 1068 1203 Faliscis
1086 1163 1235 1204 trium-

353 1226 517 1280 phavit,
534 1232 583 1267 ut
602 1238 657 1266 ex
667 1226 888 1278 Triumph.
907 1226 1067 1267 tabulis
1087 1226 1236 1267 videre

355 1296 439 1331 est.
466 1337 468 1339 q
493 1290 775 1331 Scribendum
809 1302 912 1343 ergo
928 1290 1020 1345 'hoc
1039 1291 1136 1331 loco
1156 1291 1237 1331 Ca·

354 1354 421 1395 ius
439 1354 655 1406 Lutatius,
677 1354 792 1407 quod
811 1366 1060 1407 praenomen
1074 1362 1120 1395 et
1134 1353 1236 1395 fasti

353 1428 492 1469 nuper
509 1417 657 1457 Romae
675 1415 818 1458 effossi
845 1423 1098 1469 agnoscunt.
1127 1417 1239 1458 Kea-

355 1479 466 1521 chen.
511 1480 515 1482 “

412 1543 651 1584 statuerunt
667 1542 756 1583 belli
768 1542 1058 1596 finemsacere]
1087 1543 1174 1586 Qui
1192 1542 1240 1583 fi-

359 1607 427 1647 nis
445 1606 601 1647 incidit
626 1607 671 1647 in
699 1619 854 1647 annum
874 1609 1020 1647 Romae
1040 1607 1240 1648 Conditae

357 1681 443 1711 mr.
475 1671 578 1711 Caio
610 1671 787 1711 Lutatio
808 1671 964 1711 Catulo
986 1676 1031 1711 et
1058 1671 1243 1711 Postha-

359 1736 445 1776 mio
464 1734 623 1775 Albino
651 1734 924 1775 Consulibus.
980 1732 1133 1774 Annus
1157 1734 1243 1775 iste

361 1797 631 1850 Carthaginis
654 1808 835 1848 nch1.;
866 1798 1040 1850 Olymp.
1054 1807 1244 1838 cxxxiv.

360 1861 495 1901 tertio
515 1867 736 1914 surgente,
765 1873 862 1901 cum
898 1861 1044 1901 classis
1076 1861 1246 1901 Punica

361 1922 481 1964 felici
497 1924 647 1975 praelio
663 1923 719 1963 ad
731 1924 907 1976 AEgates
921 1923 1078 1964 insulas
1091 1937 1116 1964 a
1135 1923 1247 1964 Con-

365 1987 457 2027 sule
503 1985 553 2028 C.
585 1987 740 2028 Catulo
788 1991 904 2028 esset
952 1987 1110 2030 deleta.
1168 1986 1246 2028 Ub.

366 2050 501 2091 Emm-

421 2115 599 2166 Eamque
642 2126 726 2154 rem
768 2113 936 2154 arbitrio
987 2115 1265 2166 permiserunt-

365 2176 631 2228 Hamilcaris]
659 2177 803 2217 Missis
823 2177 959 2228 primo
971 2177 1025 2217 ad
1040 2190 1136 2218 eum
1152 2178 1248 2218 lite-

365 2241 425 2280 ris
445 2246 490 2281 et
509 2240 684 2281 nuntiis.
739 2239 948 2292 Polybius
965 2253 979 2280 t
1006 2239 1151 2293 Διόπερ
1168 2239 1248 2291 ὀξέ-

366 2317 418 2343 ως
444 2300 745 2354 διαπεμψάμενοι
771 2301 866 2354 πρὸς
889 2302 960 2342 τὸν
976 2302 1140 2356 Βάρκαν,
1165 2303 1251 2344 ἐπέ·

367 2369 538 2417 στρεψαν
551 2363 681 2414 ἐκείνῳ
692 2363 777 2417 περὶ
790 2366 869 2404 τῶν
886 2364 1001 2405 ὅλων.
1020 2366 1247 2406 Lambinus.

423 2430 568 2469 Tamen
582 2427 677 2480 paci
692 2428 937 2471 serviendum
956 2429 1136 2481 putavit]
1165 2430 1249 2469 Po-

367 2491 508 2544 lybius
537 2491 855 2543 elegantissime
876 2492 986 2532 tales
1005 2497 1131 2532 vocat
1163 2490 1251 2543 ἐφέ-

368 2556 478 2606 δρους
513 2555 593 2594 τῶν
619 2555 772 2606 καιρῶν,
810 2553 885 2596 lib.
916 2565 988 2596 111.
1016 2560 1250 2608 monetque

368 2618 641 2659 insidiatores
672 2624 912 2669 temporum
945 2623 1146 2659 accurate
1183 2631 1253 2659 ca·

370 2682 560 2752 vendos:
601 2694 707 2735 quos
739 2681 902 2722 ibidem
930 2682 991 2722 ait
1025 2681 1141 2722 εἴκειν
1169 2684 1253 2724 τοῖς

369 2746 569 2798 παροῦσιν,
605 2757 683 2786 seu
727 2747 811 2786 τοῖς
850 2747 1008 2799 καιροῖς.
1051 2746 1251 2789 Gebhard.

370 2810 536 2853 Quibus
580 2821 685 2849 vero
722 2809 1035 2849 conditionibus
1074 2821 1159 2861 pax
1195 2809 1253 2850 sit

369 2871 504 2924 facta,
533 2871 712 2924 exponit
741 2872 832 2912 late
862 2871 1069 2924 Polybius
1099 2872 1251 2914 eodem

368 2935 495 2975 libro.

427 3001 676 3041 Exhaustum
707 2999 941 3052 sumptibus]
985 3000 1059 3042 Ita
1097 3001 1251 3042 Cicero

371 3066 512 3117 Epist.
542 3064 598 3104 ad
634 3063 771 3105 Attic.
804 3063 879 3104 lib.
898 3075 961 3103 vr.
990 3064 1101 3104 ‘Illo
1118 3064 1252 3116 impe·

372 3136 497 3170 rante
526 3129 776 3170 exhaustam
804 3141 898 3169 esse
931 3128 1174 3180 sumptibus
1206 3133 1253 3169 et

365 3192 553 3245 jacturis
572 3190 872 3245 provinciam!

428 3256 645 3307 Dorticum]
674 3256 764 3296 Pro
782 3256 918 3296 donec.-
948 3255 1010 3296 sic
1028 3266 1143 3306 saepe
1167 3255 1252 3295 En-

376 3319 470 3357 nius
490 3320 663 3371 extulit,
675 3318 916 3370 Lucretius,
936 3317 1039 3359 item
1060 3319 1255 3370 Plautus,

375 3386 506 3431 atque
538 3381 644 3420 adeo
672 3381 851 3431 Tullius,
880 3381 962 3421 nisi
981 3387 1029 3421 ut
1049 3381 1254 3433 pleraque

378 3442 553 3495 antiqua
580 3455 605 3483 a
633 3444 879 3486 semidoctis
909 3450 1054 3487 essent
1072 3444 1256 3486 librariis

379 3505 622 3549 obliterata.
650 3506 847 3548 Schottus.

726 282 907 322 No'rAE
947 283 1029 322 VA
1038 283 1283 324 RIORUM
1319 285 1387 324 'IN

1433 284 1483 325 G·
1524 286 1560 325 N
1573 285 1787 325 EPO'rts

1320 412 1324 417 ’
1351 402 1423 455 Vi]
1450 402 1587 445 Abest
1603 404 1696 445 haec
1711 416 1795 444 vox
1811 416 1836 444 a
1854 404 1940 445 Ms.

1347 468 1516 508 Manum
1549 468 1763 520 dedissent]
1810 467 2008 508 Sidonius
2041 467 2170 510 Pole-

1292 530 1378 570 mio
1396 536 1496 571 ante
1513 531 1653 571 Carm.
1671 535 1738 571 13.
1767 532 1779 554 ‘
1795 532 1864 572 Do
1894 531 2064 584 quidem
2098 532 2173 573 ab·

1293 603 1389 632 sens
1408 592 1769 633 obtrectatoribus
1798 605 1964 645 manus,
1995 605 2049 634 ne
2080 592 2174 635 dio-

1293 659 1384 695 tum
1405 655 1551 696 dicere
1570 656 1746 697 videar:
1800 656 1916 697 Vide
1933 662 2069 697 notas.
2096 655 2172 697 Sa·

1292 730 1398 759 varo.
1471 720 1618 759 Manus
1653 719 1846 760 rescribo
1882 719 2174 761 multitudinis

1292 793 1485 833 numero,
1516 794 1571 822 ex
1606 781 1693 822 fide
1734 783 2095 835 membranarum,
2130 789 2178 823 et

1295 845 1506 886 Veterum
1523 845 1782 898 scriptorum
1797 847 2068 897 auctoritate,
2085 858 2176 887 ces-

1295 908 1434 961 sitque
1452 908 1500 948 in
1524 908 1814 960 proverbium,
1840 910 1854 932 ‘
1869 920 2017 950 manus
2041 908 2176 961 dare?

1296 976 1346 1011 ut
1366 977 1411 1011 et
1441 970 1619 1013 herbam
1647 972 1888 1024 porrigere.
1942 973 2091 1013 Ducta
2103 983 2176 1012 au-

1297 1040 1387 1076 tem
1418 1047 1445 1075 a
1479 1035 1788 1086 gladiatoribus
1830 1035 1956 1076 victis
2002 1035 2180 1078 tralatio

1297 1102 1393 1139 est:
1434 1110 1534 1139 nam
1561 1104 1608 1139 et
1634 1104 1783 1139 vetere
1813 1099 1943 1140 verbo
1967 1098 1981 1121 ‘
1997 1098 2179 1151 digitum

1298 1162 1450 1202 tollere
1463 1160 1476 1180 ’
1495 1161 1603 1202 victi
1621 1160 1891 1214 dicebantur,
1908 1167 1956 1203 et
1971 1160 1992 1195 -‘
2009 1172 2180 1202 manum

1297 1223 1430 1265 dare.’
1469 1223 1702 1276 Virgilius:
1730 1227 1743 1248 ‘
1758 1231 1805 1265 et
1823 1225 1983 1266 victum
1996 1223 2179 1265 tendere

1298 1289 1461 1340 palmas
1478 1287 1639 1328 Videre
1659 1286 1866 1328 Ausonii.'
1916 1287 2116 1329 Sidonius
2133 1287 2180 1328 in

1300 1352 1535 1395 Narbone:
1561 1353 1576 1376 ⁴
1592 1353 1790 1405 Palmam
1819 1357 1869 1393 tn
1897 1351 2032 1404 digito
2054 1351 2180 1392 dares

1301 1414 1571 1456 Menander.'
1627 1415 1782 1456 Cicero
1809 1415 1853 1455 in
1873 1415 2182 1457 Consolatione

1302 1478 1416 1532 apud
1432 1478 1704 1519 Lactantium
1719 1479 1794 1520 lib.
1807 1490 1879 1520 ιιι.
1891 1483 1961 1520 28.
1979 1480 1993 1502 ‘
2007 1479 2184 1520 Victum

1303 1554 1351 1582 se
1369 1554 1395 1583 a
1407 1540 1585 1583 fortuna
1603 1541 1789 1593 turpiter
1809 1541 2068 1592 confitetur3
2101 1542 2183 1583 Ce-

1303 1604 1383 1657 do,
1395 1604 1551 1657 inquit,
1569 1617 1623 1645 en
1641 1617 1813 1645 manum
1832 1605 1967 1647 tollo.'-
2002 1605 2183 1647 Graecos

1305 1669 1437 1709 etiam
1483 1668 1772 1709 multitudinis
1814 1681 2011 1722 numero,
2050 1671 2185 1722 χεῖρας

1300 1728 1532 1785 ῖπροτείνειν,
1545 1731 1752 1772 extulisse
1771 1731 1963 1773 observo.
2019 1732 2185 1784 Legen-

1306 1796 1386 1836 dus
1419 1796 1522 1837 Pet.
1551 1795 1692 1837 Faber
1723 1794 1968 1848 Agonistici
1998 1796 2074 1838 lib.
2091 1808 2123 1838 x.
2141 1800 2183 1837 8.

1306 1859 1504 1901 Schottus.

1361 1923 1452 1965 Hoc
1484 1922 1642 1964 consilio
1667 1935 1800 1975 pacem
1831 1922 2082 1976 conciliavit]
2104 1922 2188 1963 Vel

1307 1998 1445 2027 xxur.
1479 1997 1691 2027 annorum
1723 1984 1934 2036 inducias,
1971 1996 2052 2037 per
2082 1990 2189 2037 quot

1309 2061 1442 2090 annos
1461 2049 1621 2090 bellum
1640 2047 1760 2100 prius
1788 2047 2034 2089 duraverat.
2061 2048 2188 2090 Ken-

1306 2111 1415 2153 chen.

1319 2202 1323 2204 -
1367 2175 1425 2215 Ut
1441 2187 1529 2215 cum
1548 2173 1742 2225 Catullus]
1777 2174 1832 2214 Ut
1851 2173 1976 2215 abest
1994 2186 2020 2214 a
2036 2173 2124 2214 Ma.
2142 2178 2190 2214 et

1308 2240 1485 2290 ponitur
1503 2243 1605 2278 ante
1621 2237 1900 2278 succumbente.

1363 2300 1506 2341 Sicilia
1523 2301 1768 2351 decederent]
1798 2301 1978 2351 Plinius,
1992 2300 2192 2354 seu-quis·

1310 2367 1406 2419 quis
1426 2365 1593 2406 Auctor
1627 2366 1682 2405 de
1711 2365 1828 2405 Viris
1860 2365 2024 2406 Illustr.
2053 2377 2093 2406 c.
2123 2368 2194 2405 41.

1309 2430 1498 2470 ‘Pacem
1531 2428 1781 2481 petentibus
1826 2429 1908 2468 hac
1943 2426 2191 2478 conditione

1311 2491 1539 2543 concessit,
1559 2496 1606 2531 ut
1630 2491 1795 2541 Sicilia,
1812 2489 2026 2540 Sardinia,
2043 2496 2090 2530 et
2109 2501 2192 2531 σε·

1311 2555 1416 2595 teris
1445 2553 1594 2593 insulis
1628 2553 1743 2593 intra
1773 2551 1947 2593 Italiam
1977 2550 2193 2592 Africam·

1313 2629 1396 2670 que
1427 2616 1707 2668 decederent,
1727 2615 1950 2667 Hispania·
1965 2615 2079 2657 citra
2093 2614 2192 2657 lbe-

1313 2693 1407 2721 rum
1442 2679 1618 2722 fluvium
1657 2678 1953 2720 abstinerent!
2009 2678 2192 2730 Mag-au.

1315 2743 1571 2795 Quanquam
1591 2742 1844 2795 Hispaniam
1872 2742 1988 2782 illam
2014 2754 2196 2795 non-pu·

1314 2812 1403 2847 tem
1420 2807 1683 2858 adscriptam
1699 2805 1813 2845 huic
1831 2804 2014 2856 foederi;
2042 2804 2120 2846 sed
2136 2803 2195 2856 ei,

1315 2869 1428 2923 quod
1447 2882 1546 2910 cum
1579 2870 1821 2911 Asdrubale
1854 2871 1987 2911 ictum
2017 2870 2074 2911 in·
2092 2869 2196 2912 His·

1313 2933 1452 2987 paniis
1472 2932 1573 2983 fuit,
1593 2934 1664 2986 qui
1696 2945 1885 2973 sororem
1902 2932 2129 2974 Annibalis
2150 2932 2195 2973 in

1312 2995 1584 3036 matrimonio
1620 2995 1823 3036 habebat.
1867 2994 2080 3047 Polybius
2109 2998 2197 3037 ⁷111.

1312 3059 1512 3100 Schottus.

1367 3120 1564 3172 Flagitio]
1609 3120 1744 3161 Arma
1789 3121 1904 3162 enim
1941 3121 2194 3163 adversariis

1315 3184 1489 3225 tradere
1506 3182 1717 3234 flagitium
1735 3188 1831 3224 erat
1845 3197 1866 3224 :.
1891 3195 2008 3236 supr.
2026 3182 2194 3224 incha-

1315 3247 1412 3288 bria
1438 3246 1482 3286 in
1511 3245 1611 3285 fine.
1641 3245 1807 3286 Savaro.
1864 3245 1972 3286 Cum
1990 3249 2114 3286 tanta
2131 3245 2197 3285 in·

1316 3308 1462 3351 famia.
1516 3310 1631 3351 Nam
1657 3308 1917 3362 ‘flagitium’
1948 3312 2100 3348 notare
2133 3307 2199 3348 in-

1317 3371 1490 3413 famiam
1516 3385 1567 3413 ac
1586 3373 1774 3413 dedecus
1806 3376 1909 3411 ante
1928 3370 2048 3422 quasi
2076 3382 2197 3412 secu-

1317 3437 1406 3476 lum
1437 3448 1515 3476 nos
1544 3435 1694 3476 docuit
1724 3433 1900 3486 Josepb.
1933 3432 2125 3486 Scaliger
2143 3445 2197 3475 ex

1319 3500 1414 3541 loco
1450 3498 1595 3540 Plauti
1628 3497 1755 3551 Epid.
1787 3501 1870 3538 act.
1901 3507 1972 3539 111.
2005 3508 2124 3540 scen.
2155 3500 2196 3539 4.
