2326 3944
275 231 279 236 ’
318 227 430 281 466

377 359 469 400 Hoc
485 359 624 401 nuncio
641 359 786 411 motus]
819 360 1058 401 ‘Commotus
1086 359 1202 402 Edit.

320 422 603 473 Parisiensis;
650 429 700 464 ut
739 429 785 464 et
817 424 926 466 Μεε.
964 423 1079 477 quod
1121 422 1204 465 fre·

320 489 457 540 quens
489 487 681 539 Nepoti:
711 487 755 527 in
780 486 965 528 Datame
989 487 1071 540 bis,
1128 486 1202 528 Al-

322 549 507 602 cibiade,
523 549 684 597 Dione,
702 549 988 592 Timoleonte.
1017 550 1181 592 savaro.

374 611 549 664 Spemne
566 625 607 652 se
623 613 742 653 etiam
766 613 934 665 pecunia
951 617 990 653 et
1003 613 1201 666 potentia]

319 674 531 728 Pecunia,
541 687 624 728 qua
638 676 1112 728 corrumperetjudices
1127 682 1204 717 aut

321 743 621 788 accusatores3
668 738 876 791 potentia,
912 751 996 791 qua
1028 739 1202 780 eosdem

320 800 596 851 deterreret3
627 803 702 843 sed
730 807 884 844 neutro
911 804 1069 844 valuit:
1101 816 1203 856 pru-

320 863 491 906 dentior
522 864 603 906 hac
653 870 781 918 parte
821 865 1071 907 Alcibiades
1101 866 1201 919 fuit,

321 927 395 981 qui
413 928 564 969 absens
583 940 681 968 reus
696 929 866 969 violatae
881 929 1101 982 religionis
1115 927 1202 970 fac·

321 1000 390 1031 tus
409 990 512 1044 fuga
530 991 610 1031 sibi
630 993 862 1041 consuluit,
882 991 995 1033 infra
1014 1004 1096 1034 vu.
1108 996 1150 1034 4.

373 1055 488 1095 Licet
506 1055 609 1097 enim
629 1055 779 1106 legibus
791 1067 923 1096 eorum
935 1055 1057 1096 cuivis
1070 1056 1204 1108 Epho-

317 1130 364 1158 ro
395 1117 467 1158 hoe
486 1117 624 1167 facere
649 1117 774 1170 Regi]
821 1118 1014 1159 Imitatio
1051 1125 1205 1172 aperta

316 1182 442 1222 istius
458 1182 743 1235 Thucydidis:
765 1181 924 1233 Ἔξεστι
943 1181 986 1223 δὲ
1010 1185 1095 1225 τοῖς
1113 1182 1204 1235 ἐφό-

317 1260 399 1299 ροις
427 1244 499 1286 τὸν
526 1243 700 1292 βασιλέα
724 1246 863 1299 δρᾶσαι
885 1248 1021 1299 τοῦτο,
1047 1259 1204 1300 nempe

318 1308 374 1351 εἰς
391 1308 544 1362 εἰρκτὴν
563 1307 795 1359 ἐμβάλλειν.
853 1311 1009 1351 Similis
1029 1323 1204 1363 prorsus

318 1372 555 1425 descriptio
576 1372 908 1425 Xenophontoea
926 1373 970 1412 in
994 1373 1204 1425 regimine

316 1436 427 1487 pari.
481 1435 750 1487 Ephororum
778 1439 1040 1487 potestatem
1074 1441 1204 1488 atque

318 1498 626 1540 auctoritatem
635 1498 782 1539 multis
792 1497 931 1541 verbis
942 1503 989 1539 et-
1008 1499 1202 1552 partibus

321 1563 522 1615 exagitat
543 1560 799 1603 Aristoteles
818 1561 893 1603 lib.
911 1573 963 1604 11.
982 1566 1022 1604 7.
1051 1563 1205 1604 Politi-

319 1636 485 1666 corum.
514 1625 644 1664 Plato
660 1625 714 1665 de
734 1623 921 1676 Legibus
939 1624 1017 1665 lib.
1036 1636 1107 1666 ιιι.
1125 1624 1203 1677 ait,

318 1687 587 1740 Ephororum
606 1693 867 1740 potestatem
886 1692 1091 1740 tanquam
1118 1686 1204 1728 fre·

319 1763 422 1792 num
440 1751 649 1803 injectum
681 1763 776 1791 esse
815 1751 982 1803 Regum
1009 1750 1205 1803 imperio.

318 1817 441 1859 Idem
460 1818 534 1858 lib.
548 1811 610 1858 iv.
632 1817 754 1868 dicit,
771 1817 1039 1869 Ephororum
1049 1821 1204 1869 potes-

319 1885 456 1921 tatem
469 1879 648 1921 mirifice
664 1892 760 1920 esse
773 1879 1054 1932 tyrannicam.
1066 1878 1203 1925 Lamb.

319 1944 517 1985 Fuerunt
561 1943 695 1995 igitur
733 1943 927 1983 homines
970 1942 1204 1995 imperiosi,

321 2018 501 2059 quorum
522 2006 719 2059 exemplo
735 2005 781 2046 in
789 2004 1011 2046 Thessalia
1027 2005 1208 2057 AEdiles‚

320 2069 505 2112 Athenis
526 2067 732 2121 ἄρχοντες,
761 2073 808 2109 et
835 2073 987 2120 postea
1015 2068 1205 2109 instituti

318 2132 469 2172 Romae
489 2132 667 2172 Tribuni
695 2131 850 2182 plebis.
904 2131 1052 2171 Simile
1084 2131 1203 2184 quic-

320 2209 445 2249 quam
468 2197 643 2238 videtur
665 2197 781 2249 apud
801 2197 1050 2238 Genevates
1069 2196 1203 2238 fuisse

321 2261 508 2302 Senatus
537 2261 834 2302 ducentorum.
892 2261 1108 2302 Caeterum
1127 2273 1202 2301 no-

320 2324 512 2376 tandum,
543 2325 757 2377 Ephoros,
788 2328 840 2370 ut
871 2337 896 2364 a
920 2325 1203 2376 Theopompo

320 2387 560 2442 institutos,
579 2388 640 2428 sic
661 2400 687 2428 a
701 2388 934 2428 Cleomene
948 2392 1102 2439 postea
1128 2387 1203 2426 ab-

321 2456 496 2504 rogatos
527 2450 674 2502 fuisoe,
702 2460 883 2503 quorum
912 2455 1107 2502 potestas
1140 2456 1203 2490 ta-

319 2527 421 2557 men
439 2527 610 2567 semper
627 2526 782 2562 annua,
797 2513 910 2554 sicut
926 2514 1076 2554 Romae
1092 2514 1202 2555 Con-

323 2579 475 2620 sulum.
503 2579 705 2620 Keuchen.
746 2577 860 2618 Vide
876 2578 977 2619 Nic.
997 2578 1203 2630 Cragium

321 2643 377 2684 de
399 2655 492 2694 rep.
512 2642 670 2684 Laced.
684 2642 760 2683 lib.
781 2653 833 2682 ιι.
851 2645 892 2682 4.

330 2735 331 2738 ,
376 2707 488 2748 Hinc
517 2711 652 2747 tamen
686 2717 771 2746 sese
800 2703 1019 2757 expedivit]
1049 2704 1204 2746 Horat.

320 2771 461 2824 Epod.
479 2781 545 2812 xi.
563 2769 619 2811 de
638 2781 683 2810 se
699 2780 844 2810 amore
860 2768 1005 2809 vincto
1022 2779 1033 2806 :
1050 2773 1062 2791 ⁶
1076 2767 1205 2809 Unde

322 2833 529 2887 expedire
549 2846 636 2874 non
652 2833 885 2874 amicorum
902 2836 1063 2885 queant
1078 2831 1205 2873 Libe·

320 2909 371 2939 ta
389 2897 597 2939 consilia!
653 2897 862 2948 Eumene,
890 2897 903 2919 ‘
921 2897 1038 2937 Hinc
1059 2901 1202 2937 tamen

317 2960 469 3002 multis
483 2960 568 3000 suis
589 2960 752 3000 amissis
774 2972 818 2998 se
834 2959 1082 3011 expedivit)
1112 2959 1202 3000 An-

319 3023 483 3076 nibale,
509 3023 676 3064 Attico.
732 3022 885 3063 Cicero
913 3035 991 3074 pro
1009 3023 1199 3062 Milone:

320 3086 335 3111 ⁴
352 3087 400 3128 si
418 3087 510 3128 vita
527 3091 674 3127 nostra
699 3085 743 3125 in
763 3087 927 3139 aliquas
946 3085 1124 3125 insidias
1141 3086 1202 3125 in-

321 3149 505 3203 cideret,
521 3150 656 3191 omnis
671 3149 852 3190 honesta
870 3149 979 3189 ratio
998 3154 1111 3189 esset
1129 3161 1203 3188 ex-

323 3214 551 3266 pediendae
585 3212 761 3255 salutis!
817 3214 876 3255 Et
908 3212 954 3253 in
991 3210 1200 3253 Verrem:

323 3278 336 3300 ‘
352 3277 573 3328 Expedite
593 3290 638 3317 se
657 3290 711 3317 ex
733 3276 929 3330 laqueis?
964 3275 1164 3315 Gebhard.

379 3340 459 3380 Est
473 3352 597 3389 genus
614 3342 805 3391 quoddam
821 3337 1037 3389 hominum]
1082 3337 1206 3379 Illus-

325 3401 404 3444 tris
419 3403 661 3451 eruditione
681 3409 726 3442 et
744 3402 912 3458 meritis
941 3402 985 3441 in
1004 3412 1096 3440 rem
1113 3400 1206 3440 lite·

325 3464 480 3507 ruriam
506 3466 761 3510 clarissimus
800 3465 920 3506 Frid.
962 3463 1207 3507 Gronovius

704 240 884 281 NOTAE
923 240 1256 281 VARiORUM
1297 241 1364 281 ΙΝ
1406 243 1458 281 (¹5.
1492 241 1759 281 NEPOTlS

1265 361 1440 403 mallet:
1469 362 1548 402 Est
1571 374 1697 414 genus
1728 363 1921 414 quoddam
1946 360 2153 403 leomansi·

1264 423 1460 470 (Helotes
1476 424 1693 477 vocantur)
1711 437 1889 478 qaorum,
1905 428 1972 478 ᾅτ.
2017 425 2145 466 Com·

1264 490 1389 538 parat
1403 491 1547 529 autem
1565 489 1708 529 locum
1728 488 1844 528 Flori
1861 498 1934 529 111.
1953 491 1992 529 3.
2019 487 2032 510 ‘
2047 487 2143 528 Pri-

1265 561 1361 590 ores
1378 551 1595 592 Teutonos
1615 550 1694 597 sub
1707 551 1812 604 ipsis
1833 549 2011 604 Alpium
2028 549 2149 591 radi-'

1265 613 1386 654 cibus
1401 619 1639 661 assecutus,
1651 614 1813 669 (locum
1829 627 1956 668 aquas
1968 614 2147 655 Sextias

1266 677 1462 728 vocant,)
1479 690 1578 731 quo,
1597 677 1728 719 fidem
1758 678 2000 719 numinum!
2032 689 2144 731 prae-

1266 739 1324 779 lio
1352 741 1599 792 oppressit!
1653 742 1726 782 Sic
1759 742 1872 782 enim
1907 741 2148 794 scripserat

1265 800 1354 854 ille,
1381 802 1457 842 ubi
1495 803 1622 854 vulgo
1650 804 1915 858 ineptissime
1944 804 1988 845 in
2021 806 2148 846 locum

1265 877 1391 918 quem.
1419 865 1618 906 Boecler.

1321 927 1504 980 Helotes]
1539 928 1671 970 Illotoe
1699 929 1803 969 alias
1833 930 2004 971 heclotoe.
2059 931 2147 971 Ex-

1268 998 1424 1045 cerpta
1456 993 1507 1033 P.
1535 993 1745 1034 Danielis.
1799 993 1853 1033 In
1886 993 2046 1035 Graeco
2078 1000 2148 1036 est

1266 1055 1452 1096 Εἵλωτες·
1481 1056 1598 1096 unde
1626 1057 1804 1098 Helotes.
1860 1057 1997 1098 Erant
2028 1054 2151 1099 'servi

1266 1120 1437 1173 quidam
1499 1119 1661 1172 publici
1705 1120 2148 1173 Lacedaemoniorum,

1266 1183 1466 1236 praefecti
1486 1185 1598 1238 agris
1615 1184 1783 1224 arandis
1812 1196 1863 1226 ac
1882 1184 2148 1227 excolendis.

1267 1247 1339 1288 De
1355 1247 1506 1299 quibus
1526 1247 1623 1288 vide
1643 1248 1698 1288 sis
1730 1247 1908 1288 Suidam
1941 1248 1983 1288 in
2009 1247 2151 1302 Εἵλως,

1265 1310 1438 1353 Platon.
1476 1322 1543 1354 vr.
1589 1312 1644 1352 de
1673 1312 1878 1365 Legibus,
1922 1311 2148 1354 Aristotel.

1266 1375 1402 1416 Polit.
1424 1386 1477 1415 11.
1492 1378 1533 1416 ’1.
1556 1380 1602 1416 et
1615 1374 1773 1417 Janum
1796 1376 2075 1417 Gebhardum
2091 1376 2147 1417 ad

1265 1438 1424 1479 AEliani
1441 1437 1638 1489 ποικίλην,
1668 1438 1740 1479 lib.
1755 1450 1826 1479 111.
1852 1442 1922 1480 20.
1978 1438 2148 1480 Similes

1266 1496 1379 1555 apud
1399 1501 1624 1542 Thessalos
1636 1501 1839 1543 Penestae
1851 1502 2118 1543 habebantur
2134 1514 2148 1553 ς

1265 1577 1446 1618 quorum
1479 1570 1623 1606 tamen
1645 1570 1808 1605 tantum
1820 1565 1894 1618 jus
1914 1557 2015 1616 fuit,
2033 1571 2084 1606 ut
2103 1560 2155 1606 in*

1266 1628 1486 1669 civitatem
1524 1629 1778 1681 Spartanam
1821 1628 2003 1670 adscisci
2049 1642 2148 1683 pos·

1265 1697 1375 1734 sent.
1405 1693 1604 1734 Kenchen.

1319 1756 1410 1796 Hos
1428 1767 1573 1808 quoque
1600 1754 1814 1795 sollicitare
1836 1767 1903 1807 spe
1932 1753 2153 1808 libertatis]

1264 1816 1447 1858 Εἱλώτων
1464 1816 1570 1857 fides
1595 1822 1691 1857 erat
1717 1816 1944 1856 admodum
1972 1816 2150 1869 lubrica,

1265 1882 1507 1933 etimpulsu
1529 1881 1583 1920 ad
1598 1879 1877 1920 mutationem
1893 1875 2046 1921 facilis.
2066 1874 2149 1921 'De

1266 1957 1444 1998 quorum
1472 1943 1636 1983 insidiis
1666 1944 1710 1983 in
1744 1943 1950 1982 Dominos
1987 1941 2153 1982 Aristo·

1266 2010 1373 2049 teles
1385 2019 1458 2048 m.
1476 2011 1516 2047 7.
1533 2007 1585 2047 de
1597 2005 1912 2057 transfugiendi
1931 2005 1983 2045 ad
2002 2006 2148 2046 hostes

1264 2084 1399 2121 more,
1425 2071 1527 2112 belli
1552 2076 1762 2121 tempore,
1782 2069 1976 2121 Polyaen.
1996 2081 2028 2110 1.
2058 2069 2150 2110 Oc·

1265 2135 1403 2175 currit
1435 2135 1591 2186 saepius
1627 2133 1807 2173 verbum
1834 2133 2044 2172 sollicitare
2068 2132 2148 2173 hac

1263 2198 1454 2239 notione.
1485 2198 1628 2238 Caesar
1647 2197 1773 2236 Civil.
1794 2207 1867 2236 111.
1888 2199 1956 2235 21.
1990 2195 2150 2238 Caelius

1263 2261 1470 2302 Milonem
1505 2262 1518 2284 ‘
1534 2260 1579 2300 in
1605 2260 1814 2300 Turinum
1839 2259 1893 2299 ad
1919 2258 2150 2300 sollicitan-

1264 2323 1341 2363 dos
1360 2329 1557 2376 pastores
1579 2322 1813 2374 praemisit?
1842 2321 1954 2363 Ibid.
1969 2334 2064 2375 cap.
2080 2325 2149 2364 22.

1265 2386 1361 2426 Liv.
1394 2385 1467 2426 nb.
1499 2397 1663 2426 xxxw.
1712 2386 1835 2426 eurt.
1862 2386 1935 2427 nb.
1970 2378 2051 2427 ιιι.
2081 2390 2150 2428 18.

1263 2451 1276 2472 ‘
1296 2461 1393 2490 cum
1423 2448 1478 2488 ad
1512 2448 1748 2501 perniciem
1778 2449 1870 2501 ejus
1894 2450 2025 2490 etiam
2043 2460 2069 2490 a
2088 2450 2150 2490 la-

1265 2517 1359 2553 tere
1391 2512 1525 2564 ipsius
1558 2513 1739 2564 pecunia
1769 2513 2025 2554 sollicitaret
2059 2514 2154 2554 hos·

1265 2573 1352 2615 tis!
1421 2573 1586 2614 Auctor
1633 2575 1687 2614 de
1728 2574 1843 2614 Viris
1878 2573 2149 2616 illustribus:

1264 2637 1278 2660 ‘
1292 2636 1514 2678 Fabricius
1535 2637 1654 2688 prius
1673 2637 1787 2677 inter
1805 2638 1973 2690 legatos
1991 2638 2150 2679 sollici-

1266 2701 1349 2741 tari
1367 2712 1453 2740 non
1468 2699 1669 2753 poterat!
1701 2700 1900 2742 Gebhard.
1972 2698 1975 2699 ⁷

1321 2764 1432 2805 CAP.
1464 2766 1506 2803 4.
1548 2762 1693 2803 Amore
1731 2763 1897 2803 Vener-eo
1931 2763 2148 2816 dilexerat]

1263 2825 1534 2879 Thucydides
1571 2826 1716 2878 paullo
1763 2824 1982 2866 honestius
2017 2825 2111 2866 haec
2131 2838 2146 2868 ε

1265 2890 1362 2943 ἀνὴρ
1391 2888 1590 2943 Ἀργίλιος
1615 2887 1772 2929 παιδικά
1806 2888 1893 2928 ποτ’
1924 2889 1976 2928 ὢν
2017 2888 2150 2930 αὐτός.

1265 2956 1378 2997 Nam
1395 2952 1551 2995 παιδικὰ
1569 2965 1686 3004 saepe
1706 2964 1785 3004 pro
1801 2951 1979 2991 honesto
2005 2961 2151 2992 amore

1265 3017 1446 3069 capitur.
1508 3017 1698 3066 Legatnr
1735 3013 1901 3056 Suidas.
1948 3013 2150 3057 observa

1265 3078 1380 3133 quod
1415 3084 1461 3119 et
1493 3077 1658 3118 Probus
1696 3075 1899 3116 dissentit
1924 3088 1949 3116 a
1978 3076 2151 3130 Thucy-

1265 3142 1382 3194 dide,
1402 3141 1475 3194 qui
1494 3141 1606 3180 bunc
1629 3144 1720 3181 tum
1750 3139 1888 3179 virum
1921 3138 2053 3180 fuisse
2071 3139 2149 3192 ait,

1266 3218 1363 3246 cum
1396 3206 1543 3246 literas
1576 3204 1631 3243 ad
1662 3202 1921 3243 Artabazum
1941 3202 2150 3244 deferret.

1266 3268 1470 3309 Meminit
1500 3267 1624 3320 hujus
1655 3267 1717 3306 rei
1743 3266 1894 3306 Cicero
1914 3266 1956 3304 in
1974 3264 2149 3317 Topicis

1269 3330 1324 3372 ad
1340 3330 1606 3371 Trebatium.
1650 3329 1945 3380 Longatmczg.
2000 3330 2072 3369 De
2103 3340 2150 3369 a·

1268 3407 1389 3435 more
1425 3395 1499 3434 illo
1534 3394 1730 3433 Venereo
1768 3394 1863 3445 lege
1899 3391 2149 3433 Lucienum.

1268 3457 1412 3500 Amore
1436 3456 1626 3510 Venereo]
1658 3457 1840 3498 Veteres
1857 3456 2050 3498 scribunt
2075 3455 2149 3499 Ve-
