2306 3900
774 277 835 317 x.
903 277 1167 329 υιοΝΕΜ,
1210 279 1348 318 OAP.
1387 266 1438 318 1.

171 394 254 447 pias
272 394 392 450 τύχῃ,
413 393 586 448 καθάπερ
601 394 735 436 Κόνων
753 394 895 438 ἔπαθεν
912 398 934 436 ὁ
950 398 1060 446 Ἀθη·

175 472 368 562 Μέίποπ
386 522 635 575 Historicus]
660 521 944 563 Scribendum
981 524 1062 563 Di-

171 598 264 633 non,
279 585 352 638 qui
373 585 539 626 Graecis
557 584 718 626 Δείνων.
774 586 998 627 Plutarch.
1017 586 1062 626 in

1912 267 2021 320 529

1131 400 1246 452 Mag.
1292 400 1431 442 savar.
1495 399 1684 454 Scripsit
1720 399 1789 441 liic
1828 378 2025 450 Persica,

1130 470 1254 515 pater
1272 462 1354 503 fuit
1373 464 1598 515 Clitarchi,
1616 464 1810 517 vixitque
1826 470 2022 515 tempore

1131 527 1386 567 Artaxerxis
1419 527 1550 578 Ochi,
1578 534 1625 569 et
1664 529 1872 582 Philippi.
1918 529 2023 570 Geb-

1127 591 1241 630 hard.
1277 592 1348 630 De
1368 603 1452 643 quo
1472 591 1570 632 vide
1589 593 1799 645 Magnum
1818 594 2020 635 Vossium

170 649 380 691 Themist.
412 649 580 701 Ἔφορος
614 648 656 690 δὲ
692 648 758 689 καὶ
802 649 962 701 Δείνων,
998 649 1065 690 καὶ
1127 654 1183 694 de
1204 655 1350 695 Graec.
1370 654 1538 696 Histor.
1553 655 1626 695 lib.
1647 667 1709 696 lv.
1729 660 1768 696 8.

172 712 433 766 Κλείταρχος,
476 713 542 754 καὶ
595 714 862 767 Ἡρακλείδης.
927 715 1062 756 Athe-

170 789 288 818 naens
321 778 393 819 lib.
423 789 493 819 ιιι.
522 784 570 820 et
597 790 641 819 v.
680 779 844 831 Longol.
880 779 1062 820 Lambin.

1186 715 1389 767 Teribazo]
1436 716 1522 760 Qui
1558 717 1836 769 pedestribus
1881 720 2019 772 copiis

1128 784 1334 832 praeerat,
1345 784 1458 820 teste
1475 779 1659 821 Diodor.
1681 780 1810 822 Sicul.
1828 781 1903 823 lib.
1920 794 2019 825 xlv.

814 1223 913 1286 X.
1001 1224 1137 1334 DI
1174 1227 1237 1288 Ο
1276 1228 1368 1289 N.

223 1394 338 1436 Car.
352 1399 391 1436 l.
410 1397 534 1448 Dion,
552 1396 775 1450 Hipparini
779 1397 918 1452 filius]
949 1399 1054 1439 Dio·

169 1458 297 1503 dorus
314 1460 485 1501 Siculus
503 1461 577 1503 lib.
592 1474 690 1503 xvl.
719 1461 824 1504 Δίων
843 1463 865 1502 ὁ
882 1462 1055 1516 Ἱππαρί-

168 1540 267 1576 νου,.
285 1526 551 1584 Σνρουσίων
580 1526 765 1582 ὑπάρχων
794 1527 1054 1581 ἑπιφανέστα·

166 1604 248 1631 τος.
290 1589 402 1632 Vide
416 1591 593 1632 Suidam
612 1597 659 1633 et
677 1593 970 1634 Plutarchum.
991 1594 1054 1634 Μ.

165 1653 276 1695 Tull.
292 1654 460 1695 Tuscul.
480 1656 644 1698 Quaest.
660 1667 704 1697 v.
716 1655 862 1698 Valer.
877 1657 908 1698 1.
924 1667 997 1697 111.
1012 1660 1053 1697 8.

166 1717 198 1758 1.
213 1729 280 1759 xv.
297 1721 337 1758 1.
366 1717 530 1759 savaro.

221 1780 403 1832 Namque
437 1783 504 1822 ille
530 1781 724 1835 superior]
764 1783 926 1836 Major,
945 1783 1055 1825 anti-

166 1844 302 1896 quior.
358 1844 430 1885 Sic
466 1846 479 1868 ‘
502 1845 610 1886 Cato
648 1847 868 1900 superior'
905 1849 1054 1890 Valer.

166 1907 286 1948 Max.
306 1907 381 1949 lib.
398 1919 500 1950 vm.
519 1913 585 1950 16.
602 1909 676 1963 qui
696 1909 790 1950 aliis
809 1911 948 1963 major.
976 1912 1056 1952 Su-

166 1970 358 2022 per-iores
390 1970 532 2011 eidem
563 1972 575 1994 ‘
594 1971 802 2024 majores'
836 1971 912 2014 lib.
941 1985 989 2014 ιι.
1017 1977 1055 2015 1.

163 2033 176 2055 ‘
197 2033 390 2085 Majores
409 2039 513 2074 natu
543 2034 586 2075 in
613 2035 822 2075 conviviis
841 2035 896 2076 ad
927 2036 1057 2077 tibias

163 2097 342 2150 egregia
374 2098 642 2149 superiorum
688 2110 823 2150 opera
865 2099 1056 2140 carmine

163 2162 472 2214 comprehensa
520 2161 797 2215 pangebant)
852 2163 1054 2204 Gebhard.

163 2223 294 2265 Hunc
313 2223 426 2264 infra
445 2224 701 2278 Dionysium
731 2225 922 2267 Siculum
941 2227 1055 2280 prio-

162 2299 254 2328 rem
274 2293 415 2329 vocat.
447 2288 651 2329 Kenchen.
707 2289 1053 2344 Quiduodequa-

162 2351 362 2405 draginta
381 2365 513 2394 annos
546 2353 818 2406 tyrannidem
847 2354 1052 2405 obtinuit,

161 2430 258 2459 cum
278 2430 323 2460 v.
349 2426 397 2460 et
429 2430 510 2460 xx.
543 2431 676 2461 annos
703 2427 830 2461 natus
859 2419 1051 2461 domina·

162 2486 253 2522 tum
292 2487 566 2536 occupasset,
600 2482 741 2536 inquit
788 2482 852 2524 M.
889 2481 1052 2523 Tullius

158 2545 287 2586 Tusc.
304 2547 470 2589 Quaest.
489 2558 532 2588 v.
589 2547 647 2587 Et
670 2546 733 2587 ita
751 2546 968 2587 Diodorus
986 2546 1052 2587 Si·
1073 2546 1076 2549 ’

160 2608 282 2648 culus
301 2609 374 2651 lib.
393 2620 492 2651 xlv.
531 2609 628 2650 Μετ’
672 2607 810 2661 ὀλίγον
838 2608 881 2651 δὲ
910 2607 1053 2662 χρόνον

159 2670 361 2713 Διονύσιος
379 2671 433 2713 εἷς
458 2670 676 2725 ἆῤῥωστίαν
698 2670 877 2723 ἐμπέσων
892 2671 1050 2713 ἐτελεύ·

109 2740 113 2747 ’
158 2747 273 2783 τησε,
313 2734 577 2777 δυναστεύσας
614 2734 686 2785 ἔτη
727 2734 939 2789 τριάκοντα
984 2735 1050 2776 καὶ

158 2796 276 2839 ὀκτώ.
303 2798 487 2840 Lambin.

215 2861 510 2903 Aristomachen
555 2875 726 2903 sororem
763 2862 929 2916 Dionis]
974 2863 1048 2904 Sic

160 2923 379 2965 Diodorus
394 2924 468 2965 lib.
491 2936 587 2966 xtv.
626 2925 793 2966 Habuit
812 2926 925 2967 enim
946 2925 1049 2967 duas

158 2997 312 3027 uxores
333 2987 572 3040 Dionysius
593 2988 806 3040 superior,
829 3000 957 3041 unam
975 3001 1050 3030 no·

158 3049 273 3090 mine
290 3049 459 3098 Lorida,
479 3051 655 3092 natione
671 3051 870 3104 Locram,
887 3053 1048 3094 Xeneti

158 3111 239 3152 viri
257 3112 412 3153 civium
430 3125 601 3155 snorum
621 3113 870 3156 nobilissimi
889 3114 1047 3167 filiam3

157 3175 335 3216 alteram
369 3176 696 3228 Syracusanam,
728 3177 899 3219 nomine
932 3177 1050 3219 Aris·

158 3238 416 3288 tomacham,
449 3238 680 3291 Hipparini
711 3238 859 3291 filiam,
894 3241 1048 3282 Dionis

157 3313 362 3344 sororem.
389 3303 513 3343 Idem.
541 3303 712 3355 Easque
727 3315 811 3344 uuo
826 3303 896 3343 die
907 3303 1046 3345 duxit.

157 3363 347 3404 AElianns
366 3371 519 3417 aperte
539 3379 550 3405 :
584 3365 627 3405 ἐν
649 3366 720 3418 μιᾷ
747 3363 871 3419 ἡμέρᾳ
894 3364 962 3406 δύο
978 3381 1049 3418 γυ-

157 3429 288 3469 vanas
317 3427 496 3480 ἠγάγετο
528 3428 748 3482 Διονύσιος,
778 3428 944 3483 Δωρίδα,
974 3430 1051 3479 τὴν

155 3490 336 3545 Λοκρίδα,
346 3492 410 3532 καὶ
422 3492 714 3546 Ἀρισταινέτην
725 3494 802 3544 τὴν
814 3494 1051 3550 Ἱππαρίνου,

269 3559 413 3612 ΒείρΙι.
433 3565 471 3600 el
495 3561 589 3602 γαν.
613 3563 719 3604 Clas.

1036 3564 1141 3616 Nep.

1120 1398 1267 1441 Δίωνος
1285 1399 1328 1441 δὲ
1344 1399 1533 1453 ἀδελφήν.
1588 1401 1647 1441 Et
1665 1400 1863 1453 adjungit
1881 1401 2018 1442 conti-

1121 1475 1206 1503 nuo
1243 1464 1559 1516 polygamiam:
1607 1462 1684 1503 Καὶ
1716 1463 1805 1516 παρ’
1833 1463 2019 1516 ἑκατέραν

1121 1525 1288 1568 ἐπαύετο
1307 1527 1351 1567 ἐν
1366 1528 1423 1579 τῷ
1445 1525 1567 1580 μέρει.
1595 1525 1663 1575 καὶ
1679 1525 1706 1575 ἦ
1723 1524 1797 1577 μὲν
1811 1526 2020 1575 ἠκολούθει

1122 1589 1434 1644 στρατευομένῳ,
1468 1590 1496 1640 ἡ
1530 1589 1573 1631 δὲ
1610 1589 1854 1640 ἐπανήκοντα
1886 1590 2020 1632 ὑπεδέ-

1122 1646 1236 1706 χετο.
1268 1656 1374 1696 Var.
1410 1655 1527 1696 Hist.
1557 1654 1638 1695 lib.
1667 1666 1772 1696 xm.
1825 1654 1928 1694 Vid.
1962 1654 2018 1695 ad

1122 1725 1351 1772 utrumqne
1372 1720 1511 1761 locum
1546 1719 1685 1760 Notas
1706 1719 1771 1765 cl.
1791 1717 2018 1759 Schefferi.

1122 1783 1187 1824 M.
1212 1783 1380 1824 Tullius
1412 1784 1591 1825 Tuscul.
1618 1774 1696 1825 lib.
1717 1795 1760 1824 v.
1787 1784 1800 1806 ‘
1821 1784 2017 1837 Cumque

1123 1845 1229 1887 duas
1258 1858 1414 1888 uxores
1447 1846 1643 1899 haberet,
1668 1845 2018 1888 Aristomachum

1124 1910 1260 1951 civem
1281 1922 1415 1962 suam,
1434 1910 1642 1951 Doridem
1661 1915 1807 1951 autem
1828 1911 2016 1951 Locren-

1125 1985 1241 2023 sem;
1269 1973 1331 2014 sic
1359 1979 1492 2014 noctu
1522 1972 1576 2013 ad
1596 1985 1667 2014 eas
1686 1973 1948 2026 ventitabat,
1966 1979 2016 2015 ut

1124 2036 1267 2077 omnia
1285 2038 1599 2090 specularetur,
1611 2042 1656 2078 et
1669 2042 2018 2091 perscrutaretur

1123 2099 1257 2141 ante.'
1854 2100 1857 2108 “

1177 2162 1332 2203 Habuit
1381 2162 1424 2202 in
1470 2161 1742 2214 matrimonio]
1795 2163 1922 2215 Supr.
1969 2163 2014 2203 in

1122 2225 1306 2266 Praefat.
1334 2226 1347 2250 ‘
1367 2237 1558 2266 sororem
1579 2237 1823 2278 germanam
1853 2225 2016 2266 habere

1118 2290 1162 2330 in
1200 2289 1504 2331 matrimonio!
1569 2290 1621 2331 In
1659 2290 1839 2331 Cimone
1886 2289 2012 2332 totid.

1104 2381 1107 2384 -
1119 2354 1277 2396 verbis.
1307 2353 1471 2394 savaro.

1173 2419 1244 2458 Ex
1269 2431 1345 2471 qua
1380 2419 1478 2458 duos
1500 2417 1629 2472 filios,
1662 2417 1938 2470 Hipparinum
1972 2421 2013 2458 et

1121 2480 1333 2535 Nysoeum]
1373 2480 1591 2522 Diodorus
1622 2482 1807 2534 Siculus,
1843 2482 2015 2534 Hippa-

1119 2545 1260 2585 rinum
1292 2549 1339 2585 et
1368 2545 1622 2586 Narsaeum:
1671 2545 1930 2586 Plutarchus
1967 2544 2012 2584 in

1118 2608 1281 2658 Dione,
1310 2619 1395 2647 non
1422 2612 1555 2659 negat
1588 2607 1760 2661 quidem
1792 2607 1882 2659 ille,
1912 2607 2017 2648 Dio·

1118 2671 1241 2723 nysio
1274 2670 1424 2724 majori
1461 2683 1514 2710 ex
1551 2670 1854 2713 Aristomacha
1901 2669 2013 2711 filios

1117 2747 1211 2776 esse
1232 2740 1376 2786 natos,
1402 2735 1479 2776 sed
1511 2735 1677 2786 scribit,
1708 2747 1763 2775 ex
1784 2734 2014 2787 peregriua

1036 2830 1039 2834 .
1117 2798 1388 2851 Dionysium,
1418 2798 1540 2851 cujus
1573 2797 1642 2838 hic
1669 2797 1762 2838 vita
1793 2797 2014 2850 scribitur,

1115 2867 1347 2914 atitequam
1375 2861 1448 2902 illa
1477 2859 1655 2914 gravida
1687 2859 1830 2911 fieret,
1861 2866 2012 2901 natum

1117 2938 1234 2975 esse3
1264 2930 1310 2966 et
1330 2924 1667 2966 Aristomachum
1698 2923 1771 2964 diu
1800 2923 2012 2965 infoecun·

1116 2987 1215 3029 dam
1234 2986 1381 3029 fuisse.
1410 2987 1494 3028 Sed
1512 2986 1627 3041 quod
1646 2986 1700 3027 ad
1723 2999 1812 3028 rem
1833 2987 2011 3038 attinet,

1117 3051 1381 3093 Plutarchus
1420 3049 1558 3092 tradit
1603 3048 1771 3091 Areten
1818 3050 2010 3102 nupsisse

1117 3115 1236 3169 prius
1273 3115 1498 3156 Thearidae
1534 3115 1734 3167 Dionysii
1765 3114 1915 3164 fratri3
1957 3126 2010 3155 eo

1116 3185 1287 3221 mortuo
1303 3191 1426 3230 vero,
1444 3179 1592 3226 Dioni,
1611 3191 1708 3219 cum
1721 3183 1837 3219 essct
1852 3178 2009 3220 sororis

1115 3242 1220 3283 tilia.
1276 3243 1349 3283 Sic
1369 3242 1629 3282 Plutarchus
1660 3241 1701 3280 in
1732 3242 1897 3283 Dione:
1928 3245 2009 3285 Σω-

1116 3303 1291 3358 φροσύνη
1309 3303 1381 3354 μὲν
1398 3302 1587 3355 Διονυσίῳ
1604 3305 1661 3355 τῷ·
1685 3304 1752 3356 vidi
1770 3304 2010 3359 συνῴκησεν,

1115 3366 1257 3420 Ἀρέτη
1278 3366 1321 3407 δὲ
1345 3365 1509 3420 Θεαρίδῃ
1537 3369 1594 3419 τῷ
1618 3366 1791 3420 ἀδελφῷ.
1818 3370 2009 3419 τελευτή-

1117 3446 1259 3472 σαντος
1296 3429 1339 3471 δὲ
1374 3432 1446 3470 τοῦ
1481 3430 1655 3483 ἀδελφοῦ
1685 3431 1871 3485 Θεαρίδου
1905 3434 2008 3475 Δίων

1118 3494 1265 3542 ἔλαβεν
1284 3493 1447 3548 Ἀρέτην
1466 3494 1677 3547 ἀδελφιδῆν
1694 3493 1828 3539 οὖσαν.
1884 3497 2006 3538 Idem
2075 3506 2085 3511 “

1801 3566 1892 3605 21.
