<?xml version="1.0" encoding="UTF-8"?>
<!DOCTYPE html PUBLIC "-//W3C//DTD XHTML 1.0 Transitional//EN"
    "http://www.w3.org/TR/xhtml1/DTD/xhtml1-transitional.dtd">
<html xmlns="http://www.w3.org/1999/xhtml" xml:lang="en" lang="en">
 <head>
  <title>
</title>
<meta http-equiv="Content-Type" content="text/html;charset=utf-8" />
  <meta name='ocr-system' content='tesseract 3.04.00' />
  <meta name='ocr-capabilities' content='ocr_page ocr_carea ocr_par ocr_line ocrx_word'/>
</head>
<body>
  <div class='ocr_page' id='page_1' title='image "./vitaeexcellentiu02nepouoft_0186.png"; bbox 0 0 2306 3900; ppageno 0'>
   <div class='ocr_carea' id='block_1_1' title="bbox 348 264 458 319">
    <p class='ocr_par' dir='ltr' id='par_1_1' title="bbox 348 264 458 319">
     <span class='ocr_line' id='line_1_1' title="bbox 348 264 458 319; baseline -0.009 0"><span class='ocrx_word' id='word_1_1' title='bbox 348 264 458 319; x_wconf 85' lang='lat'><strong>608</strong></span> 
     </span>
    </p>
   </div>
   <div class='ocr_carea' id='block_1_2' title="bbox 346 394 1232 688">
    <p class='ocr_par' dir='ltr' id='par_1_2' title="bbox 346 394 1232 688">
     <span class='ocr_line' id='line_1_2' title="bbox 347 394 1232 438; baseline -0.005 0"><span class='ocrx_word' id='word_1_2' title='bbox 347 396 532 438; x_wconf 60' lang='lat' dir='ltr'><strong>vatent)</strong></span> <span class='ocrx_word' id='word_1_3' title='bbox 567 396 679 437; x_wconf 86' lang='lat' dir='ltr'><strong>Cera</strong></span> <span class='ocrx_word' id='word_1_4' title='bbox 693 407 798 436; x_wconf 87' lang='lat' dir='ltr'><strong>vero</strong></span> <span class='ocrx_word' id='word_1_5' title='bbox 815 394 1111 436; x_wconf 73' lang='lat' dir='ltr'><strong>circumlinere</strong></span> <span class='ocrx_word' id='word_1_6' title='bbox 1124 394 1232 435; x_wconf 82' lang='lat' dir='ltr'><strong>Per-</strong></span> 
     </span>
     <span class='ocr_line' id='line_1_3' title="bbox 348 457 1232 501; baseline -0.002 0"><span class='ocrx_word' id='word_1_7' title='bbox 348 472 490 501; x_wconf 81' lang='lat' dir='ltr'><strong>sarum</strong></span> <span class='ocrx_word' id='word_1_8' title='bbox 509 457 641 499; x_wconf 86' lang='lat' dir='ltr'><strong>fuisse</strong></span> <span class='ocrx_word' id='word_1_9' title='bbox 667 458 802 499; x_wconf 84' lang='lat' dir='ltr'>refert</span> <span class='ocrx_word' id='word_1_10' title='bbox 821 459 1072 500; x_wconf 86' lang='lat' dir='ltr'><strong>Herodotus</strong></span> <span class='ocrx_word' id='word_1_11' title='bbox 1103 457 1179 499; x_wconf 89' lang='lat' dir='ltr'><strong>lib.</strong></span> <span class='ocrx_word' id='word_1_12' title='bbox 1197 470 1232 499; x_wconf 88' lang='lat'><strong>1.</strong></span> 
     </span>
     <span class='ocr_line' id='line_1_4' title="bbox 349 520 1232 575; baseline -0.002 -12"><span class='ocrx_word' id='word_1_13' title='bbox 349 527 398 563; x_wconf 89' lang='lat' dir='ltr'><strong>et</strong></span> <span class='ocrx_word' id='word_1_14' title='bbox 428 522 580 562; x_wconf 89' lang='lat' dir='ltr'><strong>Cicero</strong></span> <span class='ocrx_word' id='word_1_15' title='bbox 609 523 781 563; x_wconf 86' lang='lat' dir='ltr'><strong>Tuscul.</strong></span> <span class='ocrx_word' id='word_1_16' title='bbox 807 532 841 562; x_wconf 87' lang='lat'><strong>1.</strong></span> <span class='ocrx_word' id='word_1_17' title='bbox 899 522 1036 562; x_wconf 87' lang='lat' dir='ltr'><strong>Plura</strong></span> <span class='ocrx_word' id='word_1_18' title='bbox 1070 521 1144 575; x_wconf 89' lang='lat' dir='ltr'><strong>qui</strong></span> <span class='ocrx_word' id='word_1_19' title='bbox 1178 520 1232 562; x_wconf 89' lang='lat' dir='ltr'><strong>de</strong></span> 
     </span>
     <span class='ocr_line' id='line_1_5' title="bbox 346 584 1230 637; baseline 0 -13"><span class='ocrx_word' id='word_1_20' title='bbox 346 584 614 625; x_wconf 82' lang='lat' dir='ltr'><strong>funeralibus</strong></span> <span class='ocrx_word' id='word_1_21' title='bbox 644 586 925 637; x_wconf 72' lang='lat' dir='ltr'><strong>scripserumt,</strong></span> <span class='ocrx_word' id='word_1_22' title='bbox 951 585 995 624; x_wconf 92' lang='lat' dir='ltr'><strong>in</strong></span> <span class='ocrx_word' id='word_1_23' title='bbox 1030 584 1096 624; x_wconf 89' lang='lat' dir='ltr'><strong>his</strong></span> <span class='ocrx_word' id='word_1_24' title='bbox 1128 584 1230 625; x_wconf 91' lang='lat' dir='ltr'><strong>Pet.</strong></span> 
     </span>
     <span class='ocr_line' id='line_1_6' title="bbox 349 646 1228 688; baseline 0 -2"><span class='ocrx_word' id='word_1_25' title='bbox 349 647 570 687; x_wconf 90' lang='lat' dir='ltr'><strong>Bellonius</strong></span> <span class='ocrx_word' id='word_1_26' title='bbox 604 660 655 688; x_wconf 90' lang='lat' dir='ltr'><strong>ac</strong></span> <span class='ocrx_word' id='word_1_27' title='bbox 685 648 737 688; x_wconf 92' lang='lat' dir='ltr'><strong>P.</strong></span> <span class='ocrx_word' id='word_1_28' title='bbox 756 646 989 688; x_wconf 87' lang='lat' dir='ltr'><strong>Victorius.</strong></span> <span class='ocrx_word' id='word_1_29' title='bbox 1038 647 1139 687; x_wconf 86' lang='lat' dir='ltr'><strong>Var.</strong></span> <span class='ocrx_word' id='word_1_30' title='bbox 1154 647 1228 686; x_wconf 86' lang='lat' dir='ltr'><strong>lib.</strong></span> 
     </span>
    </p>
   </div>
   <div class='ocr_carea' id='block_1_3' title="bbox 349 709 1229 814">
    <p class='ocr_par' dir='ltr' id='par_1_3' title="bbox 349 709 1229 814">
     <span class='ocr_line' id='line_1_7' title="bbox 349 709 1229 754; baseline 0.001 -5"><span class='ocrx_word' id='word_1_31' title='bbox 349 720 395 750; x_wconf 83' lang='lat' dir='ltr'><strong>x.</strong></span> <span class='ocrx_word' id='word_1_32' title='bbox 414 713 453 750; x_wconf 89' lang='grc'><strong>6.</strong></span> <span class='ocrx_word' id='word_1_33' title='bbox 507 711 634 754; x_wconf 87' lang='lat' dir='ltr'><strong>Joan.</strong></span> <span class='ocrx_word' id='word_1_34' title='bbox 671 710 987 751; x_wconf 88' lang='lat' dir='ltr'><strong>Kirchmannus</strong></span> <span class='ocrx_word' id='word_1_35' title='bbox 1017 709 1094 751; x_wconf 89' lang='lat' dir='ltr'><strong>lib.</strong></span> <span class='ocrx_word' id='word_1_36' title='bbox 1126 721 1160 750; x_wconf 89' lang='lat'><strong>1.</strong></span> <span class='ocrx_word' id='word_1_37' title='bbox 1188 713 1229 750; x_wconf 89' lang='lat'><strong>8.</strong></span> 
     </span>
     <span class='ocr_line' id='line_1_8' title="bbox 349 771 504 814; baseline 0.006 -1"><span class='ocrx_word' id='word_1_38' title='bbox 349 771 504 814; x_wconf 76' lang='lat' dir='ltr'><strong>Schott.</strong></span> 
     </span>
    </p>
   </div>
   <div class='ocr_carea' id='block_1_4' title="bbox 727 275 1792 318">
    <p class='ocr_par' dir='ltr' id='par_1_4' title="bbox 727 275 1792 318">
     <span class='ocr_line' id='line_1_9' title="bbox 727 275 1792 318; baseline 0 -1"><span class='ocrx_word' id='word_1_39' title='bbox 727 277 907 317; x_wconf 80' lang='lat' dir='ltr'><strong>No&#39;rAE</strong></span> <span class='ocrx_word' id='word_1_40' title='bbox 947 275 1286 316; x_wconf 76' lang='lat' dir='ltr'><strong>VARIORUM</strong></span> <span class='ocrx_word' id='word_1_41' title='bbox 1328 277 1394 317; x_wconf 86' lang='lat' dir='ltr'><strong>IN</strong></span> <span class='ocrx_word' id='word_1_42' title='bbox 1437 279 1486 318; x_wconf 80' lang='lat' dir='ltr'><strong>C.</strong></span> <span class='ocrx_word' id='word_1_43' title='bbox 1525 277 1792 317; x_wconf 83' lang='lat' dir='ltr'><strong>NEPOTIS</strong></span> 
     </span>
    </p>
   </div>
   <div class='ocr_carea' id='block_1_5' title="bbox 1297 393 2181 815">
    <p class='ocr_par' dir='ltr' id='par_1_5' title="bbox 1297 393 2181 815">
     <span class='ocr_line' id='line_1_10' title="bbox 1307 393 2178 448; baseline 0.001 -12"><span class='ocrx_word' id='word_1_44' title='bbox 1307 409 1310 415; x_wconf 91' lang='grc'><strong><em>·</em></strong></span> <span class='ocrx_word' id='word_1_45' title='bbox 1352 395 1483 448; x_wconf 78' lang='lat' dir='ltr'><strong>Atque</strong></span> <span class='ocrx_word' id='word_1_46' title='bbox 1493 395 1554 436; x_wconf 81' lang='lat' dir='ltr'><strong>ita</strong></span> <span class='ocrx_word' id='word_1_47' title='bbox 1571 396 1725 436; x_wconf 81' lang='lat' dir='ltr'><strong>domam</strong></span> <span class='ocrx_word' id='word_1_48' title='bbox 1738 394 1978 448; x_wconf 79' lang='lat' dir='ltr'><strong>retulerunt]</strong></span> <span class='ocrx_word' id='word_1_49' title='bbox 1993 393 2178 448; x_wconf 75' lang='lat' dir='ltr'><strong>Legibus</strong></span> 
     </span>
     <span class='ocr_line' id='line_1_11' title="bbox 1299 458 2178 510; baseline 0.002 -12"><span class='ocrx_word' id='word_1_50' title='bbox 1299 458 1413 499; x_wconf 89' lang='lat' dir='ltr'><strong>enim</strong></span> <span class='ocrx_word' id='word_1_51' title='bbox 1438 459 1655 510; x_wconf 77' lang='lat' dir='ltr'><strong>adstricti,</strong></span> <span class='ocrx_word' id='word_1_52' title='bbox 1680 459 1822 510; x_wconf 82' lang='lat' dir='ltr'>Reges</span> <span class='ocrx_word' id='word_1_53' title='bbox 1847 469 1944 498; x_wconf 89' lang='lat' dir='ltr'><strong>suos</strong></span> <span class='ocrx_word' id='word_1_54' title='bbox 1974 458 2178 500; x_wconf 83' lang='lat' dir='ltr'><strong>Lacedae·</strong></span> 
     </span>
     <span class='ocr_line' id='line_1_12' title="bbox 1298 521 2179 564; baseline 0.002 -2"><span class='ocrx_word' id='word_1_55' title='bbox 1298 521 1429 562; x_wconf 89' lang='lat' dir='ltr'><strong>monii</strong></span> <span class='ocrx_word' id='word_1_56' title='bbox 1470 521 1642 563; x_wconf 89' lang='lat' dir='ltr'><strong>domum</strong></span> <span class='ocrx_word' id='word_1_57' title='bbox 1671 522 1801 561; x_wconf 86' lang='lat' dir='ltr'><strong>etiam</strong></span> <span class='ocrx_word' id='word_1_58' title='bbox 1829 525 2022 563; x_wconf 88' lang='lat' dir='ltr'><strong>mortuos</strong></span> <span class='ocrx_word' id='word_1_59' title='bbox 2053 522 2179 564; x_wconf 86' lang='lat' dir='ltr'><strong>redu-</strong></span> 
     </span>
     <span class='ocr_line' id='line_1_13' title="bbox 1298 585 2178 638; baseline 0.002 -13"><span class='ocrx_word' id='word_1_60' title='bbox 1298 596 1398 625; x_wconf 86' lang='lat' dir='ltr'><strong>cere</strong></span> <span class='ocrx_word' id='word_1_61' title='bbox 1424 585 1703 638; x_wconf 76' lang='lat' dir='ltr'><strong>cogebantur,</strong></span> <span class='ocrx_word' id='word_1_62' title='bbox 1731 589 1914 625; x_wconf 88' lang='lat' dir='ltr'><strong>caeteros</strong></span> <span class='ocrx_word' id='word_1_63' title='bbox 1942 585 2074 626; x_wconf 88' lang='lat' dir='ltr'><strong>duces</strong></span> <span class='ocrx_word' id='word_1_64' title='bbox 2093 590 2178 627; x_wconf 85' lang='lat' dir='ltr'><strong>n‘on</strong></span> 
     </span>
     <span class='ocr_line' id='line_1_14' title="bbox 1298 647 2180 700; baseline 0.002 -12"><span class='ocrx_word' id='word_1_65' title='bbox 1298 647 1580 700; x_wconf 81' lang='lat' dir='ltr'><strong>cogebantur.</strong></span> <span class='ocrx_word' id='word_1_66' title='bbox 1608 648 1834 699; x_wconf 73' lang='lat' dir='ltr'><strong>Longolius.</strong></span> <span class='ocrx_word' id='word_1_67' title='bbox 1891 648 2004 689; x_wconf 87' lang='lat' dir='ltr'><strong>Vide</strong></span> <span class='ocrx_word' id='word_1_68' title='bbox 2019 650 2180 690; x_wconf 82' lang='lat' dir='ltr'><strong>Turne·</strong></span> 
     </span>
     <span class='ocr_line' id='line_1_15' title="bbox 1298 709 2181 754; baseline 0.003 -3"><span class='ocrx_word' id='word_1_69' title='bbox 1298 711 1399 751; x_wconf 87' lang='lat' dir='ltr'><strong>bum</strong></span> <span class='ocrx_word' id='word_1_70' title='bbox 1419 711 1494 752; x_wconf 87' lang='lat' dir='ltr'><strong>lib.</strong></span> <span class='ocrx_word' id='word_1_71' title='bbox 1514 722 1645 752; x_wconf 80' lang='lat' dir='ltr'><strong>xxvr.</strong></span> <span class='ocrx_word' id='word_1_72' title='bbox 1661 715 1728 752; x_wconf 77' lang='lat'><strong>33.</strong></span> <span class='ocrx_word' id='word_1_73' title='bbox 1757 717 1803 752; x_wconf 90' lang='lat' dir='ltr'><strong>et</strong></span> <span class='ocrx_word' id='word_1_74' title='bbox 1821 711 1887 753; x_wconf 85' lang='lat' dir='ltr'><strong>bis</strong></span> <span class='ocrx_word' id='word_1_75' title='bbox 1905 709 2015 754; x_wconf 89' lang='lat' dir='ltr'><strong>infra</strong></span> <span class='ocrx_word' id='word_1_76' title='bbox 2032 713 2078 753; x_wconf 88' lang='lat' dir='ltr'><strong>in</strong></span> <span class='ocrx_word' id='word_1_77' title='bbox 2096 713 2181 754; x_wconf 81' lang='lat' dir='ltr'><strong>Eu·</strong></span> 
     </span>
     <span class='ocr_line' id='line_1_16' title="bbox 1297 785 1611 815; baseline 0.013 -2"><span class='ocrx_word' id='word_1_78' title='bbox 1297 785 1437 815; x_wconf 88' lang='lat' dir='ltr'><strong>mene.</strong></span> <span class='ocrx_word' id='word_1_79' title='bbox 1607 789 1611 792; x_wconf 75' lang='grc'><strong>’</strong></span> 
     </span>
    </p>
   </div>
   <div class='ocr_carea' id='block_1_6' title="bbox 789 1234 1742 1302">
    <p class='ocr_par' dir='ltr' id='par_1_6' title="bbox 789 1234 1742 1302">
     <span class='ocr_line' id='line_1_17' title="bbox 789 1234 1742 1302; baseline 0.005 -7"><span class='ocrx_word' id='word_1_80' title='bbox 789 1234 1047 1296; x_wconf 88' lang='lat' dir='ltr'><strong>XVIII.</strong></span> <span class='ocrx_word' id='word_1_81' title='bbox 1148 1235 1742 1302; x_wconf 85' lang='lat' dir='ltr'><strong>EUMENES.</strong></span> 
     </span>
    </p>
   </div>
   <div class='ocr_carea' id='block_1_7' title="bbox 343 1407 1238 3543">
    <p class='ocr_par' dir='ltr' id='par_1_7' title="bbox 347 1407 1236 2339">
     <span class='ocr_line' id='line_1_18' title="bbox 358 1407 1232 1460; baseline 0.001 -11"><span class='ocrx_word' id='word_1_82' title='bbox 358 1448 361 1449; x_wconf 16' lang='lat'><em>⁷</em></span> <span class='ocrx_word' id='word_1_83' title='bbox 407 1407 517 1448; x_wconf 79' lang='grc' dir='ltr'><strong>ΟΑΡ.</strong></span> <span class='ocrx_word' id='word_1_84' title='bbox 538 1410 577 1447; x_wconf 90' lang='grc'><strong>1.</strong></span> <span class='ocrx_word' id='word_1_85' title='bbox 606 1408 817 1458; x_wconf 74' lang='lat' dir='ltr'><strong>Eumenes,</strong></span> <span class='ocrx_word' id='word_1_86' title='bbox 843 1407 1083 1460; x_wconf 74' lang='lat' dir='ltr'><strong>Cardianus]</strong></span> <span class='ocrx_word' id='word_1_87' title='bbox 1101 1409 1232 1450; x_wconf 92' lang='lat' dir='ltr'><strong>·Male</strong></span> 
     </span>
     <span class='ocr_line' id='line_1_19' title="bbox 351 1467 1230 1513; baseline 0.005 -4"><span class='ocrx_word' id='word_1_88' title='bbox 351 1469 427 1509; x_wconf 88' lang='lat' dir='ltr'><strong>alii</strong></span> <span class='ocrx_word' id='word_1_89' title='bbox 446 1469 722 1511; x_wconf 79' lang='lat' dir='ltr'><strong>Sardinianus.</strong></span> <span class='ocrx_word' id='word_1_90' title='bbox 777 1471 971 1513; x_wconf 88' lang='lat' dir='ltr'><strong>Frontin.</strong></span> <span class='ocrx_word' id='word_1_91' title='bbox 999 1472 1075 1512; x_wconf 91' lang='lat' dir='ltr'><strong>lib.</strong></span> <span class='ocrx_word' id='word_1_92' title='bbox 1091 1467 1159 1511; x_wconf 79' lang='grc' dir='ltr'><strong>ἰν.</strong></span> <span class='ocrx_word' id='word_1_93' title='bbox 1190 1476 1230 1513; x_wconf 75' lang='lat'><strong>7.</strong></span> 
     </span>
     <span class='ocr_line' id='line_1_20' title="bbox 347 1533 1231 1578; baseline 0.002 -5"><span class='ocrx_word' id='word_1_94' title='bbox 347 1533 586 1578; x_wconf 62' lang='lat' dir='ltr'><strong>fEunienes</strong></span> <span class='ocrx_word' id='word_1_95' title='bbox 598 1534 837 1575; x_wconf 78' lang='lat' dir='ltr'><strong>Cardianus</strong></span> <span class='ocrx_word' id='word_1_96' title='bbox 852 1546 904 1575; x_wconf 87' lang='lat' dir='ltr'><strong>ex</strong></span> <span class='ocrx_word' id='word_1_97' title='bbox 918 1535 1231 1576; x_wconf 83' lang='lat' dir='ltr'><strong>successoribus</strong></span> 
     </span>
     <span class='ocr_line' id='line_1_21' title="bbox 348 1594 1232 1648; baseline 0.005 -13"><span class='ocrx_word' id='word_1_98' title='bbox 348 1594 588 1637; x_wconf 82' lang='lat' dir='ltr'><strong>Alexandri</strong></span> <span class='ocrx_word' id='word_1_99' title='bbox 616 1597 794 1648; x_wconf 68' lang='lat' dir='ltr'><strong>Magni!</strong></span> <span class='ocrx_word' id='word_1_100' title='bbox 850 1596 1017 1639; x_wconf 87' lang='lat' dir='ltr'><strong>Auctor</strong></span> <span class='ocrx_word' id='word_1_101' title='bbox 1042 1598 1232 1639; x_wconf 89' lang='lat' dir='ltr'><strong>Scholio-</strong></span> 
     </span>
     <span class='ocr_line' id='line_1_22' title="bbox 348 1657 1230 1714; baseline 0.005 -16"><span class='ocrx_word' id='word_1_102' title='bbox 348 1670 442 1698; x_wconf 87' lang='lat' dir='ltr'><strong>rum</strong></span> <span class='ocrx_word' id='word_1_103' title='bbox 461 1659 506 1698; x_wconf 90' lang='lat' dir='ltr'><strong>in</strong></span> <span class='ocrx_word' id='word_1_104' title='bbox 526 1657 823 1712; x_wconf 82' lang='lat' dir='ltr'><strong>Aristophanis</strong></span> <span class='ocrx_word' id='word_1_105' title='bbox 837 1659 978 1702; x_wconf 82' lang='lat' dir='ltr'><strong>Aves:</strong></span> <span class='ocrx_word' id='word_1_106' title='bbox 997 1659 1144 1714; x_wconf 79' lang='grc' dir='ltr'>Καρδία</span> <span class='ocrx_word' id='word_1_107' title='bbox 1159 1661 1230 1701; x_wconf 81' lang='grc' dir='ltr'><strong>πό-</strong></span> 
     </span>
     <span class='ocr_line' id='line_1_23' title="bbox 350 1721 1235 1777; baseline 0.003 -15"><span class='ocrx_word' id='word_1_108' title='bbox 350 1729 414 1762; x_wconf 79' lang='grc' dir='ltr'><strong>λις</strong></span> <span class='ocrx_word' id='word_1_109' title='bbox 424 1721 590 1776; x_wconf 72' lang='grc' dir='ltr'>Θρᾴκης,</span> <span class='ocrx_word' id='word_1_110' title='bbox 609 1721 656 1771; x_wconf 74' lang='grc' dir='ltr'><strong>ἧς</strong></span> <span class='ocrx_word' id='word_1_111' title='bbox 670 1723 707 1764; x_wconf 77' lang='grc' dir='ltr'><strong>οἵ</strong></span> <span class='ocrx_word' id='word_1_112' title='bbox 722 1725 881 1764; x_wconf 80' lang='grc' dir='ltr'><strong>πολῖται</strong></span> <span class='ocrx_word' id='word_1_113' title='bbox 893 1723 1109 1777; x_wconf 76' lang='grc' dir='ltr'><strong>Καρδιανοί.</strong></span> <span class='ocrx_word' id='word_1_114' title='bbox 1130 1725 1235 1765; x_wconf 82' lang='lat' dir='ltr'><strong>Geb-</strong></span> 
     </span>
     <span class='ocr_line' id='line_1_24' title="bbox 347 1788 1235 1842; baseline 0.001 -13"><span class='ocrx_word' id='word_1_115' title='bbox 347 1788 460 1830; x_wconf 80' lang='lat' dir='ltr'><strong>hard.</strong></span> <span class='ocrx_word' id='word_1_116' title='bbox 506 1788 577 1829; x_wconf 94' lang='lat' dir='ltr'><strong>Ab</strong></span> <span class='ocrx_word' id='word_1_117' title='bbox 597 1790 704 1842; x_wconf 85' lang='lat' dir='ltr'><strong>aliis,</strong></span> <span class='ocrx_word' id='word_1_118' title='bbox 722 1789 1016 1842; x_wconf 89' lang='lat' dir='ltr'><strong>Cardiopolis:</strong></span> <span class='ocrx_word' id='word_1_119' title='bbox 1038 1794 1135 1842; x_wconf 87' lang='lat' dir='ltr'><strong>post</strong></span> <span class='ocrx_word' id='word_1_120' title='bbox 1153 1790 1235 1842; x_wconf 86' lang='lat' dir='ltr'><strong>Ly-</strong></span> 
     </span>
     <span class='ocr_line' id='line_1_25' title="bbox 349 1843 1233 1906; baseline 0.002 -15"><span class='ocrx_word' id='word_1_121' title='bbox 349 1851 555 1892; x_wconf 86' lang='lat' dir='ltr'><strong>simachia</strong></span> <span class='ocrx_word' id='word_1_122' title='bbox 588 1852 735 1896; x_wconf 82' lang='lat' dir='ltr'><strong>dicta:</strong></span> <span class='ocrx_word' id='word_1_123' title='bbox 759 1843 1010 1893; x_wconf 87' lang='lat' dir='ltr'><strong>Alexander</strong></span> <span class='ocrx_word' id='word_1_124' title='bbox 1028 1852 1233 1906; x_wconf 84' lang='lat' dir='ltr'><strong>Myndius</strong></span> 
     </span>
     <span class='ocr_line' id='line_1_26' title="bbox 348 1914 1234 1967; baseline 0.002 -13"><span class='ocrx_word' id='word_1_125' title='bbox 348 1914 460 1954; x_wconf 87' lang='lat' dir='ltr'><strong>hanc</strong></span> <span class='ocrx_word' id='word_1_126' title='bbox 495 1915 719 1956; x_wconf 87' lang='lat' dir='ltr'><strong>civitatem</strong></span> <span class='ocrx_word' id='word_1_127' title='bbox 740 1915 784 1955; x_wconf 92' lang='lat' dir='ltr'><strong>in</strong></span> <span class='ocrx_word' id='word_1_128' title='bbox 811 1915 1012 1956; x_wconf 89' lang='lat' dir='ltr'><strong>Eumenis</strong></span> <span class='ocrx_word' id='word_1_129' title='bbox 1051 1916 1234 1967; x_wconf 83' lang='lat' dir='ltr'><strong>gratiam</strong></span> 
     </span>
     <span class='ocr_line' id='line_1_27' title="bbox 348 1976 1235 2031; baseline 0.003 -13"><span class='ocrx_word' id='word_1_130' title='bbox 348 1976 577 2019; x_wconf 88' lang='lat' dir='ltr'><strong>immunem</strong></span> <span class='ocrx_word' id='word_1_131' title='bbox 592 1990 617 2019; x_wconf 90' lang='lat' dir='ltr'><strong>a</strong></span> <span class='ocrx_word' id='word_1_132' title='bbox 631 1978 806 2019; x_wconf 87' lang='lat' dir='ltr'><strong>tributis</strong></span> <span class='ocrx_word' id='word_1_133' title='bbox 817 1979 1063 2031; x_wconf 86' lang='lat' dir='ltr'><strong>Philippum</strong></span> <span class='ocrx_word' id='word_1_134' title='bbox 1077 1978 1235 2022; x_wconf 84' lang='lat' dir='ltr'><strong>fecisse</strong></span> 
     </span>
     <span class='ocr_line' id='line_1_28' title="bbox 349 2041 1235 2094; baseline 0.005 -13"><span class='ocrx_word' id='word_1_135' title='bbox 349 2041 517 2083; x_wconf 82' lang='lat' dir='ltr'><strong>scribit.</strong></span> <span class='ocrx_word' id='word_1_136' title='bbox 557 2042 726 2094; x_wconf 86' lang='lat' dir='ltr'><strong>Longol.</strong></span> <span class='ocrx_word' id='word_1_137' title='bbox 782 2043 852 2083; x_wconf 88' lang='lat' dir='ltr'><strong>De</strong></span> <span class='ocrx_word' id='word_1_138' title='bbox 882 2044 1074 2084; x_wconf 84' lang='lat' dir='ltr'><strong>Eumene</strong></span> <span class='ocrx_word' id='word_1_139' title='bbox 1101 2044 1235 2086; x_wconf 85' lang='lat' dir='ltr'><strong>Diod.</strong></span> 
     </span>
     <span class='ocr_line' id='line_1_29' title="bbox 350 2106 1236 2149; baseline 0.003 -3"><span class='ocrx_word' id='word_1_140' title='bbox 350 2116 475 2146; x_wconf 82' lang='lat' dir='ltr'><strong>xvn.</strong></span> <span class='ocrx_word' id='word_1_141' title='bbox 493 2110 539 2146; x_wconf 91' lang='lat' dir='ltr'><strong>et</strong></span> <span class='ocrx_word' id='word_1_142' title='bbox 568 2116 704 2146; x_wconf 84' lang='lat' dir='ltr'><strong>xv111.</strong></span> <span class='ocrx_word' id='word_1_143' title='bbox 759 2106 981 2148; x_wconf 85' lang='lat' dir='ltr'><strong>Plutarch.</strong></span> <span class='ocrx_word' id='word_1_144' title='bbox 1004 2108 1152 2148; x_wconf 88' lang='lat' dir='ltr'><strong>Front.</strong></span> <span class='ocrx_word' id='word_1_145' title='bbox 1169 2119 1236 2149; x_wconf 79' lang='grc' dir='ltr'><strong>ιν.</strong></span> 
     </span>
     <span class='ocr_line' id='line_1_30' title="bbox 349 2166 1233 2212; baseline 0.006 -5"><span class='ocrx_word' id='word_1_146' title='bbox 349 2172 391 2208; x_wconf 81' lang='grc'><strong>7.</strong></span> <span class='ocrx_word' id='word_1_147' title='bbox 418 2166 519 2209; x_wconf 89' lang='lat' dir='ltr'><strong>infr.</strong></span> <span class='ocrx_word' id='word_1_148' title='bbox 549 2169 592 2208; x_wconf 88' lang='lat' dir='ltr'><strong>iu</strong></span> <span class='ocrx_word' id='word_1_149' title='bbox 613 2169 871 2209; x_wconf 85' lang='lat' dir='ltr'><strong>Hannibale.</strong></span> <span class='ocrx_word' id='word_1_150' title='bbox 889 2169 1030 2211; x_wconf 83' lang='lat' dir='ltr'><strong>Savar.</strong></span> <span class='ocrx_word' id='word_1_151' title='bbox 1071 2170 1233 2212; x_wconf 87' lang='lat' dir='ltr'><strong>Justin.</strong></span> 
     </span>
     <span class='ocr_line' id='line_1_31' title="bbox 350 2235 1233 2288; baseline 0.008 -17"><span class='ocrx_word' id='word_1_152' title='bbox 350 2242 454 2273; x_wconf 84' lang='lat' dir='ltr'><strong>xm.</strong></span> <span class='ocrx_word' id='word_1_153' title='bbox 474 2239 521 2272; x_wconf 89' lang='lat' dir='ltr'><strong>et</strong></span> <span class='ocrx_word' id='word_1_154' title='bbox 540 2243 638 2273; x_wconf 78' lang='lat' dir='ltr'><strong>x1v.</strong></span> <span class='ocrx_word' id='word_1_155' title='bbox 693 2235 774 2274; x_wconf 89' lang='lat' dir='ltr'><strong>Est</strong></span> <span class='ocrx_word' id='word_1_156' title='bbox 805 2240 852 2276; x_wconf 89' lang='lat' dir='ltr'><strong>et</strong></span> <span class='ocrx_word' id='word_1_157' title='bbox 885 2236 1000 2288; x_wconf 84' lang='lat' dir='ltr'><strong>apud</strong></span> <span class='ocrx_word' id='word_1_158' title='bbox 1038 2236 1233 2278; x_wconf 89' lang='lat' dir='ltr'><strong>Curtium</strong></span> 
     </span>
     <span class='ocr_line' id='line_1_32' title="bbox 350 2294 936 2339; baseline 0.005 -4"><span class='ocrx_word' id='word_1_159' title='bbox 350 2299 398 2335; x_wconf 87' lang='lat' dir='ltr'><strong>et</strong></span> <span class='ocrx_word' id='word_1_160' title='bbox 416 2294 646 2336; x_wconf 88' lang='lat' dir='ltr'><strong>Arrianum</strong></span> <span class='ocrx_word' id='word_1_161' title='bbox 666 2296 744 2336; x_wconf 90' lang='lat' dir='ltr'><strong>viri</strong></span> <span class='ocrx_word' id='word_1_162' title='bbox 763 2298 936 2339; x_wconf 89' lang='lat' dir='ltr'><strong>mentio.</strong></span> 
     </span>
    </p>

    <p class='ocr_par' dir='ltr' id='par_1_8' title="bbox 349 2358 1234 2664">
     <span class='ocr_line' id='line_1_33' title="bbox 406 2358 1233 2413; baseline 0.005 -15"><span class='ocrx_word' id='word_1_163' title='bbox 406 2358 500 2399; x_wconf 81' lang='lat' dir='ltr'><strong>Non</strong></span> <span class='ocrx_word' id='word_1_164' title='bbox 513 2359 579 2399; x_wconf 80' lang='lat' dir='ltr'><strong>ille</strong></span> <span class='ocrx_word' id='word_1_165' title='bbox 594 2359 747 2410; x_wconf 81' lang='lat' dir='ltr'><strong>quidem</strong></span> <span class='ocrx_word' id='word_1_166' title='bbox 764 2362 905 2413; x_wconf 70' lang='lat' dir='ltr'><strong>maior]</strong></span> <span class='ocrx_word' id='word_1_167' title='bbox 926 2362 997 2402; x_wconf 90' lang='lat' dir='ltr'><strong>Sic</strong></span> <span class='ocrx_word' id='word_1_168' title='bbox 1018 2362 1233 2402; x_wconf 89' lang='lat' dir='ltr'><strong>Membra-</strong></span> 
     </span>
     <span class='ocr_line' id='line_1_34' title="bbox 349 2422 1233 2476; baseline 0.005 -15"><span class='ocrx_word' id='word_1_169' title='bbox 349 2433 417 2462; x_wconf 81' lang='lat' dir='ltr'><strong>nae</strong></span> <span class='ocrx_word' id='word_1_170' title='bbox 437 2422 629 2472; x_wconf 87' lang='lat' dir='ltr'><strong>Schotti;</strong></span> <span class='ocrx_word' id='word_1_171' title='bbox 659 2423 720 2463; x_wconf 87' lang='lat' dir='ltr'><strong>sic</strong></span> <span class='ocrx_word' id='word_1_172' title='bbox 739 2429 784 2463; x_wconf 90' lang='lat' dir='ltr'><strong>et</strong></span> <span class='ocrx_word' id='word_1_173' title='bbox 803 2425 976 2476; x_wconf 84' lang='lat' dir='ltr'><strong>Magius</strong></span> <span class='ocrx_word' id='word_1_174' title='bbox 994 2430 1040 2465; x_wconf 92' lang='lat' dir='ltr'><strong>et</strong></span> <span class='ocrx_word' id='word_1_175' title='bbox 1058 2425 1233 2466; x_wconf 89' lang='lat' dir='ltr'><strong>Savaro.</strong></span> 
     </span>
     <span class='ocr_line' id='line_1_35' title="bbox 350 2484 1234 2539; baseline 0.003 -14"><span class='ocrx_word' id='word_1_176' title='bbox 350 2484 584 2525; x_wconf 87' lang='lat' dir='ltr'><strong>Lambinus</strong></span> <span class='ocrx_word' id='word_1_177' title='bbox 592 2484 741 2534; x_wconf 80' lang='lat' dir='ltr'><strong>suisset</strong></span> <span class='ocrx_word' id='word_1_178' title='bbox 756 2486 936 2539; x_wconf 89' lang='lat' dir='ltr'><strong>adjecit,</strong></span> <span class='ocrx_word' id='word_1_179' title='bbox 952 2492 1000 2528; x_wconf 90' lang='lat' dir='ltr'><strong>ut</strong></span> <span class='ocrx_word' id='word_1_180' title='bbox 1012 2492 1112 2528; x_wconf 88' lang='lat' dir='ltr'><strong>ante</strong></span> <span class='ocrx_word' id='word_1_181' title='bbox 1126 2489 1234 2528; x_wconf 91' lang='lat' dir='ltr'><strong>Lon-</strong></span> 
     </span>
     <span class='ocr_line' id='line_1_36' title="bbox 351 2547 1234 2600; baseline 0.005 -13"><span class='ocrx_word' id='word_1_182' title='bbox 351 2547 488 2600; x_wconf 88' lang='lat' dir='ltr'><strong>golius</strong></span> <span class='ocrx_word' id='word_1_183' title='bbox 506 2549 689 2589; x_wconf 74' lang='lat' dir='ltr'><strong>evasisset</strong></span> <span class='ocrx_word' id='word_1_184' title='bbox 697 2562 713 2596; x_wconf 93' lang='lat'><strong>,·</strong></span> <span class='ocrx_word' id='word_1_185' title='bbox 739 2550 879 2590; x_wconf 83' lang='lat' dir='ltr'><strong>male:</strong></span> <span class='ocrx_word' id='word_1_186' title='bbox 911 2551 1103 2591; x_wconf 87' lang='lat' dir='ltr'><strong>exaudiri</strong></span> <span class='ocrx_word' id='word_1_187' title='bbox 1121 2551 1234 2591; x_wconf 88' lang='lat' dir='ltr'><strong>enim</strong></span> 
     </span>
     <span class='ocr_line' id='line_1_37' title="bbox 351 2610 847 2664; baseline 0.006 -13"><span class='ocrx_word' id='word_1_188' title='bbox 351 2610 482 2652; x_wconf 85' lang='lat' dir='ltr'><strong>facile</strong></span> <span class='ocrx_word' id='word_1_189' title='bbox 503 2617 661 2664; x_wconf 86' lang='lat' dir='ltr'><strong>potest.</strong></span> <span class='ocrx_word' id='word_1_190' title='bbox 691 2613 847 2654; x_wconf 75' lang='lat' dir='ltr'><strong>Schott.</strong></span> 
     </span>
    </p>

    <p class='ocr_par' dir='ltr' id='par_1_9' title="bbox 343 2674 1238 3343">
     <span class='ocr_line' id='line_1_38' title="bbox 408 2674 1235 2725; baseline 0.004 -12"><span class='ocrx_word' id='word_1_191' title='bbox 408 2674 523 2720; x_wconf 82' lang='lat' dir='ltr'><strong>Quod</strong></span> <span class='ocrx_word' id='word_1_192' title='bbox 551 2687 715 2725; x_wconf 80' lang='lat' dir='ltr'><strong>magnos</strong></span> <span class='ocrx_word' id='word_1_193' title='bbox 745 2675 917 2716; x_wconf 79' lang='lat' dir='ltr'><strong>homines</strong></span> <span class='ocrx_word' id='word_1_194' title='bbox 943 2675 1092 2716; x_wconf 78' lang='lat' dir='ltr'><strong>virtute</strong></span> <span class='ocrx_word' id='word_1_195' title='bbox 1122 2675 1235 2716; x_wconf 79' lang='lat' dir='ltr'><strong>meti-</strong></span> 
     </span>
     <span class='ocr_line' id='line_1_39' title="bbox 350 2737 1234 2791; baseline 0.002 -13"><span class='ocrx_word' id='word_1_196' title='bbox 350 2749 458 2788; x_wconf 82' lang='lat' dir='ltr'><strong>mur,</strong></span> <span class='ocrx_word' id='word_1_197' title='bbox 489 2749 565 2778; x_wconf 88' lang='lat' dir='ltr'><strong>non</strong></span> <span class='ocrx_word' id='word_1_198' title='bbox 587 2737 775 2791; x_wconf 79' lang='lat' dir='ltr'><strong>fortuna]</strong></span> <span class='ocrx_word' id='word_1_199' title='bbox 808 2739 952 2780; x_wconf 91' lang='lat' dir='ltr'><strong>Probo</strong></span> <span class='ocrx_word' id='word_1_200' title='bbox 971 2740 1082 2780; x_wconf 90' lang='lat' dir='ltr'><strong>hanc</strong></span> <span class='ocrx_word' id='word_1_201' title='bbox 1101 2740 1234 2791; x_wconf 89' lang='lat' dir='ltr'><strong>scrip-</strong></span> 
     </span>
     <span class='ocr_line' id='line_1_40' title="bbox 352 2801 1235 2854; baseline 0.002 -15"><span class='ocrx_word' id='word_1_202' title='bbox 352 2804 492 2840; x_wconf 84' lang='lat' dir='ltr'><strong>turam</strong></span> <span class='ocrx_word' id='word_1_203' title='bbox 521 2801 657 2853; x_wconf 87' lang='lat' dir='ltr'><strong>magis</strong></span> <span class='ocrx_word' id='word_1_204' title='bbox 682 2814 807 2854; x_wconf 89' lang='lat' dir='ltr'><strong>quam</strong></span> <span class='ocrx_word' id='word_1_205' title='bbox 835 2802 949 2842; x_wconf 86' lang='lat' dir='ltr'><strong>illam</strong></span> <span class='ocrx_word' id='word_1_206' title='bbox 972 2814 1026 2842; x_wconf 88' lang='lat' dir='ltr'><strong>ex</strong></span> <span class='ocrx_word' id='word_1_207' title='bbox 1046 2801 1235 2843; x_wconf 86' lang='lat' dir='ltr'><strong>Officina</strong></span> 
     </span>
     <span class='ocr_line' id='line_1_41' title="bbox 352 2862 1238 2916; baseline 0.003 -14"><span class='ocrx_word' id='word_1_208' title='bbox 352 2862 670 2915; x_wconf 85' lang='lat' dir='ltr'><strong>Correctorum,</strong></span> <span class='ocrx_word' id='word_1_209' title='bbox 717 2865 830 2910; x_wconf 81' lang='lat' dir='ltr'><strong><em>Quod</em></strong></span> <span class='ocrx_word' id='word_1_210' title='bbox 864 2877 1024 2916; x_wconf 80' lang='lat' dir='ltr'><strong>magnos</strong></span> <span class='ocrx_word' id='word_1_211' title='bbox 1066 2865 1238 2907; x_wconf 74' lang='lat' dir='ltr'><strong>homines</strong></span> 
     </span>
     <span class='ocr_line' id='line_1_42' title="bbox 351 2925 1236 2980; baseline 0.007 -17"><span class='ocrx_word' id='word_1_212' title='bbox 351 2925 501 2975; x_wconf 64' lang='lat' dir='ltr'><strong>virtute</strong></span> <span class='ocrx_word' id='word_1_213' title='bbox 515 2928 731 2967; x_wconf 82' lang='lat' dir='ltr'><strong>metiuntur</strong></span> <span class='ocrx_word' id='word_1_214' title='bbox 742 2940 817 2967; x_wconf 88' lang='lat' dir='ltr'><strong>non</strong></span> <span class='ocrx_word' id='word_1_215' title='bbox 824 2929 993 2977; x_wconf 81' lang='lat' dir='ltr'><strong>fortuna</strong></span> <span class='ocrx_word' id='word_1_216' title='bbox 1003 2930 1216 2980; x_wconf 73' lang='lat' dir='ltr'><strong>prudentes</strong></span> <span class='ocrx_word' id='word_1_217' title='bbox 1221 2941 1236 2976; x_wconf 89' lang='lat'><em>;</em></span> 
     </span>
     <span class='ocr_line' id='line_1_43' title="bbox 350 2985 1235 3042; baseline 0.005 -17"><span class='ocrx_word' id='word_1_218' title='bbox 350 2985 551 3031; x_wconf 83' lang='lat' dir='ltr'><strong>nimirum</strong></span> <span class='ocrx_word' id='word_1_219' title='bbox 568 2988 684 3040; x_wconf 87' lang='lat' dir='ltr'><strong>quod</strong></span> <span class='ocrx_word' id='word_1_220' title='bbox 705 3001 787 3028; x_wconf 89' lang='lat' dir='ltr'><strong>non</strong></span> <span class='ocrx_word' id='word_1_221' title='bbox 803 2990 995 3041; x_wconf 88' lang='lat' dir='ltr'><strong>capiunt,</strong></span> <span class='ocrx_word' id='word_1_222' title='bbox 1012 3003 1036 3030; x_wconf 85' lang='lat' dir='ltr'><strong>e</strong></span> <span class='ocrx_word' id='word_1_223' title='bbox 1053 2990 1235 3042; x_wconf 86' lang='lat' dir='ltr'><strong>vestigio</strong></span> 
     </span>
     <span class='ocr_line' id='line_1_44' title="bbox 351 3051 1233 3103; baseline 0.005 -15"><span class='ocrx_word' id='word_1_224' title='bbox 351 3054 620 3103; x_wconf 86' lang='lat' dir='ltr'><strong>pervertunt.</strong></span> <span class='ocrx_word' id='word_1_225' title='bbox 673 3051 746 3091; x_wconf 90' lang='lat' dir='ltr'><strong>Sic</strong></span> <span class='ocrx_word' id='word_1_226' title='bbox 775 3053 918 3103; x_wconf 90' lang='lat' dir='ltr'><strong>paullo</strong></span> <span class='ocrx_word' id='word_1_227' title='bbox 945 3058 1047 3092; x_wconf 89' lang='lat' dir='ltr'><strong>ante</strong></span> <span class='ocrx_word' id='word_1_228' title='bbox 1073 3053 1233 3103; x_wconf 85' lang='lat' dir='ltr'><strong>legito:</strong></span> 
     </span>
     <span class='ocr_line' id='line_1_45' title="bbox 353 3111 1237 3166; baseline 0.003 -15"><span class='ocrx_word' id='word_1_229' title='bbox 353 3111 448 3152; x_wconf 89' lang='lat' dir='ltr'><strong>Non</strong></span> <span class='ocrx_word' id='word_1_230' title='bbox 477 3112 543 3152; x_wconf 84' lang='lat' dir='ltr'><strong>ille</strong></span> <span class='ocrx_word' id='word_1_231' title='bbox 574 3113 727 3165; x_wconf 76' lang='lat' dir='ltr'><strong>quidem</strong></span> <span class='ocrx_word' id='word_1_232' title='bbox 743 3114 881 3166; x_wconf 73' lang='lat' dir='ltr'><strong>major,</strong></span> <span class='ocrx_word' id='word_1_233' title='bbox 907 3116 973 3154; x_wconf 85' lang='lat' dir='ltr'><strong>sed</strong></span> <span class='ocrx_word' id='word_1_234' title='bbox 992 3116 1111 3155; x_wconf 82' lang='lat' dir='ltr'><strong>multo</strong></span> <span class='ocrx_word' id='word_1_235' title='bbox 1129 3115 1237 3154; x_wconf 81' lang='lat' dir='ltr'><strong>illus-</strong></span> 
     </span>
     <span class='ocr_line' id='line_1_46' title="bbox 354 3175 1237 3228; baseline 0.006 -14"><span class='ocrx_word' id='word_1_236' title='bbox 354 3175 457 3215; x_wconf 77' lang='lat' dir='ltr'><strong>trior</strong></span> <span class='ocrx_word' id='word_1_237' title='bbox 473 3181 589 3228; x_wconf 81' lang='lat' dir='ltr'><strong>atque</strong></span> <span class='ocrx_word' id='word_1_238' title='bbox 606 3177 725 3217; x_wconf 81' lang='lat' dir='ltr'><strong>etiam</strong></span> <span class='ocrx_word' id='word_1_239' title='bbox 743 3178 992 3219; x_wconf 78' lang='lat' dir='ltr'><strong>honoratior.-</strong></span> <span class='ocrx_word' id='word_1_240' title='bbox 1020 3179 1163 3220; x_wconf 91' lang='lat' dir='ltr'><strong>deleto</strong></span> <span class='ocrx_word' id='word_1_241' title='bbox 1180 3181 1237 3219; x_wconf 79' lang='grc' dir='ltr'><strong>τῶ</strong></span> 
     </span>
     <span class='ocr_line' id='line_1_47' title="bbox 343 3237 1237 3292; baseline 0.004 -15"><span class='ocrx_word' id='word_1_242' title='bbox 343 3237 505 3292; x_wconf 76' lang='lat' dir='ltr'><strong>suisset,</strong></span> <span class='ocrx_word' id='word_1_243' title='bbox 523 3238 578 3278; x_wconf 86' lang='lat' dir='ltr'><strong>ad</strong></span> <span class='ocrx_word' id='word_1_244' title='bbox 609 3239 899 3280; x_wconf 87' lang='lat' dir='ltr'><strong>sustinendam</strong></span> <span class='ocrx_word' id='word_1_245' title='bbox 928 3241 1186 3281; x_wconf 88' lang='lat' dir='ltr'><strong>sententiam</strong></span> <span class='ocrx_word' id='word_1_246' title='bbox 1212 3253 1237 3281; x_wconf 86' lang='lat' dir='ltr'><strong>a</strong></span> 
     </span>
     <span class='ocr_line' id='line_1_48' title="bbox 355 3300 1100 3343; baseline 0.008 -6"><span class='ocrx_word' id='word_1_247' title='bbox 355 3301 676 3341; x_wconf 86' lang='lat' dir='ltr'><strong>correctoribus</strong></span> <span class='ocrx_word' id='word_1_248' title='bbox 694 3300 867 3342; x_wconf 83' lang='lat' dir='ltr'><strong>insulto.</strong></span> <span class='ocrx_word' id='word_1_249' title='bbox 900 3302 1100 3343; x_wconf 80' lang='lat' dir='ltr'><strong>Gebhard.</strong></span> 
     </span>
    </p>

    <p class='ocr_par' dir='ltr' id='par_1_10' title="bbox 355 3362 1237 3543">
     <span class='ocr_line' id='line_1_49' title="bbox 414 3362 1237 3418; baseline 0.007 -18"><span class='ocrx_word' id='word_1_250' title='bbox 414 3362 564 3407; x_wconf 80' lang='lat' dir='ltr'><strong>Quibus</strong></span> <span class='ocrx_word' id='word_1_251' title='bbox 582 3364 814 3405; x_wconf 80' lang='lat' dir='ltr'><strong>Macedones</strong></span> <span class='ocrx_word' id='word_1_252' title='bbox 818 3365 1031 3418; x_wconf 83' lang='lat' dir='ltr'><strong>florerent]</strong></span> <span class='ocrx_word' id='word_1_253' title='bbox 1048 3366 1237 3418; x_wconf 87' lang='lat' dir='ltr'><strong>Propter</strong></span> 
     </span>
     <span class='ocr_line' id='line_1_50' title="bbox 355 3422 1236 3479; baseline 0.008 -17"><span class='ocrx_word' id='word_1_254' title='bbox 355 3422 604 3479; x_wconf 74' lang='lat' dir='ltr'><strong>Philippum</strong></span> <span class='ocrx_word' id='word_1_255' title='bbox 621 3425 821 3478; x_wconf 84' lang='lat' dir='ltr'><strong>Amyntae</strong></span> <span class='ocrx_word' id='word_1_256' title='bbox 840 3428 973 3468; x_wconf 84' lang='lat' dir='ltr'><strong>filium</strong></span> <span class='ocrx_word' id='word_1_257' title='bbox 989 3435 1033 3470; x_wconf 89' lang='lat' dir='ltr'><strong>et</strong></span> <span class='ocrx_word' id='word_1_258' title='bbox 1050 3428 1236 3469; x_wconf 85' lang='lat' dir='ltr'><strong>Alexan-</strong></span> 
     </span>
     <span class='ocr_line' id='line_1_51' title="bbox 356 3484 1235 3543; baseline 0.008 -17"><span class='ocrx_word' id='word_1_259' title='bbox 356 3484 480 3527; x_wconf 85' lang='lat' dir='ltr'><strong>drum</strong></span> <span class='ocrx_word' id='word_1_260' title='bbox 498 3487 717 3541; x_wconf 79' lang='lat' dir='ltr'><strong>Magnum,</strong></span> <span class='ocrx_word' id='word_1_261' title='bbox 749 3491 821 3543; x_wconf 90' lang='lat' dir='ltr'><strong>qui</strong></span> <span class='ocrx_word' id='word_1_262' title='bbox 849 3503 916 3532; x_wconf 89' lang='lat' dir='ltr'><strong>res</strong></span> <span class='ocrx_word' id='word_1_263' title='bbox 937 3492 1121 3534; x_wconf 86' lang='lat' dir='ltr'><strong>omnium</strong></span> <span class='ocrx_word' id='word_1_264' title='bbox 1140 3493 1235 3533; x_wconf 90' lang='lat' dir='ltr'><strong>Ma·</strong></span> 
     </span>
    </p>
   </div>
   <div class='ocr_carea' id='block_1_8' title="bbox 1297 1408 2186 3543">
    <p class='ocr_par' dir='ltr' id='par_1_11' title="bbox 1297 1408 2178 1527">
     <span class='ocr_line' id='line_1_52' title="bbox 1297 1408 2178 1463; baseline -0.003 -10"><span class='ocrx_word' id='word_1_265' title='bbox 1297 1412 1508 1453; x_wconf 87' lang='lat' dir='ltr'><strong>cedonum</strong></span> <span class='ocrx_word' id='word_1_266' title='bbox 1539 1412 1744 1452; x_wconf 73' lang='lat' dir='ltr'><strong>maximas</strong></span> <span class='ocrx_word' id='word_1_267' title='bbox 1773 1413 2013 1463; x_wconf 85' lang='lat' dir='ltr'><strong>gesserunt.</strong></span> <span class='ocrx_word' id='word_1_268' title='bbox 2039 1408 2178 1450; x_wconf 77' lang='lat' dir='ltr'><strong>Lamb-</strong></span> 
     </span>
     <span class='ocr_line' id='line_1_53' title="bbox 1297 1475 1990 1527; baseline -0.003 -12"><span class='ocrx_word' id='word_1_269' title='bbox 1297 1475 1409 1515; x_wconf 87' lang='lat' dir='ltr'><strong>Vide</strong></span> <span class='ocrx_word' id='word_1_270' title='bbox 1428 1475 1455 1517; x_wconf 89' lang='lat' dir='ltr'>J</span> <span class='ocrx_word' id='word_1_271' title='bbox 1461 1476 1645 1515; x_wconf 90' lang='lat' dir='ltr'><strong>ustinum</strong></span> <span class='ocrx_word' id='word_1_272' title='bbox 1665 1475 1740 1516; x_wconf 90' lang='lat' dir='ltr'><strong>lib.</strong></span> <span class='ocrx_word' id='word_1_273' title='bbox 1760 1485 1934 1527; x_wconf 59' lang='lat' dir='ltr'><strong>xxxm.</strong></span> <span class='ocrx_word' id='word_1_274' title='bbox 1952 1477 1990 1514; x_wconf 82' lang='lat'><strong>2.</strong></span> 
     </span>
    </p>

    <p class='ocr_par' dir='ltr' id='par_1_12' title="bbox 1297 1536 2182 1717">
     <span class='ocr_line' id='line_1_54' title="bbox 1355 1536 2182 1590; baseline -0.004 -11"><span class='ocrx_word' id='word_1_275' title='bbox 1355 1539 1582 1579; x_wconf 74' lang='lat' dir='ltr'><strong>Domestica</strong></span> <span class='ocrx_word' id='word_1_276' title='bbox 1598 1551 1745 1579; x_wconf 80' lang='lat' dir='ltr'><strong>summo</strong></span> <span class='ocrx_word' id='word_1_277' title='bbox 1764 1536 1926 1590; x_wconf 79' lang='lat' dir='ltr'><strong>genere]</strong></span> <span class='ocrx_word' id='word_1_278' title='bbox 1952 1536 2086 1578; x_wconf 86' lang='lat' dir='ltr'><strong>Duris</strong></span> <span class='ocrx_word' id='word_1_279' title='bbox 2103 1536 2182 1577; x_wconf 88' lang='lat' dir='ltr'><strong>Sa-</strong></span> 
     </span>
     <span class='ocr_line' id='line_1_55' title="bbox 1297 1600 2182 1654; baseline -0.001 -14"><span class='ocrx_word' id='word_1_280' title='bbox 1297 1600 1407 1641; x_wconf 88' lang='lat' dir='ltr'><strong>mius</strong></span> <span class='ocrx_word' id='word_1_281' title='bbox 1426 1613 1481 1641; x_wconf 86' lang='lat' dir='ltr'><strong>ex</strong></span> <span class='ocrx_word' id='word_1_282' title='bbox 1498 1601 1764 1653; x_wconf 84' lang='lat' dir='ltr'><strong>aurigatione</strong></span> <span class='ocrx_word' id='word_1_283' title='bbox 1783 1607 1948 1654; x_wconf 83' lang='lat' dir='ltr'><strong>patrem</strong></span> <span class='ocrx_word' id='word_1_284' title='bbox 1972 1601 2065 1653; x_wconf 83' lang='lat' dir='ltr'><strong>ejus</strong></span> <span class='ocrx_word' id='word_1_285' title='bbox 2092 1600 2182 1640; x_wconf 79' lang='lat' dir='ltr'><strong>vic-</strong></span> 
     </span>
     <span class='ocr_line' id='line_1_56' title="bbox 1298 1663 2116 1717; baseline 0.002 -14"><span class='ocrx_word' id='word_1_286' title='bbox 1298 1668 1388 1703; x_wconf 91' lang='lat' dir='ltr'><strong>tum</strong></span> <span class='ocrx_word' id='word_1_287' title='bbox 1407 1664 1486 1704; x_wconf 87' lang='lat' dir='ltr'><strong>sibi</strong></span> <span class='ocrx_word' id='word_1_288' title='bbox 1507 1665 1754 1717; x_wconf 86' lang='lat' dir='ltr'><strong>quaesivisse</strong></span> <span class='ocrx_word' id='word_1_289' title='bbox 1771 1664 1922 1704; x_wconf 86' lang='lat' dir='ltr'><strong>refert.</strong></span> <span class='ocrx_word' id='word_1_290' title='bbox 1950 1663 2116 1713; x_wconf 77' lang='lat' dir='ltr'><strong>Longot.</strong></span> 
     </span>
    </p>

    <p class='ocr_par' dir='ltr' id='par_1_13' title="bbox 1299 1727 2179 1841">
     <span class='ocr_line' id='line_1_57' title="bbox 1357 1727 2179 1780; baseline -0.002 -14"><span class='ocrx_word' id='word_1_291' title='bbox 1357 1727 1605 1778; x_wconf 79' lang='lat' dir='ltr'><strong>calliditate]</strong></span> <span class='ocrx_word' id='word_1_292' title='bbox 1631 1727 1786 1780; x_wconf 90' lang='lat' dir='ltr'><strong>Itaque</strong></span> <span class='ocrx_word' id='word_1_293' title='bbox 1822 1727 2044 1768; x_wconf 86' lang='lat' dir='ltr'><strong>Plutarch.</strong></span> <span class='ocrx_word' id='word_1_294' title='bbox 2082 1736 2179 1766; x_wconf 91' lang='lat' dir='ltr'><strong>eum</strong></span> 
     </span>
     <span class='ocr_line' id='line_1_58' title="bbox 1299 1788 2010 1841; baseline 0 -12"><span class='ocrx_word' id='word_1_295' title='bbox 1299 1789 1513 1841; x_wconf 74' lang='grc' dir='ltr'>πανοῦργον</span> <span class='ocrx_word' id='word_1_296' title='bbox 1531 1788 1640 1830; x_wconf 90' lang='lat' dir='ltr'><strong>dicit</strong></span> <span class='ocrx_word' id='word_1_297' title='bbox 1658 1788 1803 1830; x_wconf 89' lang='lat' dir='ltr'><strong>fuisse.</strong></span> <span class='ocrx_word' id='word_1_298' title='bbox 1829 1789 2010 1829; x_wconf 77' lang='lat' dir='ltr'><strong>Lambin-</strong></span> 
     </span>
    </p>

    <p class='ocr_par' dir='ltr' id='par_1_14' title="bbox 1356 1849 2182 1906">
     <span class='ocr_line' id='line_1_59' title="bbox 1356 1849 2182 1906; baseline -0.002 -13"><span class='ocrx_word' id='word_1_299' title='bbox 1356 1854 1441 1894; x_wconf 82' lang='lat' dir='ltr'><strong>Hic</strong></span> <span class='ocrx_word' id='word_1_300' title='bbox 1451 1851 1841 1906; x_wconf 77' lang='lat' dir='ltr'><strong>per-adolescentulus]</strong></span> <span class='ocrx_word' id='word_1_301' title='bbox 1856 1851 2077 1893; x_wconf 87' lang='lat' dir='ltr'><strong>Annorum</strong></span> <span class='ocrx_word' id='word_1_302' title='bbox 2089 1849 2182 1892; x_wconf 84' lang='lat' dir='ltr'><strong>fere</strong></span> 
     </span>
    </p>

    <p class='ocr_par' dir='ltr' id='par_1_15' title="bbox 1300 1915 2185 3419">
     <span class='ocr_line' id='line_1_60' title="bbox 1303 1915 2181 1969; baseline -0.003 -11"><span class='ocrx_word' id='word_1_303' title='bbox 1303 1917 1433 1958; x_wconf 91' lang='lat' dir='ltr'><strong>trium</strong></span> <span class='ocrx_word' id='word_1_304' title='bbox 1453 1922 1500 1958; x_wconf 87' lang='lat' dir='ltr'><strong>et</strong></span> <span class='ocrx_word' id='word_1_305' title='bbox 1519 1917 1686 1969; x_wconf 88' lang='lat' dir='ltr'><strong>viginti,</strong></span> <span class='ocrx_word' id='word_1_306' title='bbox 1712 1922 1762 1957; x_wconf 91' lang='lat' dir='ltr'><strong>ut</strong></span> <span class='ocrx_word' id='word_1_307' title='bbox 1789 1915 1900 1956; x_wconf 83' lang='lat' dir='ltr'><strong>infra</strong></span> <span class='ocrx_word' id='word_1_308' title='bbox 1923 1915 2011 1956; x_wconf 89' lang='lat' dir='ltr'><strong>ait:</strong></span> <span class='ocrx_word' id='word_1_309' title='bbox 2038 1916 2052 1938; x_wconf 84' lang='lat'>‘</span> <span class='ocrx_word' id='word_1_310' title='bbox 2072 1915 2181 1956; x_wconf 89' lang='lat' dir='ltr'><strong>Cum</strong></span> 
     </span>
     <span class='ocr_line' id='line_1_61' title="bbox 1301 1977 2183 2032; baseline -0.006 -10"><span class='ocrx_word' id='word_1_311' title='bbox 1301 1981 1357 2022; x_wconf 86' lang='lat' dir='ltr'><strong>ab</strong></span> <span class='ocrx_word' id='word_1_312' title='bbox 1375 1993 1486 2022; x_wconf 89' lang='lat' dir='ltr'><strong>anno</strong></span> <span class='ocrx_word' id='word_1_313' title='bbox 1516 1981 1736 2032; x_wconf 88' lang='lat' dir='ltr'><strong>vicesimo,</strong></span> <span class='ocrx_word' id='word_1_314' title='bbox 1765 1986 1814 2020; x_wconf 92' lang='lat' dir='ltr'><strong>ut</strong></span> <span class='ocrx_word' id='word_1_315' title='bbox 1841 1990 1971 2031; x_wconf 87' lang='lat' dir='ltr'><strong>supra</strong></span> <span class='ocrx_word' id='word_1_316' title='bbox 1994 1977 2183 2018; x_wconf 88' lang='lat' dir='ltr'><strong>ostendi·</strong></span> 
     </span>
     <span class='ocr_line' id='line_1_62' title="bbox 1302 2041 2183 2096; baseline -0.006 -11"><span class='ocrx_word' id='word_1_317' title='bbox 1302 2044 1425 2096; x_wconf 88' lang='lat' dir='ltr'><strong>mus,&#39;</strong></span> <span class='ocrx_word' id='word_1_318' title='bbox 1443 2047 1525 2085; x_wconf 84' lang='lat' dir='ltr'><strong>&amp;c.</strong></span> <span class='ocrx_word' id='word_1_319' title='bbox 1545 2044 1744 2085; x_wconf 69' lang='lat' dir='ltr'><strong>Senectus.</strong></span> <span class='ocrx_word' id='word_1_320' title='bbox 1785 2042 1880 2083; x_wconf 86' lang='lat' dir='ltr'><strong>Etsi</strong></span> <span class='ocrx_word' id='word_1_321' title='bbox 1899 2053 2002 2082; x_wconf 87' lang='lat' dir='ltr'><strong>vero</strong></span> <span class='ocrx_word' id='word_1_322' title='bbox 2016 2041 2071 2081; x_wconf 91' lang='lat' dir='ltr'><strong>P.</strong></span> <span class='ocrx_word' id='word_1_323' title='bbox 2090 2041 2183 2081; x_wconf 86' lang='lat' dir='ltr'><strong>Ma·</strong></span> 
     </span>
     <span class='ocr_line' id='line_1_63' title="bbox 1302 2105 2181 2159; baseline -0.005 -9"><span class='ocrx_word' id='word_1_324' title='bbox 1302 2109 1446 2150; x_wconf 88' lang='lat' dir='ltr'><strong>nutius</strong></span> <span class='ocrx_word' id='word_1_325' title='bbox 1474 2109 1516 2148; x_wconf 92' lang='lat' dir='ltr'><strong>in</strong></span> <span class='ocrx_word' id='word_1_326' title='bbox 1535 2109 1598 2148; x_wconf 92' lang='lat' dir='ltr'><strong>M.</strong></span> <span class='ocrx_word' id='word_1_327' title='bbox 1613 2108 1739 2148; x_wconf 86' lang='lat' dir='ltr'><strong>Tullii</strong></span> <span class='ocrx_word' id='word_1_328' title='bbox 1757 2107 1898 2159; x_wconf 90' lang='lat' dir='ltr'><strong>Epist.</strong></span> <span class='ocrx_word' id='word_1_329' title='bbox 1918 2105 1970 2146; x_wconf 89' lang='lat' dir='ltr'><strong>ad</strong></span> <span class='ocrx_word' id='word_1_330' title='bbox 1991 2105 2108 2146; x_wconf 87' lang='lat' dir='ltr'><strong>Fam.</strong></span> <span class='ocrx_word' id='word_1_331' title='bbox 2127 2115 2181 2146; x_wconf 87' lang='lat'><strong>11.</strong></span> 
     </span>
     <span class='ocr_line' id='line_1_64' title="bbox 1302 2168 2180 2221; baseline -0.008 -7"><span class='ocrx_word' id='word_1_332' title='bbox 1302 2176 1340 2214; x_wconf 90' lang='lat'><strong>1.</strong></span> <span class='ocrx_word' id='word_1_333' title='bbox 1368 2172 1565 2214; x_wconf 85' lang='lat' dir='ltr'><strong>docuerit</strong></span> <span class='ocrx_word' id='word_1_334' title='bbox 1595 2171 1886 2212; x_wconf 83' lang='lat' dir='ltr'><strong>adolescentes</strong></span> <span class='ocrx_word' id='word_1_335' title='bbox 1920 2181 1970 2210; x_wconf 86' lang='lat' dir='ltr'><strong>ac</strong></span> <span class='ocrx_word' id='word_1_336' title='bbox 1995 2168 2180 2221; x_wconf 87' lang='lat' dir='ltr'><strong>juvenes</strong></span> 
     </span>
     <span class='ocr_line' id='line_1_65' title="bbox 1300 2232 2181 2287; baseline -0.005 -12"><span class='ocrx_word' id='word_1_337' title='bbox 1300 2247 1351 2275; x_wconf 90' lang='lat' dir='ltr'><strong>ea</strong></span> <span class='ocrx_word' id='word_1_338' title='bbox 1370 2241 1630 2287; x_wconf 88' lang='lat' dir='ltr'><strong>tempestate</strong></span> <span class='ocrx_word' id='word_1_339' title='bbox 1650 2234 1787 2275; x_wconf 87' lang='lat' dir='ltr'><strong>dictos</strong></span> <span class='ocrx_word' id='word_1_340' title='bbox 1803 2233 1858 2274; x_wconf 87' lang='lat' dir='ltr'><strong>ad</strong></span> <span class='ocrx_word' id='word_1_341' title='bbox 1877 2244 2033 2273; x_wconf 89' lang='lat' dir='ltr'><strong>annum</strong></span> <span class='ocrx_word' id='word_1_342' title='bbox 2053 2232 2181 2272; x_wconf 90' lang='lat' dir='ltr'><strong>etiam</strong></span> 
     </span>
     <span class='ocr_line' id='line_1_66' title="bbox 1301 2295 2182 2350; baseline -0.006 -11"><span class='ocrx_word' id='word_1_343' title='bbox 1301 2299 1575 2347; x_wconf 89' lang='lat' dir='ltr'><strong>tricesimum,</strong></span> <span class='ocrx_word' id='word_1_344' title='bbox 1605 2311 1720 2350; x_wconf 85' lang='lat' dir='ltr'><strong>aegre</strong></span> <span class='ocrx_word' id='word_1_345' title='bbox 1742 2303 1884 2338; x_wconf 88' lang='lat' dir='ltr'><strong>tamen</strong></span> <span class='ocrx_word' id='word_1_346' title='bbox 1905 2295 2060 2335; x_wconf 87' lang='lat' dir='ltr'><strong>adduci</strong></span> <span class='ocrx_word' id='word_1_347' title='bbox 2087 2300 2182 2347; x_wconf 83' lang='lat' dir='ltr'><strong>pos-</strong></span> 
     </span>
     <span class='ocr_line' id='line_1_67' title="bbox 1301 2359 2184 2412; baseline -0.002 -12"><span class='ocrx_word' id='word_1_348' title='bbox 1301 2373 1392 2401; x_wconf 88' lang='lat' dir='ltr'><strong>sum</strong></span> <span class='ocrx_word' id='word_1_349' title='bbox 1426 2367 1476 2402; x_wconf 90' lang='lat' dir='ltr'><strong>ut</strong></span> <span class='ocrx_word' id='word_1_350' title='bbox 1509 2361 1683 2401; x_wconf 90' lang='lat' dir='ltr'><strong>credam</strong></span> <span class='ocrx_word' id='word_1_351' title='bbox 1715 2359 1875 2412; x_wconf 87' lang='lat' dir='ltr'><strong>duplici</strong></span> <span class='ocrx_word' id='word_1_352' title='bbox 1906 2359 2184 2411; x_wconf 65' lang='grc' dir='ltr'><strong>ὑποκοριστικῷ</strong></span> 
     </span>
     <span class='ocr_line' id='line_1_68' title="bbox 1301 2421 2182 2474; baseline -0.002 -10"><span class='ocrx_word' id='word_1_353' title='bbox 1301 2428 1369 2464; x_wconf 90' lang='lat' dir='ltr'><strong>tot</strong></span> <span class='ocrx_word' id='word_1_354' title='bbox 1399 2435 1530 2464; x_wconf 87' lang='lat' dir='ltr'><strong>annos</strong></span> <span class='ocrx_word' id='word_1_355' title='bbox 1560 2422 1790 2474; x_wconf 82' lang='lat' dir='ltr'><strong>designari,</strong></span> <span class='ocrx_word' id='word_1_356' title='bbox 1818 2421 1921 2462; x_wconf 90' lang='lat' dir='ltr'><strong>licet</strong></span> <span class='ocrx_word' id='word_1_357' title='bbox 1946 2421 2182 2462; x_wconf 82' lang='lat' dir='ltr'><strong>contendat</strong></span> 
     </span>
     <span class='ocr_line' id='line_1_69' title="bbox 1301 2484 2181 2527; baseline -0.001 0"><span class='ocrx_word' id='word_1_358' title='bbox 1301 2492 1452 2527; x_wconf 88' lang='lat' dir='ltr'><strong>contra</strong></span> <span class='ocrx_word' id='word_1_359' title='bbox 1469 2486 1723 2527; x_wconf 88' lang='lat' dir='ltr'><strong>Lambiuum</strong></span> <span class='ocrx_word' id='word_1_360' title='bbox 1736 2484 1872 2526; x_wconf 84' lang='lat' dir='ltr'><strong>Titius</strong></span> <span class='ocrx_word' id='word_1_361' title='bbox 1888 2485 2036 2526; x_wconf 89' lang='lat' dir='ltr'><strong>Contr.</strong></span> <span class='ocrx_word' id='word_1_362' title='bbox 2048 2485 2120 2526; x_wconf 89' lang='lat' dir='ltr'><strong>lib.</strong></span> <span class='ocrx_word' id='word_1_363' title='bbox 2136 2496 2181 2526; x_wconf 72' lang='lat' dir='ltr'><strong>V.</strong></span> 
     </span>
     <span class='ocr_line' id='line_1_70' title="bbox 1302 2549 1596 2590; baseline -0.003 -1"><span class='ocrx_word' id='word_1_364' title='bbox 1302 2552 1366 2590; x_wconf 81' lang='lat'><strong>1⁷.</strong></span> <span class='ocrx_word' id='word_1_365' title='bbox 1395 2549 1596 2589; x_wconf 69' lang='lat' dir='ltr'><strong>Senonas.</strong></span> 
     </span>
     <span class='ocr_line' id='line_1_71' title="bbox 1308 2610 2181 2664; baseline 0.001 -12"><span class='ocrx_word' id='word_1_366' title='bbox 1308 2639 1314 2643; x_wconf 89' lang='lat'><em>-</em></span> <span class='ocrx_word' id='word_1_367' title='bbox 1355 2612 1422 2653; x_wconf 77' lang='lat' dir='ltr'><strong>Aa</strong></span> <span class='ocrx_word' id='word_1_368' title='bbox 1435 2612 1650 2653; x_wconf 77' lang='lat' dir='ltr'><strong>amicitiam</strong></span> <span class='ocrx_word' id='word_1_369' title='bbox 1660 2612 1821 2653; x_wconf 63' lang='lat' dir='ltr'><strong>accessit</strong></span> <span class='ocrx_word' id='word_1_370' title='bbox 1829 2610 2028 2664; x_wconf 69' lang='lat' dir='ltr'><strong>Philippi]</strong></span> <span class='ocrx_word' id='word_1_371' title='bbox 2039 2612 2181 2654; x_wconf 77' lang='lat' dir='ltr'><strong>Quam</strong></span> 
     </span>
     <span class='ocr_line' id='line_1_72' title="bbox 1303 2675 2182 2728; baseline -0.003 -11"><span class='ocrx_word' id='word_1_372' title='bbox 1303 2676 1444 2718; x_wconf 85' lang='lat' dir='ltr'><strong>tenuit</strong></span> <span class='ocrx_word' id='word_1_373' title='bbox 1463 2689 1596 2717; x_wconf 88' lang='lat' dir='ltr'><strong>annos</strong></span> <span class='ocrx_word' id='word_1_374' title='bbox 1617 2682 1798 2728; x_wconf 89' lang='lat' dir='ltr'><strong>septem.</strong></span> <span class='ocrx_word' id='word_1_375' title='bbox 1853 2675 2052 2728; x_wconf 86' lang='lat' dir='ltr'><strong>Philippo</strong></span> <span class='ocrx_word' id='word_1_376' title='bbox 2072 2686 2182 2722; x_wconf 88' lang='lat' dir='ltr'><strong>mor-</strong></span> 
     </span>
     <span class='ocr_line' id='line_1_73' title="bbox 1302 2737 2185 2792; baseline -0.003 -11"><span class='ocrx_word' id='word_1_377' title='bbox 1302 2745 1376 2781; x_wconf 88' lang='lat' dir='ltr'><strong>tuo</strong></span> <span class='ocrx_word' id='word_1_378' title='bbox 1395 2740 1545 2781; x_wconf 90' lang='lat' dir='ltr'><strong>eodem</strong></span> <span class='ocrx_word' id='word_1_379' title='bbox 1565 2739 1703 2792; x_wconf 87' lang='lat' dir='ltr'><strong>gradu</strong></span> <span class='ocrx_word' id='word_1_380' title='bbox 1736 2738 1820 2780; x_wconf 87' lang='lat' dir='ltr'><strong>fuit</strong></span> <span class='ocrx_word' id='word_1_381' title='bbox 1851 2737 1964 2791; x_wconf 90' lang='lat' dir='ltr'><strong>apud</strong></span> <span class='ocrx_word' id='word_1_382' title='bbox 1997 2737 2185 2778; x_wconf 86' lang='lat' dir='ltr'><strong>Alexan-</strong></span> 
     </span>
     <span class='ocr_line' id='line_1_74' title="bbox 1302 2799 2184 2852; baseline -0.005 -8"><span class='ocrx_word' id='word_1_383' title='bbox 1302 2803 1426 2844; x_wconf 88' lang='lat' dir='ltr'><strong>drum</strong></span> <span class='ocrx_word' id='word_1_384' title='bbox 1441 2816 1573 2844; x_wconf 85' lang='lat' dir='ltr'><strong>annos</strong></span> <span class='ocrx_word' id='word_1_385' title='bbox 1589 2803 1811 2852; x_wconf 78' lang='lat' dir='ltr'><strong>tredecim,</strong></span> <span class='ocrx_word' id='word_1_386' title='bbox 1827 2800 1952 2841; x_wconf 80' lang='lat' dir='ltr'><strong>infra.</strong></span> <span class='ocrx_word' id='word_1_387' title='bbox 1988 2799 2067 2842; x_wconf 91' lang='lat' dir='ltr'><strong>Ait</strong></span> <span class='ocrx_word' id='word_1_388' title='bbox 2082 2800 2184 2841; x_wconf 88' lang='lat' dir='ltr'><strong>Plu-</strong></span> 
     </span>
     <span class='ocr_line' id='line_1_75' title="bbox 1303 2863 2180 2916; baseline -0.002 -11"><span class='ocrx_word' id='word_1_389' title='bbox 1303 2865 1494 2916; x_wconf 85' lang='lat' dir='ltr'><strong>tarchus,</strong></span> <span class='ocrx_word' id='word_1_390' title='bbox 1522 2865 1790 2916; x_wconf 87' lang='lat' dir='ltr'><strong>Philippum,</strong></span> <span class='ocrx_word' id='word_1_391' title='bbox 1821 2876 1916 2905; x_wconf 89' lang='lat' dir='ltr'><strong>cum</strong></span> <span class='ocrx_word' id='word_1_392' title='bbox 1942 2875 2020 2916; x_wconf 90' lang='lat' dir='ltr'><strong>per</strong></span> <span class='ocrx_word' id='word_1_393' title='bbox 2045 2863 2180 2904; x_wconf 88' lang='lat' dir='ltr'><strong>otium</strong></span> 
     </span>
     <span class='ocr_line' id='line_1_76' title="bbox 1303 2925 2183 2968; baseline -0.005 0"><span class='ocrx_word' id='word_1_394' title='bbox 1303 2928 1473 2968; x_wconf 81' lang='lat' dir='ltr'><strong>Cardiae</strong></span> <span class='ocrx_word' id='word_1_395' title='bbox 1495 2929 1730 2968; x_wconf 90' lang='lat' dir='ltr'><strong>Eumenem</strong></span> <span class='ocrx_word' id='word_1_396' title='bbox 1759 2933 1935 2967; x_wconf 88' lang='lat' dir='ltr'><strong>strenue</strong></span> <span class='ocrx_word' id='word_1_397' title='bbox 1951 2925 2068 2966; x_wconf 90' lang='lat' dir='ltr'><strong>inter</strong></span> <span class='ocrx_word' id='word_1_398' title='bbox 2084 2925 2183 2965; x_wconf 90' lang='lat' dir='ltr'><strong>reli-</strong></span> 
     </span>
     <span class='ocr_line' id='line_1_77' title="bbox 1302 2987 2182 3044; baseline -0.005 -12"><span class='ocrx_word' id='word_1_399' title='bbox 1302 3004 1408 3044; x_wconf 90' lang='lat' dir='ltr'><strong>quos</strong></span> <span class='ocrx_word' id='word_1_400' title='bbox 1459 3003 1616 3043; x_wconf 86' lang='lat' dir='ltr'><strong>pueros</strong></span> <span class='ocrx_word' id='word_1_401' title='bbox 1666 2989 1892 3029; x_wconf 80' lang='lat' dir='ltr'><strong>decertare</strong></span> <span class='ocrx_word' id='word_1_402' title='bbox 1941 2987 2182 3040; x_wconf 88' lang='lat' dir='ltr'><strong>luctarique</strong></span> 
     </span>
     <span class='ocr_line' id='line_1_78' title="bbox 1301 3050 2183 3105; baseline -0.003 -12"><span class='ocrx_word' id='word_1_403' title='bbox 1301 3053 1616 3105; x_wconf 80' lang='lat' dir='ltr'><strong>conspexisset,</strong></span> <span class='ocrx_word' id='word_1_404' title='bbox 1644 3051 1768 3103; x_wconf 90' lang='lat' dir='ltr'><strong>pueri</strong></span> <span class='ocrx_word' id='word_1_405' title='bbox 1789 3050 2019 3104; x_wconf 76' lang='lat' dir='ltr'><strong>prudentia</strong></span> <span class='ocrx_word' id='word_1_406' title='bbox 2037 3056 2082 3091; x_wconf 88' lang='lat' dir='ltr'><strong>et</strong></span> <span class='ocrx_word' id='word_1_407' title='bbox 2101 3050 2183 3090; x_wconf 83' lang='lat' dir='ltr'><strong>for-</strong></span> 
     </span>
     <span class='ocr_line' id='line_1_79' title="bbox 1303 3112 2183 3164; baseline -0.003 -9"><span class='ocrx_word' id='word_1_408' title='bbox 1303 3115 1487 3156; x_wconf 84' lang='lat' dir='ltr'><strong>titudine</strong></span> <span class='ocrx_word' id='word_1_409' title='bbox 1507 3114 1781 3164; x_wconf 81' lang='lat' dir='ltr'><strong>delectatum,</strong></span> <span class='ocrx_word' id='word_1_410' title='bbox 1798 3124 1894 3152; x_wconf 91' lang='lat' dir='ltr'><strong>eum</strong></span> <span class='ocrx_word' id='word_1_411' title='bbox 1917 3112 1996 3152; x_wconf 89' lang='lat' dir='ltr'><strong>sibi</strong></span> <span class='ocrx_word' id='word_1_412' title='bbox 2015 3112 2183 3153; x_wconf 89' lang='lat' dir='ltr'><strong>desum-</strong></span> 
     </span>
     <span class='ocr_line' id='line_1_80' title="bbox 1303 3174 2182 3228; baseline -0.005 -10"><span class='ocrx_word' id='word_1_413' title='bbox 1303 3178 1422 3218; x_wconf 83' lang='lat' dir='ltr'><strong>sisse.</strong></span> <span class='ocrx_word' id='word_1_414' title='bbox 1478 3178 1638 3217; x_wconf 90' lang='lat' dir='ltr'><strong>Verum</strong></span> <span class='ocrx_word' id='word_1_415' title='bbox 1679 3176 1789 3216; x_wconf 88' lang='lat' dir='ltr'><strong>alios</strong></span> <span class='ocrx_word' id='word_1_416' title='bbox 1822 3174 2083 3228; x_wconf 84' lang='lat' dir='ltr'><strong>probabilius</strong></span> <span class='ocrx_word' id='word_1_417' title='bbox 2120 3175 2182 3214; x_wconf 89' lang='lat' dir='ltr'><strong>di-</strong></span> 
     </span>
     <span class='ocr_line' id='line_1_81' title="bbox 1303 3236 2181 3292; baseline -0.006 -11"><span class='ocrx_word' id='word_1_418' title='bbox 1303 3252 1418 3292; x_wconf 88' lang='lat' dir='ltr'><strong>cere,</strong></span> <span class='ocrx_word' id='word_1_419' title='bbox 1449 3241 1682 3280; x_wconf 90' lang='lat' dir='ltr'><strong>Eumenem</strong></span> <span class='ocrx_word' id='word_1_420' title='bbox 1709 3238 1887 3290; x_wconf 88' lang='lat' dir='ltr'><strong>hospitii</strong></span> <span class='ocrx_word' id='word_1_421' title='bbox 1905 3243 1951 3278; x_wconf 89' lang='lat' dir='ltr'><strong>et</strong></span> <span class='ocrx_word' id='word_1_422' title='bbox 1979 3236 2181 3277; x_wconf 84' lang='lat' dir='ltr'><strong>amicitiae</strong></span> 
     </span>
     <span class='ocr_line' id='line_1_82' title="bbox 1304 3300 2182 3356; baseline -0.003 -13"><span class='ocrx_word' id='word_1_423' title='bbox 1304 3307 1498 3356; x_wconf 87' lang='lat' dir='ltr'><strong>paternae</strong></span> <span class='ocrx_word' id='word_1_424' title='bbox 1519 3315 1648 3343; x_wconf 89' lang='lat' dir='ltr'><strong>causa</strong></span> <span class='ocrx_word' id='word_1_425' title='bbox 1680 3315 1705 3342; x_wconf 89' lang='lat' dir='ltr'><strong>a</strong></span> <span class='ocrx_word' id='word_1_426' title='bbox 1734 3301 1936 3354; x_wconf 86' lang='lat' dir='ltr'><strong>Philippo</strong></span> <span class='ocrx_word' id='word_1_427' title='bbox 1956 3300 2010 3341; x_wconf 84' lang='lat' dir='ltr'><strong>ad</strong></span> <span class='ocrx_word' id='word_1_428' title='bbox 2028 3300 2182 3341; x_wconf 82' lang='lat' dir='ltr'><strong>altiora</strong></span> 
     </span>
     <span class='ocr_line' id='line_1_83' title="bbox 1303 3365 1910 3419; baseline -0.002 -14"><span class='ocrx_word' id='word_1_429' title='bbox 1303 3371 1570 3418; x_wconf 83' lang='lat' dir='ltr'><strong>provectum.</strong></span> <span class='ocrx_word' id='word_1_430' title='bbox 1602 3365 1717 3415; x_wconf 81' lang='lat' dir='ltr'><strong>Mag.</strong></span> <span class='ocrx_word' id='word_1_431' title='bbox 1908 3415 1910 3419; x_wconf 92' lang='lat'><strong>.</strong></span> 
     </span>
    </p>

    <p class='ocr_par' dir='ltr' id='par_1_16' title="bbox 1300 3417 2186 3543">
     <span class='ocr_line' id='line_1_84' title="bbox 1356 3417 2186 3478; baseline -0.011 -9"><span class='ocrx_word' id='word_1_432' title='bbox 1356 3428 1506 3469; x_wconf 77' lang='lat' dir='ltr'><strong>Scriboe</strong></span> <span class='ocrx_word' id='word_1_433' title='bbox 1523 3426 1622 3478; x_wconf 84' lang='lat' dir='ltr'><strong>loco]</strong></span> <span class='ocrx_word' id='word_1_434' title='bbox 1644 3417 2186 3478; x_wconf 54' lang='grc' dir='ltr'><strong>ΡΙυῐαι-οὴιιέἆρχιγραμψη.</strong></span> 
     </span>
     <span class='ocr_line' id='line_1_85' title="bbox 1300 3487 2184 3543; baseline -0.003 -12"><span class='ocrx_word' id='word_1_435' title='bbox 1300 3488 1386 3543; x_wconf 57' lang='lat' dir='ltr'><strong>via,</strong></span> <span class='ocrx_word' id='word_1_436' title='bbox 1413 3491 1455 3531; x_wconf 91' lang='lat' dir='ltr'><strong>id</strong></span> <span class='ocrx_word' id='word_1_437' title='bbox 1492 3495 1631 3541; x_wconf 83' lang='lat' dir='ltr'><strong>sonat,</strong></span> <span class='ocrx_word' id='word_1_438' title='bbox 1655 3487 1868 3528; x_wconf 77' lang='lat' dir='ltr'><strong>scribarum</strong></span> <span class='ocrx_word' id='word_1_439' title='bbox 1896 3488 2111 3541; x_wconf 79' lang='lat' dir='ltr'><strong>principem</strong></span> <span class='ocrx_word' id='word_1_440' title='bbox 2141 3493 2184 3529; x_wconf 81' lang='lat' dir='ltr'><strong>et</strong></span> 
     </span>
    </p>
   </div>
  </div>
 </body>
</html>
