2306 3900
271 273 444 326 cxxvi

324 415 434 461 patre
469 409 680 451 haeredium
730 411 836 458 xxiv,
870 414 893 452 1
949 412 1096 452 relicta
1129 426 1152 452 a

324 469 435 514 patre
469 463 618 505 divitiae
659 476 811 517 magnae
853 479 891 513 x,
926 469 948 506 1
995 466 1152 506 relictus

324 529 475 568 pauper
505 516 591 569 jam
619 531 644 558 a
673 517 886 572 majoribus
924 519 1000 572 (ad
1035 533 1152 572 quem

323 570 416 609 inde
449 584 473 611 a
503 570 714 624 mqjoribus
747 572 967 613 transmissa
985 587 1150 627 pauper-

322 623 404 677 tas)
430 637 497 672 ιν,
514 628 541 666 2
568 626 786 679 relinquere
816 627 986 680 aliquem
1005 627 1150 681 (trans-

320 678 458 730 fugere
493 679 543 720 ab
586 680 740 733 aliquo)
782 680 863 728 xiv,
898 685 926 722 6
985 682 1152 734 relinqui

321 730 484 784 (deseri,
496 745 577 773 non
591 733 788 787 defendi),
803 735 900 774 ibid.
934 735 1152 788 relinquere

320 785 489 839 aliquem
532 787 662 828 locum
696 795 823 828 tutum
851 788 944 836 xvii,
970 793 997 830 6
1034 789 1151 829 relin-

321 852 441 892 quere
455 840 656 882 historiam
668 848 885 895 temporum
905 843 979 893 (de
992 849 1151 884 auctore

318 894 514 948 historiae)
540 894 584 942 ii,
602 899 630 936 9
681 895 840 949 reliquit
858 897 1045 949 seriptum
1062 911 1152 936 eum

318 947 376 988 ibi
393 948 568 1000 periisse,
586 962 677 990 eum
696 950 943 990 interfectum
962 950 1151 1004 (scripsit,

319 1002 396 1048 vel,
429 1000 473 1041 in
501 1002 587 1055 ejus
617 1005 769 1056 scriptis
800 1005 1010 1057 reperitur)
1037 1004 1093 1051 ix,
1111 1011 1150 1046 5.

320 1054 430 1103 xxiii,
449 1059 475 1097 8
502 1056 719 1110 relinquere
753 1057 829 1097 sibi
858 1059 1026 1112 spatium
1053 1059 1150 1098 deli-

321 1109 486 1151 beraudi
520 1110 708 1164 (sumere,
746 1115 919 1163 servare)
962 1113 1069 1161 xviii,
1099 1117 1150 1154 12

320 1164 487 1217 relinqui
523 1165 793 1219 (superesse):
823 1167 932 1206 nulla
967 1179 1055 1219 spes
1091 1181 1151 1207 sa-

319 1217 412 1257 lutis
446 1218 676 1272 relinquitur
724 1219 818 1259 mihi
858 1222 887 1268 i,
920 1224 946 1261 3
1000 1221 1151 1269 nullum

320 1277 475 1324 tempus
507 1273 636 1313 sobrio
666 1273 956 1328 relinquebatur
978 1274 1152 1328 (luxuria

321 1339 475 1379 semper
504 1327 738 1369 obruebatur
767 1334 809 1368 et
842 1329 926 1369 sine
959 1330 1151 1371 intermis-

319 1380 451 1433 sione)
478 1394 518 1428 x,
536 1384 563 1421 4

266 1432 483 1487 Reliquum
511 1442 586 1482 est,
615 1442 660 1474 ut
691 1435 811 1489 (nihil
831 1435 939 1476 aliud
959 1445 1150 1489 superest,

318 1489 709 1596 {21223252333
722 1489 1151 1596 32322322152‘22‘3

543 1571 556 1590 ι
854 1573 866 1591 9
1116 1573 1127 1584 ·

319 1610 408 1644 xxv,
424 1600 476 1638 21
519 1597 580 1649 (V.
612 1596 696 1637 Gif.
728 1598 919 1637 observat.
951 1598 999 1638 L.
1030 1599 1077 1638 L.
1108 1612 1150 1651 p.

319 1648 438 1702 213).
484 1649 676 1702 reliquum
703 1657 858 1703 tempus
886 1652 1151 1706 (insecutum)

317 1703 374 1751 ii,-
393 1707 444 1744 20'
474 1703 583 1752 xxiii,
601 1709 628 1745 2
674 1706 867 1758 reliquum
897 1706 988 1744 vitae
1028 1720 1092 1754 xx,
1125 1710 1149 1747 3

318 1758 511 1810 reliquum
539 1759 731 1810 oppidum
762 1758 936 1813 (reliqua
962 1772 1051 1812 pars
1079 1774 1150 1813 op-

320 1812 428 1865 pidi)
454 1813 496 1859 ii,
516 1817 542 1853 2
580 1813 672 1852 Sic:
703 1812 891 1874 reliquam
917 1814 1151 1868 phalangem

319 1865 448 1959 {emit
478 1867 565 1906 loco
595 1867 735 1908 cedere
763 1868 831 1915 xri,
852 1872 874 1909 1
916 1868 1018 1922 (vid.
1046 1881 1151 1922 supr.

357 1933 417 1959 ars

265 1919 475 2014 Remangit
492 1974 633 2014 ferrum
653 1975 694 2014 in
713 1987 876 2028 corpore
904 1990 968 2023 κν,
987 1981 1015 2017 9

265 2027 461 2067 Remedia
485 2029 626 2068 celeria
653 2029 862 2082 faciliaque
880 2029 998 2070 alicui
1016 2031 1150 2071 morbo

320 2094 539 2134 proponere
566 2096 654 2130 xxV,
674 2087 724 2124 21

265 2134 492 2187 Remigrare
509 2136 679 2176 Romam
706 2151 796 2185 xxv,
815 2141 842 2178 4

265 2188 483 2229 Reminisci
499 2190 614 2230 famae
638 2192 780 2231 veteris
806 2191 886 2240 xix,
905 2196 931 2233 4
960 2192 1154 2232 reminisci

244 2265 252 2273 ι
319 2243 469 2296 aliquid
505 2243 770 2297 (excogitare)
799 2246 865 2293 vii,
893 2249 919 2286 2
959 2246 1154 2286 reminisci

321 2296 586 2349 (perpendere
605 2305 696 2350 post
713 2299 874 2346 factum,
893 2299 989 2351 quid
1005 2300 1152 2348 factum

321 2349 394 2402 sit)
422 2351 500 2397 xiv,
520 2356 545 2391 5
585 2351 779 2392 reminisci
799 2352 950 2403 pristini
971 2353 1153 2405 temporis

322 2404 573 2444 acerbitatem
602 2403 671 2453 vii,
691 2408 720 2445 6

266 2454 484 2497 Remittere
503 2458 630 2497 calces
658 2458 766 2506 xviii,
786 2463 811 2499 5
841 2457 901 2511 (v.
921 2458 1085 2511 calces)

266 2508 483 2551 Remittere
511 2524 553 2551 se
579 2511 750 2565 (oppon.
780 2512 886 2552 seriis
912 2512 1153 2566 actionibus)

320 2563 389 2612 vii,
410 2569 433 2606 1
480 2566 661 2606 remissus
686 2566 727 2605 in
746 2565 878 2606 labore
904 2565 958 2613 xi,
977 2570 1002 2607 3
1032 2565 1153 2620 (ἄνει-

319 2616 451 2668 nevos,
470 2620 594 2667 laxus,
614 2619 839 2672 languidus.
866 2620 1028 2674 Lamb.)

266 2670 486 2713 Removere
516 2675 647 2713 hostes
678 2686 703 2712 a
734 2674 852 2716 muris
884 2673 987 2713 urbis
1005 2674 1154 2727 (repel-

321 2726 422 2780 lere)
468 2727 560 2775 xxii‚
598 2731 625 2770 2
685 2728 854 2781 aliquem
893 2729 944 2767 ab
981 2728 1153 2767 exercitu

321 2780 515 2832 (adimere
537 2781 767 2834 imperium)
793 2782 873 2830 xvi,
894 2786 917 2822 1
957 2794 1154 2822 removere

320 2846 363 2874 se
393 2848 419 2875 a
450 2834 594 2875 talibus
626 2835 802 2876 consiliis
821 2835 1016 2890 (studium
1035 2834 1154 2875 animi

323 2895 366 2928 et
379 2889 602 2930 institutum
622 2903 646 2928 a
663 2890 778 2930 certis
806 2890 979 2929 consiliis
1006 2890 1156 2929 facien·

322 2944 385 2982 dis
420 2944 713 2996 sequendisque
746 2944 987 2983 abhorrentis
1019 2942 1154 2996 notat)

321 3009 411 3044 xxv,
430 2999 456 3037 8
501 2997 535 3036 si
560 2998 785 3038 removisset
812 2997 1029 3037 Eumenem
1058 2997 1154 3051 (op-

322 3050 545 3103 pressisset)
563 3051 669 3098 xxiii‚
692 3055 743 3092 10
782 3051 970 3091 removeri
995 3063 1019 3090 a
1045 3057 1152 3091 motu

322 3104 495 3156 corporis
531 3104 606 3158 (ab
641 3105 849 3144 occasione
886 3111 1017 3144 motus
1052 3104 1153 3158 &c.)

322 3159 430 3206 xviii,
450 3163 474 3199 5
511 3165 681 3199 remotus
717 3159 768 3198 ab
802 3159 1010 3199 honestate
1045 3159 1151 3213 (non

321 3223 488 3251 conven.
506 3211 698 3266 honest),
731 3213 848 3253 me.
898 3225 924 3252 a
953 3218 1153 3252 conventu

321 3264 412 3317 (qui
441 3266 548 3305 domi
579 3266 774 3318 remanet)
802 3280 842 3314 x,
860 3269 888 3307 9
915 3266 1072 3306 remotis
1090 3279 1154 3307 ce-

322 3317 413 3357 teris
452 3318 560 3366 xxiii,
594 3324 622 3360 2
667 3327 815 3360 remoto
851 3320 1069 3360 adversario
1106 3320 1152 3374 (e

321 3370 453 3425 medio
472 3373 648 3426 sublato)
676 3387 714 3421 κ’,
732 3378 759 3415 7

269 3422 478 3467 Renovare
497 3425 642 3466 bellum
669 3426 762 3475 ionii,
783 3431 804 3467 1

275 3478 521 3520 Murmure
554 3491 731 3533 propere,
767 3480 945 3521 celeriter
971 3480 1077 3528 xxiih
1098 3485 1150 3523 12

327 3533 591 3574 renuntiatum
610 3540 683 3582 ent,
715 3534 854 3575 vicisse
883 3534 1059 3575 Boeotios
1085 3549 1149 3581 xv,

1104 287 1306 329 INDEX

1270 415 1298 453 9
1339 411 1432 453 huic
1468 414 1680 463 renuntiat,
1717 414 1823 454 irrita
1857 416 1988 457 sutura
2017 415 2097 457 &c-

1274 465 1341 513 vii,
1361 469 1414 507 10

1217 519 1428 572 Repellere
1439 520 1638 575 (hostem)
1665 520 1723 569 iii,
1737 525 1763 563 2
1790 535 1962 564 summos
1977 524 2098 563 duces

1271 573 1379 621 xviii,
1413 579 1462 616 1³
1500 576 1636 628 repelli
1668 577 1718 615 ab
1742 589 1836 616 arce
1863 577 1945 624 viii,
1969 580 1997 618 8
2038 589 2098 616 ne-

1271 627 1365 689 peili
1383 629 1458 683 (de
1473 629 1654 693 frustrato
1673 638 1832 676 conatu,
1845 643 1891 670 ac
1908 631 2099 683 petitione

1218 682 1445 787 Βειζέἳιῗξιζ
1469 687 1796 800 ζιὶέῧζϊιιωυὶωε,
1829 737 1970 777 seditio
1997 736 2098 790 &c.)

1270 787 1338 836 vii,
1371 794 1396 830 3
1441 797 1690 842 repentinum
1724 791 1929 831 consilium
1965 791 2099 844 (quasi

1270 844 1532 883 necessarium
1567 850 1608 884 et
1650 858 1699 885 ex
1744 849 1920 896 tempore
1964 844 2100 885 salutis

1272 908 1391 937 causa
1421 897 1604 951 captum)
1631 897 1686 945 iv,
1714 900 1741 937 4
1782 911 1862 950 quo
1893 899 2098 952 repentino

1270 949 1432 1002 objectu
1451 951 1534 991 viso
1553 951 1628 992 διο.
1657 949 1767 998 xxiii,
1786 957 1811 992 5

1217 1002 1374 1056 Repere
1406 1004 1578 1060 (oppon.
1607 1011 1618 1029 ‘
1644 1004 1730 1053 ire‚'
1758 1007 1808 1046 de
1839 1004 1989 1046 viamrn
2029 1017 2099 1046 an·

1275 1058 1404 1111 gust.)
1431 1059 1541 1107 xxiii,
1561 1063 1586 1100 3
2041 1077 2045 1082 ’

1218 1110 1408 1164 Reperire
1432 1113 1656 1167 (Aristotel.
1682 1114 1722 1152 in
1749 1112 1906 1153 Politic.
1934 1112 2100 1166 ἐξευρίσ-

1270 1179 1366 1214 κειν,
1393 1167 1446 1207 de
1479 1167 1643 1207 consilio
1675 1167 1841 1208 feliciter
1871 1173 2100 1220 promteque

1271 1219 1454 1272 invento)
1483 1222 1526 1269 ii,
1546 1226 1568 1262 1
1597 1221 1764 1274 reperire
1779 1233 1936 1261 causam
1950 1221 2101 1262 bellan-

1271 1273 1315 1312 di
1341 1275 1435 1322 xxii,
1465 1279 1489 1316 3
1531 1276 1574 1314 id
1605 1276 1715 1328 quod
1746 1275 1788 1314 in
1818 1281 1988 1328 tyranno
2019 1287 2101 1315 non

1272 1327 1388 1368 facile
1423 1330 1612 1381 reperitur
1653 1330 1732 1378 xxi,
1766 1333 1789 1370 1
1836 1329 2102 1382 reperiebatur

1270 1379 1534 1435 intemperans
1562 1383 1629 1430 vii,
1658 1387 1679 1424 1
1725 1395 1808 1422 non
1841 1383 2103 1435 reperiebatur

1272 1447 1390 1476 causa
1418 1437 1525 1484 xxiii,
1560 1441 1609 1478 ll
1653 1443 1827 1490 repertus
1862 1437 1990 1476 fidelis
2018 1436 2102 1490 regi

1270 1489 1350 1537 xiv,
1372 1494 1393 1530 l

1217 1539 1446 1594 Repetitum
1480 1543 1760 1584 Macedoniam
1786 1545 1919 1584 venire
1947 1543 2057 1592 xviii,
2073 1548 2101 1585 6

1269 1595 1326 1647 (si
1344 1597 1461 1636 lectio
1482 1599 1605 1650 proba
1624 1599 1705 1651 est)

1216 1646 1522 1701 Reprehendere
1551 1652 1722 1704 seipsum
1749 1651 1956 1704 (damnare
1972 1652 2102 1692 consi-

1272 1702 1373 1743 lium‘
1390 1705 1526 1758 suum)
1553 1704 1632 1752 xiv,
1651 1710 1676 1746 5
1715 1704 1950 1758 reprehendi
1966 1707 2008 1746 in
2026 1706 2101 1746 hoc

1271 1756 1326 1804 iv,
1346 1762 1384 1798 1.
1413 1773 1502 1806 xxv,
1523 1763 1576 1799 10

1216 1809 1446 1863 Reprimere
1469 1813 1659 1852 luxuriam
1686 1814 1792 1863 xxiv,
1811 1816 1838 1855 2
1865 1813 1992 1866 regios
2021 1813 2102 1866 spi—

1270 1865 1366 1904 ritus
1394 1881 1433 1914 x,
1458 1873 1482 1908 5
1511 1866 1750 1921 (ταπεινοῦν,
1782 1865 2021 1909 συστέλλειν
2047 1866 2103 1908 τὰ

1271 1919 1502 1972 φρονήματα
1523 1920 1730 1974 regiorum.
1759 1921 1914 1975 Gebh.)
1945 1921 2100 1975 reprimi

1271 1974 1377 2026 (scil.
1410 1988 1436 2014 a
1461 1974 1671 2015 furibunda
1700 1976 1864 2015 animor-
1891 1975 2101 2016 concitati-

1217 2028 1457 2133 &21:323
1465 2034 1626 2124 nllunera
1652 2083 1733 2131 xix,
1752 2087 1774 2124 1

1216 2134 1457 2188 Repugnare
1487 2138 1683 2191 (resistere
1700 2139 1742 2177 in
1760 2137 1868 2191 acie)
1894 2149 1960 2183 xv,
1985 2139 2021 2176 θ’·
2040 2148 2101 2177 re·

1271 2202 1447 2242 pugnare
1490 2192 1663 2232 victoriae
1700 2193 1835 2244 patriae'
1872 2188 2101 2244 (repudiare

1272 2242 1357 2295 ejus
1377 2245 1600 2286 obtinendae
1619 2246 1805 2297 consilia)
1835 2243 1902 2292 viij
1921 2248 1948 2285 8

1215 2293 1432 2347 Repulsam
1445 2300 1543 2338 ferre
1556 2299 1723 2352 alicujus
1733 2302 1786 2339 rei
1800 2300 1855 2338 ab
1862 2297 2000 2350 aliquo·
2010 2296 2101 2343 ῖνςῖ

1216 2347 1419 2400 Reputare
1437 2365 1568 2391 secum
1598 2353 1664 2398 vii,
1683 2356 1709 2392 4
1986 2371 1989 2373 >

1215 2399 1429 2454 Requirere
1448 2405 1596 2458 aliquid
1614 2406 1664 2443 ab
1683 2405 1816 2456 aliquo
1844 2403 2101 2457 (interrogare

1269 2454 1368 2510 διο.)
1408 2472 1498 2506 xxv,
1527 2463 1582 2500 20
1623 2458 1716 2498 Sic:
1746 2458 1885 2504 Indos.
1921 2457 2099 2497 unde-in

1269 2522 1336 2550 eas
1351 2518 1468 2552 terras
1481 2512 1744 2558 devenissent,
1762 2511 1995 2563 requirendo
2009 2523 2101 2563 eog-

1268 2566 1424 2605 novisse
1467 2566 1665 2619 abrept0s‚
1701 2566 1765 2605 Fr.
1803 2568 1829 2605 7
1883 2564 2100 2617 requiebit,

1270 2619 1431 2659 ubinam
1459 2625 1562 2660 esset
1584 2620 1658 2660 &c-
1693 2620 1766 2673 (de
1789 2619 2099 2666 familiari-oom-

1270 2674 1498 2723 penatium,
1530 2673 1634 2714 circa
1652 2673 1936 2714 resciscendum
1956 2678 2098 2712 statum

1268 2725 1547 2780 fortunamque
1565 2727 1782 2781 cujusque)
1809 2740 1898 2774 xxv,
1919 2729 1971 2766 lo

1216 2776 1299 2820 Res
1317 2794 1360 2821 se
1377 2782 1464 2833 ipsa
1492 2783 1619 2835 aperit
1646 2782 1692 2835 (e
1715 2782 1821 2821 facto
1844 2781 1983 2834 liquet,
2001 2778 2098 2831 qaid

1271 2836 1352 2875 veri
1370 2835 1494 2875 subsit
1511 2835 1750 2888 suspicioni)
1778 2835 1832 2882 iv,
1851 2839 1876 2876 3
1906 2846 1967 2873 res
1990 2832 2099 2872 cadit

1269 2895 1410 2942 praeter
1427 2889 1663 2942 ‘opinionem
1690 2888 1718 2937 i,
1738 2893 1765 2929 2
1793 2885 1904 2928 ei·rei
1922 2884 2100 2939 prefecit

1269 2943 1467 2984 Datamen
1486 2943 1683 2997 (negotio,
1702 2943 1786 2982 scil.
1805 2941 1898 2982 belli
1915 2938 2098 2994 gerendi)

1269 2997 1346 3044 xiv,
1366 3001 1392 3038 2
1421 3010 1462 3037 re
1501 3010 1593 3037 vera
1620 2998 1675 3044 ix,
1693 2999 1742 3037 z-
1762 2995 1855 3043 xvii,
1872 2998 1913 3036 2.
1940 2992 2051 3041 xviii,
2071 2997 2094 3035 1

1268 3049 1397 3104 reipsa
1424 3051 1502 3098 xix,
1535 3054 1560 3091 8
1606 3051 1743 3090 eadem
1781 3062 1823 3090 re
1858 3048 1930 3103 (ea
1962 3057 2096 3094 causa,

1269 3105 1496 3157 propterea)
1525 3105 1553 3151 i,
1570 3108 1598 3146 4
1626 3105 1685 3158 (v.
1705 3102 1840 3144 Gifan.
1871 3103 1955 3141 obsi
1983 3099 2101 3140 LrL.

1269 3171 1311 3210 p.
1324 3161 1348 3199 7
1351 3162 1376 3199 7
1379 3157 1415 3211 ).
1433 3158 1474 3198 in
1489 3158 1621 3211 aliqua
1638 3171 1680 3198 re
1695 3157 1836 3219 gratias
1849 3155 2098 3215 alicui-agene

1268 3219 1387 3265 atque
1404 3213 1547 3255 habere
1574 3226 1638 3259 xx,
1649 3215 1679 3252 4
1704 3224 1746 3251 m
1765 3209 1897 3263 aliqua
1914 3221 1956 3249 re
1972 3209 2095 3261 plecti

1267 3278 1357 3312 xxv,
1388 3269 1438 3308 11
1482 3279 1562 3320 qua
1593 3277 1637 3305 re‘
1665 3265 1740 3318 (ob
1771 3276 1889 3317 quam
1917 3259 2096 3313 auem)

1266 3319 1371 3367 xxiv,
1389 3323 1416 3360 2
1442 3332 1504 3359 res
1529 3320 1711 3359 humana>
1738 3321 1847 3366 xx,4
1874 3315 1977 3370 quid
1989 3315 2096 3374 face-

1266 3379 1355 3413 rent
1385 3374 1438 3413 de
1466 3375 1594 3414 rebus·
1612 3373 1690 3412 suis
1718 3372 1761 3420 ii,
1786 3374 1824 3412 2·
1859 3379 1919 3409 nes
1954 3368 2050 3430 abif-⁶*
2071 3379 2097 3430 ι·

1266 3426 1431 3467 consilio
1463 3428 1515 3468 ad
1545 3426 1645 3467 vires
1672 3425 1753 3473 viii,
1774 3428 1796 3465 1
1825 3431 1885 3463 res
1914 3427 1975 3461 est
1998 3422 2095 3461 mhi

1265 3494 1354 3520 cum
1386 3481 1452 3520 illo
1483 3481 1557 3535 (de
1588 3479 1839 3520 contentione
1867 3482 1908 3516 et
1936 3475 2094 3515 aemula·

1266 3534 1396 3587 tione)
1426 3535 1502 3581 xvi,
1524 3538 1553 3575 1·
1577 3547 1635 3574 res
1664 3537 1772 3585 gesta
1799 3529 2009 3586 (quicquid
2028 3541 2094 3568 ae-
