2306 3900
344 266 489 320 xxiv

345 399 548 444 Circumiri
581 395 833 438 multitudine
861 398 902 445 ii,
921 402 962 439 3.
989 399 1068 446 xiv,
1087 403 1114 439 6
1141 400 1235 454 (pro

400 468 425 494 a
457 452 720 493 multitudine.
773 451 838 492 Sic
865 452 950 492 Cic.
976 452 1152 506 Philipp.
1172 458 1239 495 13.

400 514 412 532 ‘
433 506 624 547 circumiri
652 506 772 544 totius
793 506 883 545 belli
901 506 1134 559 fluctibus’).
1166 508 1240 547 cir-

399 561 537 600 cnmiri
575 559 624 598 ab
659 559 836 598 hostibus
872 559 1065 613 (integre)
1103 561 1182 607 xiv,
1214 566 1238 602 7

400 613 622 668 (quomodo
640 618 682 652 et
697 612 906 652 Frontinus
936 613 1109 666 loquitur
1135 614 1178 661 ii,
1198 619 1239 662 3,

348 667 622 761 Cironimsideri
641 720 683 758 in
701 719 862 759 castello
887 719 1104 774 (obsideri)
1131 719 1239 768 xviii,

351 827 655 868 circumvehens
669 826 987 878 Peloponnesum
1004 826 1081 880 (sc.
1096 826 1242 880 classe)

402 881 484 927 xiii,
502 884 528 921 2
557 881 870 934 (circumvehens
897 880 998 919 dixit
1012 887 1148 919 auctor
1172 893 1242 932 pro

402 935 708 974 circumvectus:
756 939 800 971 ut
845 946 948 985 equo
989 934 1135 973 vehens
1172 947 1241 986 pro

402 1000 505 1039 equo
518 993 666 1027 vectus.
679 986 816 1026 Boecl.
831 987 997 1026 Videtur
1009 993 1138 1025 autem
1151 989 1242 1026 sub-

407 1042 498 1079 aud.
518 1054 559 1080 se
578 1041 737 1080 circum.
758 1040 833 1079 nisi
858 1041 1049 1092 posterius
1077 1054 1126 1080 ex
1157 1040 1242 1092 ipso

402 1095 522 1133 verbo
541 1095 592 1132 ad
611 1099 781 1133 accusat.
801 1093 876 1132 loci
895 1095 1042 1133 trahere
1069 1094 1216 1146 mavis)

352 1147 915 1196 circumvenirimultitudine,
944 1147 1071 1200 (alibi,
1091 1147 1244 1199 claudi)

404 1201 510 1248 xviii,
531 1207 555 1242 6
584 1200 649 1255 (et
677 1201 718 1238 in
748 1201 829 1239 Ms.
847 1201 989 1240 Bavar.
1009 1214 1067 1252 pr.
1094 1201 1136 1247 ii,
1157 1205 1198 1248 3,
1217 1204 1243 1241 2

405 1256 475 1294 ubi
491 1256 582 1294 vide
600 1256 642 1293 in
659 1260 743 1293 not.
758 1254 888 1294 locum
906 1254 1068 1294 similem
1098 1254 1244 1293 Sallus·

405 1308 472 1362 tii)
491 1309 776 1348 circumventus
793 1308 944 1347 insidiis
972 1308 1079 1355 xxiii,
1098 1311 1125 1348 4

355 1362 492 1401 Circus
512 1362 738 1409 Flaminius,
757 1361 821 1400 Fr.
841 1365 891 1401 11

354 1415 477 1455 Citari
494 1416 680 1455 victorem
722 1428 819 1454 voce
836 1413 1027 1466 praeconis
1044 1414 1244 1462 declarari,

406 1467 673 1522 proclamari),
739 1468 822 1507 raef.
853 1468 1053 1520 (Pertinet
1065 1469 1142 1507 huc
1157 1480 1246 1519 pro-

405 1523 490 1575 prie
507 1523 616 1561 locus
636 1521 722 1562 Cic.
737 1521 815 1573 Ep.
832 1521 900 1560 lib.
927 1535 967 1568 v,
990 1525 1039 1562 12
1069 1527 1080 1545 ⁸
1098 1533 1245 1573 praeco·

406 1589 477 1615 nes
494 1576 675 1615 ludorum
693 1575 977 1629 gymnicorum,
1006 1587 1094 1614 cum
1110 1576 1247 1614 ceteris

405 1642 569 1668 coronas
580 1630 849 1680 imposuerunt
858 1627 1082 1673 victoribus,
1095 1641 1246 1667 eorum-

409 1696 487 1734 que
500 1682 659 1721 nomina
671 1694 811 1733 magna
825 1694 922 1720 voce
934 1681 1245 1733 pronuntiarunt,

407 1749 497 1775 cum
542 1735 616 1788 ipsi
663 1741 754 1773 aute
800 1735 980 1773 ludorum
1027 1735 1246 1774 missionem

408 1803 553 1829 corona
572 1789 782 1833 donantur,
802 1788 919 1826 alium
939 1800 1158 1840 praeconem
1177 1790 1247 1827 ad-

409 1844 561 1890 hibent,
589 1856 641 1881 ne
673 1855 743 1881 sua
775 1855 870 1882 voce
902 1842 978 1894 ipsi
1010 1855 1051 1882 se
1082 1842 1247 1882 victores

409 1910 493 1936 esse
506 1895 748 1949 praedicent.'
777 1895 936 1949 Boecl.)

356 1951 523 1991 Citerior
539 1949 732 2001 Hispania
760 1950 863 1996 xxiv,
879 1954 905 1989 2
932 1948 1251 2002 (Tarraconensis

409 2004 622 2056 provincia.
640 2003 721 2041 vid.
740 2003 955 2056 Hispania)

358 2057 596 2100 citharizare
628 2056 869 2110 (κιθαρίζειν,
911 2070 1050 2097 canere
1083 2057 1251 2110 cithara)

412 2126 476 2159 xv,
495 2115 521 2152 2

359 2166 507 2206 Citium
551 2163 711 2218 (oppid.
748 2164 889 2218 Cypri,
925 2164 1051 2216 patria
1086 2164 1252 2203 Zenonis

409 2217 555 2271 Stoici)
581 2232 620 2264 v,
637 2221 661 2258 3
691 2217 803 2270 (Hoc
823 2218 940 2257 etiam
961 2218 1099 2257 statuit
1116 2224 1253 2257 contra

414 2272 623 2325 Cujacium
651 2270 878 2311 Harduinus
905 2273 955 2310 ad
985 2271 1158 2311 Plinium
1183 2272 1252 2311 lib.

414 2331 454 2365 5.
473 2339 509 2365 c.
529 2329 594 2364 sl.
623 2337 665 2375 p.
684 2328 780 2365 284.
797 2338 838 2362 n.
858 2323 933 2376 18)

362 2379 469 2419 Civis
487 2379 614 2416 bonus
631 2378 796 2416 habetur
820 2377 979 2416 Atticus
1003 2377 1077 2428 (ob
1094 2376 1254 2416 virtutes

414 2438 457 2471 et
491 2431 619 2470 officia
655 2430 851 2470 societatis
885 2430 1031 2484 civilis)
1074 2444 1164 2478 xxV,
1201 2434 1252 2471 13

415 2485 513 2524 civis
543 2483 780 2523 Acharnana
824 2484 1011 2537 (oriunda
1040 2483 1255 2535 Acharnis)

414 2538 457 2584 ii,
477 2540 500 2579 1
542 2538 647 2578 cives
677 2538 804 2590 gentis
831 2537 998 2590 alicujus
1037 2538 1065 2585 i,
1083 2541 1110 2578 4
1150 2536 1254 2578 cives

417 2592 477 2630 sui
509 2590 710 2646 (ejusdem
737 2590 907 2631 civitatis
937 2590 1128 2644 membra)
1169 2591 1198 2638 i,
1231 2595 1252 2631 1

416 2646 509 2685 Sic:
539 2646 682 2685 civium
709 2645 849 2698 aliquis
876 2659 939 2692 xv,
960 2648 985 2686 3
1013 2645 1155 2685 civium
1179 2657 1254 2684 cae-

418 2700 489 2738 des
508 2700 554 2738 fit
580 2713 644 2747 xv,
665 2703 718 2739 10
745 2699 787 2738 in
819 2699 990 2751 aliquem
1021 2699 1140 2738 animi
1170 2699 1254 2750 pla-

417 2754 497 2792 cati
525 2752 580 2800 xi,
595 2757 620 2793 3
648 2753 798 2792 civibus
812 2753 891 2791 suis
909 2753 1032 2792 donat
1051 2766 1090 2792 L.
1108 2752 1257 2792 talenta

419 2807 562 2846 Conon
579 2806 748 2860 (civitati
763 2806 865 2859 suae)
892 2807 946 2854 ix,
961 2810 987 2847 4
1016 2819 1151 2859 poenas
1163 2807 1256 2845 dare

416 2862 445 2907 i,
465 2865 490 2901 3
520 2860 626 2900 cives
655 2859 772 2899 civib.
802 2873 960 2912 parcere
990 2873 1146 2912 aequum
1174 2860 1255 2907 viii,

419 2918 446 2954 2
490 2921 626 2966 captos
655 2915 852 2967 quomodo
884 2913 1088 2953 redemerit
1116 2913 1256 2966 Epam.

423 2980 487 3012 xv,
509 2971 534 3007 3

368 3019 507 3062 Civilis
525 3019 686 3059 victoria
704 3020 830 3060 omnis
847 3021 1000 3060 funesta
1018 3020 1065 3072 (a
1081 3021 1198 3060 civib.
1215 3021 1256 3059 in

421 3074 526 3113 bello
549 3074 631 3113 civ.
660 3073 875 3127 reportata)
916 3087 979 3120 xv,
1010 3079 1060 3114 10
1101 3074 1258 3127 (civiles

421 3129 553 3168 clades
566 3127 740 3166 hostibus
755 3129 925 3180 produnt
936 3127 1146 3180 rempubl.)
1167 3128 1258 3174 xvii,

421 3188 447 3222 5
477 3181 610 3221 civiles
641 3181 783 3221 fluctus
813 3181 886 3234 (de
912 3181 1023 3221 bellis
1042 3180 1140 3233 civ.)
1168 3194 1258 3228 xxv,

422 3238 449 3274 6
490 3235 581 3274 Sic:
625 3236 759 3275 civiles
788 3235 970 3289 procellae
997 3249 1087 3282 xxv,
1107 3239 1159 3276 10
1197 3236 1258 3284 (v.

422 3288 494 3326 inf.
526 3289 690 3341 fluctus)
722 3289 901 3330 civilibus
932 3289 1042 3330 bellis
1078 3290 1259 3330 alterutra

424 3353 514 3392 pars
533 3342 746 3381 offenditur
773 3358 862 3391 xxv,
881 3347 908 3384 2
1095 3355 1099 3359 '

372 3392 498 3433 Civile
511 3394 579 3446 jus
606 3408 643 3441 v,
663 3400 689 3435 2
717 3397 781 3449 (ν.
797 3396 892 3450 Jus)

373 3446 551 3487 Civilitas
567 3447 738 3500 Agesilai
764 3450 805 3488 in
832 3451 940 3490 cultu
958 3450 1141 3504 victuque
1167 3450 1260 3498 xvii,

1170 273 1373 317 INDEX

1308 399 1457 441 Civitas
1477 399 1659 440 Romana
1676 397 1866 439 amittitur
1881 399 1959 440 alia
1973 396 2094 441 asem
2107 399 2196 455 (jus

1356 454 1486 509 civit.)
1514 458 1640 502 xxv,3
1669 453 1907 506 amplissima
1931 453 2035 502 vii,1
2062 452 2195 494 claris-

1355 507 1452 546 sirna
1495 508 1576 556 viii,
1611 512 1636 548 2
1682 505 1998 559 splendidissima
2040 507 2109 555 vit,
2125 512 2191 550 “11

1357 560 1494 600 civitas
1521 574 1610 614 quse
1642 561 1819 600 libertate
1850 573 1919 600 usa
1936 566 1998 600 cst
2013 558 2063 614 (ἦ
2079 563 2196 611 δημο-

1357 614 1597 667 κρατσυμένη
1624 613 1760 665 πόλις)
1788 615 1816 661 i,
1844 617 1870 654 8
1911 613 2092 654 universa
2125 616 2195 654 de-

1357 669 1510 708 scendit
1526 667 1679 709 obviam
1698 667 1899 708 Alcibiadi
1922 666 2078 722 (cuncti
2093 667 2199 708 cives

1356 735 1389 761 s.
1418 721 1581 774 incolae)
1609 722 1676 770 vii,
1703 726 1730 763 6
1757 717 1844 775 (Sic
1863 720 2018 761 Graeci:
2044 722 2155 762 πᾶνα
2171 721 2199 771 ἦ

1355 774 1493 828 πόλις)
1506 775 1676 815 civitatis
1691 775 1830 815 alienae
1848 787 1933 814 esse
1946 774 2056 830 (sub.
2073 776 2200 814 homi-

1357 840 1462 875 nem,
1506 829 1647 875 civem,
1686 829 1750 867 vel
1782 827 1912 868 simile
1945 829 2071 882 quid3
2106 828 2134 868 i.
2162 843 2198 868 e.

1358 880 1639 934 alienigenam)
1681 879 1789 928 xviii,
1824 885 1847 922 1
1893 881 1986 921 Sic:
2028 882 2199 921 civitatis

1358 934 1538 987 ejusdem
1567 948 1652 974 esse
1678 934 1764 981 ii,9
1803 933 1983 974 civitates
2010 935 2200 987 potentis-

1360 988 1467 1028 simae
1509 1002 1550 1036 v,
1588 992 1613 1028 3
1650 987 1862 1027 *civitatum
1898 993 2123 1040 magnarum
2158 995 2200 1028 et

1360 1041 1564 1082 liberarum
1584 1052 1790 1081 commune
1812 1041 1949 1080 vitium
1976 1041 2044 1089 xii,
2062 1045 2088 1084 8
2116 1039 2200 1081 ὀπι-

1361 1096 1469 1134 nium
1490 1097 1628 1135 eadem
1647 1101 1785 1134 natura
1810 1093 1840 1142 i,
1858 1099 1886 1136 6

1308 1148 1563 1189 clandestina
1601 1149 1767 1188 consilia
1809 1147 1986 1201 (occulta
2025 1144 2202 1202 molitio)

1361 1203 1468 1250 xxiii,
1489 1207 1515 1243 2

1308 1257 1446 1297 Clarus
1466 1257 1523 1295 vir
1548 1255 1601 1302 iv,
1621 1258 1645 1295 8
1674 1254 1904 1295 clarissimus
1921 1253 1980 1293 vir
2003 1254 2048 1303 ii,
2067 1258 2094 1296 8
2121 1255 2203 1294 ela·

1360 1309 1474 1349 ritate
1501 1315 1729 1363 praestantes
1753 1308 1823 1347 viri
1849 1307 2065 1362 (celebres)
2093 1307 2200 1355 xviii,

1308 1415 1452 1455 Classis
1486 1426 1591 1454 Lxx.
1621 1415 1779 1454 navium
1817 1414 1846 1462 i,
1872 1417 1899 1454 7
1927 1427 1966 1454 c.
1983 1424 2074 1456 nu.
2112 1414 2157 1462 ii,
2175 1419 2202 1455 2

1362 1482 1449 1508 cce.
1468 1481 1557 1508 nav.
1584 1468 1628 1515 ii,
1645 1472 1671 1508 3
1701 1481 1743 1507 n.
1762 1481 1850 1506 nav.
1879 1469 1907 1516 i,
1925 1473 1952 1510 4
1981 1481 2083 1509 nce.
2113 1481 2203 1508 nav.

1362 1523 1563 1575 longarum
1591 1522 1633 1568 ii,
1652 1525 1679 1562 2
1707 1522 1839 1562 classis
1857 1523 2074 1562 communis
2091 1521 2203 1562 Grae-

1361 1576 1433 1616 ciae
1459 1577 1502 1622 ii,
1535 1579 1575 1615 3.
1603 1576 1660 1622 iii,
1689 1579 1715 1616 2
1743 1575 1876 1615 classis
1903 1575 2084 1629 confligit
2113 1588 2202 1616 cum

1363 1628 1592 1682 (classiarii)
1640 1628 1684 1675 ii,
1720 1633 1747 1669 4
1802 1629 1888 1682 (Sic
1916 1629 2038 1668 alibi:
2086 1641 2206 1669 naves

1362 1688 1547 1734 superant
1592 1681 1795 1721 Euboeam.
1837 1681 1969 1722 Vorst.
2000 1696 2039 1721 v.
2070 1682 2204 1735 navis)

1363 1736 1474 1775 classi
1501 1736 1697 1788 praeficere
1726 1732 1819 1787 aliq.
1850 1735 2204 1788 (Archithalassum

1363 1788 1621 1840 constituere)
1648 1788 1678 1836 i,
1695 1792 1721 1829 4
1750 1788 1912 1828 classem
1942 1789 2135 1830 aedificare
2160 1788 2206 1837 ii,

1365 1846 1406 1882 2.
1445 1843 1544 1890 iii‚3
1588 1854 1810 1894 comparare
1851 1842 1879 1888 i,
1911 1847 1939 1884 4
1979 1843 2205 1884 contrahere

1365 1895 1421 1943 ix,
1440 1901 1466 1938 4
1494 1896 1646 1936 efficere
1662 1895 1850 1948 celeriter,
1864 1895 1908 1943 ii,
1923 1899 1950 1936 2
1976 1894 2070 1936 dare
2088 1897 2207 1936 alicui

1366 1951 1394 1996 i,
1408 1954 1432 1990 7
1462 1950 1584 1989 classe
1596 1949 1789 2001 proficisci
1803 1949 1911 2002 (sub.
1929 1960 2034 1997 cum,
2045 1950 2109 1991 vel
2125 1949 2205 2003 in),

1367 2004 1463 2042 ibid.
1491 2003 1655 2043 navibus
1682 2003 1712 2050 i,
1746 2008 1767 2043 1
1809 2002 1931 2043 classe
1960 2003 2126 2056 appulsa
2154 2005 2206 2043 ad

1367 2057 1557 2096 Euboeam
1584 2058 1613 2104 i,
1631 2061 1658 2098 4
1686 2068 1775 2096 cum
1802 2057 1924 2097 classe
1941 2058 2093 2097 mittere
2111 2057 2206 2110 aliq.

1366 2110 1420 2158 iv,
1446 2115 1473 2151 2
1511 2111 1554 2150 in
1587 2111 1711 2150 classe
1736 2122 1821 2150 esse
1838 2122 1927 2150 cum
1957 2110 2104 2163 aliquo,
2133 2111 2206 2164 (de

1367 2165 1520 2217 collega
1550 2164 1732 2204 Praefecti
1761 2177 1792 2203 s.
1819 2163 2121 2218 Archithalassi)
2147 2164 2206 2212 iii,

1315 2270 1510 2311 classiarii
1539 2270 1704 2325 (milites
1747 2268 1884 2322 class.)
1919 2271 1948 2318 i,
1967 2275 1994 2312 7
2039 2278 2088 2311 et
2113 2270 2207 2311 alibi

1369 2324 1429 2376 (v.
1447 2325 1511 2364 Cl.
1526 2324 1712 2364 Scheffer.
1731 2323 1782 2363 de
1800 2324 1924 2364 Milit.
1944 2320 2048 2363 Nav.
2074 2324 2118 2371 ii,
2138 2325 2188 2376 8)

1315 2376 1545 2416 Clastidium
1558 2377 1674 2430 (opp.
1688 2377 1829 2416 Galliae
1843 2378 2077 2430 Cispadane
2087 2377 2206 2418 hodie

1370 2430 1647 2484 Chiasteggio)
1675 2430 1784 2478 xxiii,
1801 2434 1829 2471 4

1316 2482 1479 2523 Clavam
1498 2497 1629 2537 gerere
1647 2497 1764 2523 manu
1793 2483 1874 2530 xiV,
1890 2488 1917 2526 8

1317 2536 1511 2577 Claudere
1538 2539 1690 2576 hostem
1714 2536 1904 2590 angustiis
1929 2537 2102 2578 locorum
2127 2537 2207 2585 xiv,

1370 2595 1396 2632 8
1425 2592 1559 2630 urbem
1590 2591 1794 2631 obsidione
1820 2604 1885 2640 xv,
1903 2594 1930 2631 8
1969 2603 1995 2631 o
2178 2592 2206 2639 i,

1370 2649 1397 2685 7
1425 2645 1551 2699 (Caes.
1581 2644 1880 2698 circumvenire)
1908 2643 2039 2685 claudi
2061 2656 2206 2737 angus-

1370 2697 1433 2738 tiis
1469 2699 1546 2738 loci
1589 2712 1654 2746 xv,
1672 2703 1715 2740 7.
1761 2698 1855 2745 xxfi,
1885 2703 1912 2739 2
1958 2698 2113 2738 multitu
2143 2698 2207 2738 ine

1371 2752 1734 2853 5205322553511223
1754 2752 2016 2857 &iiim
2033 2757 2206 2845 3322:

1371 2859 1590 2913 Buchneri)
1623 2861 1674 2900 ad
1706 2860 1970 2899 claudendum
2000 2858 2123 2898 filium
2150 2858 2203 2905 iv,

1317 2965 1506 3007 Claudius
1524 2966 1587 3005 Μ.
1602 2965 1696 3006 cos.
1721 2965 1829 3013 xxiii,
1848 2969 1875 3005 ⁷

1318 3020 1494 3060 Claudus
1513 3019 1634 3059 altero
1650 3019 1751 3071 pede
1778 3019 1871 3066 xvii,
1889 3022 1916 3059 8

1318 3072 1537 3114 Clementia
1553 3073 1596 3112 in
1613 3079 1749 3124 captos
1763 3071 1823 3112 uti
1848 3072 1916 3120 vii,
1934 3075 1959 3112 6
1987 3077 2050 3112 est
2063 3070 2204 3111 invic-

1371 3127 1470 3166 toria
1499 3127 1616 3179 (opp.
1642 3126 1872 3179 crudelitas)
1898 3138 1963 3174 xx,
1981 3129 2008 3167 2
2036 3125 2203 3165 clemen·

1371 3180 1464 3219 tiam
1494 3179 1638 3219 violare
1668 3180 1818 3233 (facere
1851 3181 1959 3232 quod
1987 3177 2202 3220 clementiae

1371 3234 1498 3273 officio
1516 3233 1741 3286 indignum)
1768 3232 1836 3280 vii,
1857 3238 1909 3274 10

1318 3288 1445 3329 Cleon
1463 3287 1781 3327 Halicarnasseus
1809 3286 1861 3334 vi,
1878 3290 1906 3326 8
1952 3311 1957 3317 ·

1318 3341 1587 3394 Cleophantus
1606 3340 1845 3387 Corinthius,
1863 3339 1925 3379 Fr.
1939 3341 1997 3379 «10

1316 3395 1486 3449 Clypeis
1505 3394 1681 3435 maximis
1699 3393 1759 3433 uti
1786 3392 1840 3440 xi,
1860 3396 1882 3434 1

1317 3450 1483 3495 Cnidus,
1500 3449 1553 3497 ix,
1569 3454 1599 3490 4

1319 3503 1536 3554 Coarguere
1554 3501 1798 3555 tyrannidem
1815 3499 1979 3553 alicujus
2004 3500 2115 3554 (cum
2133 3513 2199 3539 ex·
