2306 3900
341 272 449 328 640

341 402 577 445 sententias
597 402 730 443 abire.
787 402 1007 443 Caeterum
1023 401 1142 444 Urbs
1161 403 1224 443 iu-

340 467 503 509 cendiis
524 465 665 507 diruta
683 463 782 507 fuit.
813 465 1020 507 Horatius
1039 465 1125 508 od.
1147 465 1224 507 lib.

338 541 403 571 ιν.
436 533 478 570 8.
535 529 548 551 ‘
569 529 670 570 Non
704 529 908 571 incendia
949 528 1225 581 Carthaginis

337 591 496 643 impiae,
532 590 638 643 Ejus
671 591 744 644 qui
775 591 940 633 domita
967 603 1122 632 nomen
1167 591 1223 630 ab

338 653 491 695 Africa
508 654 722 695 Lucratus
751 655 898 706 rediit,
927 654 1082 696 clarius
1115 654 1224 694 indi·

337 724 437 759 cant
474 718 660 772 Laudes,
692 731 815 772 quam
853 719 1051 761 Calabrae
1087 718 1223 766 Pieri·

337 782 445 824 des!
502 782 642 824 Addit
669 785 836 836 Florus,
867 784 880 807 ‘
901 795 980 836 per
997 782 1221 824 continuos

335 847 489 887 decem
516 852 563 887 et
593 852 758 900 septem
793 846 886 888 dies
920 846 990 887 vix
1027 846 1222 899 potuisse

335 909 583 951 incendium
619 909 871 963 exstingui.'
927 910 1024 951 Lib.
1063 919 1114 950 11.
1154 912 1216 949 15.

333 973 599 1014 Keuchenius.

391 1034 529 1077 Primo
557 1036 788 1078 mercenarii
805 1035 971 1088 milites]
1018 1034 1220 1088 Hispani,

334 1099 572 1152 Nomades,
589 1098 705 1148 Afri,
722 1099 917 1153 Ligures,
945 1099 1079 1151 Galli,
1097 1098 1218 1140 Grae-

337 1163 395 1214 ci,
410 1168 456 1203 et
474 1163 563 1204 alii.
591 1163 772 1204 Lambin.

384 1226 669 1268 Abalienarunt
702 1225 905 1278 Africam]
961 1225 1002 1267 A
1040 1224 1218 1266 Cartha-

330 1283 448 1343 giness
482 1292 620 1333 Lame».
686 1290 759 1334 Sic
796 1293 989 1340 Cimone,
1033 1292 1047 1315 ‘
1067 1290 1215 1331 insulae

331 1356 562 1407 alienatae‚'
583 1362 629 1397 et
645 1357 659 1380 ‘
678 1356 838 1410 oppida
853 1353 1069 1407 alienata,’
1089 1354 1215 1395 dixit.

336 1420 534 1462 Gebhard.

383 1483 520 1535 Poeni]
557 1483 945 1536 Carthaginienses.

384 1548 521 1599 anue
551 1546 867 1599 impetraverint]
907 1545 1089 1587 Omittit
1120 1546 1214 1587 haec

329 1610 434 1651 Cod.
454 1610 785 1664 UltraJectinus,
798 1615 849 1650 ut
867 1614 988 1650 certe
1004 1608 1214 1660 Polybius

326 1674 431 1714 nihil
481 1673 632 1715 horum
665 1677 987 1723 commemorat,
1023 1671 1215 1711 subsidia

327 1738 541 1778 Romanos
560 1736 708 1777 Poenis
724 1736 904 1777 misisse.
932 1735 1088 1775 Schott.

379 1799 651 1841 Hamilcarem
687 1799 972 1851 Imperatorem
1006 1796 1212 1849 fecerunt]

327 1862 436 1903 Cum
464 1863 507 1903 in
541 1862 755 1915 Gescone,
790 1874 916 1916 quem
953 1862 1077 1903 initio
1112 1862 1212 1902 huic

326 1925 442 1967 bello
460 1926 765 1979 praefecerant,
783 1932 829 1967 et
847 1927 890 1967 in
907 1925 1123 1966 Hannone
1141 1937 1213 1977 pa-

325 2002 419 2029 rum
439 1990 629 2042 praesidii
649 2002 743 2031 esse
761 1990 1074 2043 cognovissent.
1092 1989 1212 2031 Lam·

326 2051 450 2092 binus.

376 2115 456 2156 Sed
489 2115 609 2157 etiam
638 2129 683 2157 eo
706 2115 912 2169 compulit]
958 2116 1108 2160 Qualis
1138 2116 1210 2157 ille

326 2179 439 2230 apud
477 2179 760 2220 Claudianum
798 2179 968 2229 StiIico,
1000 2178 1072 2231 qui
1111 2178 1123 2201 ‘
1145 2183 1211 2219 tot

324 2241 505 2282 barbara
525 2243 640 2282 solus
673 2232 816 2282 Msslia
839 2241 1103 2294 jampridem
1135 2241 1211 2281 mi-

248 2315 250 2317 *
322 2314 460 2343 seram
480 2304 694 2344 vastantia
707 2304 908 2344 Thracen
927 2303 1102 2344 Finibus
1121 2304 1215 2344 exi·

323 2380 419 2419 guae
440 2368 561 2408 vallis
581 2369 782 2409 conclusa
802 2368 1009 2408 tenebat.’

377 2431 521 2471 Plures
546 2431 658 2482 fame
685 2444 803 2484 quam
826 2430 942 2480 ferro
974 2431 1205 2483 interirent]

322 2491 444 2535 Τέλος
462 2493 539 2534 ὑπὸ
554 2495 627 2535 τοῦ
640 2495 757 2544 λιμοῦ
773 2491 1090 2545 συναγχομένους
1107 2492 1207 2533 ἐσθί-

322 2571 378 2597 ειν
405 2556 595 2605 ἀλλήλων
622 2556 784 2607 σώματα
809 2557 1113 2606 ἀναγκασθῆναι,
1136 2555 1210 2595 τοῦ

322 2619 519 2669 δαιμονίου
535 2620 609 2668 τὴν
637 2618 780 2660 οἰκείαν
797 2618 965 2669 ἀμοιβὴν
981 2618 1113 2659 αὐτοῖς
1127 2618 1207 2658 ἐπι·

322 2682 522 2735 φέροντος,
541 2685 595 2738 τῇ
616 2682 710 2736 πρὸς
721 2681 813 2723 τοὺς
829 2680 955 2724 πέλας
966 2680 1130 2735 ἀσεβείᾳ
1142 2680 1208 2721 καὶ

320 2745 551 2799 παρανομίᾳ.
597 2746 755 2798 Polyb.

379 2810 556 2862 Uticam]
599 2811 738 2853 Quam
780 2809 939 2850 Uticam
971 2806 1114 2849 Latini
1142 2806 1206 2846 di-

320 2878 440 2924 cunt,
460 2873 604 2914 Graeci
624 2873 839 2914 conversis
858 2871 1076 2913 vocalibus
1106 2869 1205 2910 ’ira-

319 2949 407 2984 κην
430 2937 667 2989 appellant,
698 2936 743 2976 id
777 2943 861 2985 est,
891 2936 1063 2975 Itucam.
1107 2934 1205 2975 Ste-

318 2999 447 3051 phan.
476 2997 626 3049 Ἰτύκη,
644 2996 759 3038 πόλις
768 2996 928 3045 Λιβύης,
940 2995 1084 3049 Τυρίων
1098 2994 1205 3038 ὅποι·

318 3074 400 3102 κος.
438 3060 619 3105 Lambin.
675 3061 937 3101 Punicarum
978 3061 1022 3100 in
1054 3058 1204 3100 Africa

317 3126 504 3176 urbium,
524 3125 560 3165 si
580 3125 884 3178 Carthaginem
917 3124 1079 3176 demas,
1099 3127 1203 3168 nulli

320 3189 451 3230 cessit
470 3189 619 3230 Utica.
647 3189 882 3241 Sexaginta
895 3194 1036 3229 autem
1052 3190 1203 3230 stadiis

318 3265 341 3290 a
358 3251 619 3304 Carthagine
633 3251 842 3303 distabat,
856 3256 906 3291 ut
916 3256 1104 3293 testatur
1116 3251 1205 3304 Ap-

319 3314 470 3364 pianus
487 3327 500 3363 3
519 3326 675 3367 nempe
695 3327 843 3355 versus
857 3327 1072 3356 occasum.
1103 3316 1204 3357 Fuit

316 3376 408 3415 hoec
425 3375 569 3427 Τυρίων
587 3377 756 3430 ἄποικος,
783 3378 897 3431 quod
931 3384 977 3419 et
1005 3379 1202 3422 Justinus

318 3436 504 3478 affirmat
524 3439 597 3479 lib.
618 3451 740 3480 xnx.
796 3441 902 3480 Cum
924 3448 969 3483 et
987 3442 1138 3494 opibus
1157 3449 1204 3484 et

319 3500 595 3542 multitudine
614 3502 734 3552 Tyrii
756 3503 1043 3557 abundarent,
1074 3506 1202 3546 missa

1239 2713 1242 2714 ν
1270 2689 1323 2728 ad
1345 2688 1571 2730 Caninium
1593 2688 1733 2740 Epist.
1762 2689 1836 2730 lib.
1860 2699 1928 2729 lx.

727 289 906 329 No'rAE
948 259 1281 329 vamonum
1324 289 1390 329 ln
1431 291 1486 330 c,
1531 291 1795 331 nepo'ms

1287 402 1332 443 in
1350 402 1543 449 Africam
1567 405 1818 457 juventute,
1838 405 2010 446 Uticam
2030 406 2176 448 condi-

1288 466 1405 509 dere.
1461 467 1616 523 Itaque
1647 468 1703 510 de
1734 469 1992 522 antiquitate
2021 467 2175 522 gloria·

1288 528 1416 571 batur
1431 542 1514 572 non
1533 543 1699 584 parum,
1731 531 1833 585 quin
1863 536 1911 572 et
1939 542 1991 572 eo
2004 531 2174 573 nomine

1289 593 1537 646 Carthagini
1556 595 1885 648 praeferebatur.
1938 595 2068 636 Silius
2086 595 2175 637 Ita-

1286 657 1395 698 licus
1432 658 1507 700 lib.
1557 670 1631 700 111.
1687 661 1699 682 ‘
1732 659 1939 700 Proxima
1985 658 2173 704 Sidoniis

1286 719 1418 760 Utica
1436 726 1504 761 est
1517 719 1651 762 effusa
1666 721 1878 774 maniplis,
1900 721 2049 762 Prisca
2069 720 2173 773 situ,

1287 783 1527 838 veterisque
1549 790 1650 825 ante
1664 797 1784 824 arces
1800 784 1974 825 condita
1990 784 2174 836 Byrsae?

1285 845 1546 888 Aristoteles
1566 848 1610 887 in
1641 847 1751 888 libro
1769 847 2065 888 Mirabilium:
2094 849 2174 896 Τῆς

1285 907 1328 949 δὲ
1342 907 1488 957 Λιβύης
1503 908 1547 949 ἐν
1576 908 1707 963 Ἰτύκῃ
1735 908 1970 962 καλουμένη,
1990 909 2018 959 ἡ
2045 910 2173 952 κεῖται

1282 969 1368 1024 μὲν,
1385 972 1436 1012 ὥς
1449 970 1653 1024 λέγουσιν,
1671 972 1714 1014 ἐν
1731 974 1791 1024 τῷ
1803 973 1938 1024 κόλπῳ
1952 975 2011 1025 τῷ
2026 974 2174 1026 μεταξὺ

1282 1035 1459 1089 Ἑρμείας
1488 1036 1554 1077 καὶ
1584 1038 1656 1085 τῆς
1672 1037 1810 1077 Ἵππου
1827 1036 1961 1090 ἄκρας,
1991 1036 2171 1079 ἐπέκεινα

1283 1097 1326 1139 δὲ
1368 1099 1619 1152 Καρχηδόνος
1646 1100 1697 1142 ὣς
1723 1099 1904 1142 σταδίους
1943 1101 2172 1144 διακοσίους.

1281 1162 1308 1211 ἣ
1326 1162 1391 1204 καὶ
1417 1162 1602 1216 πρότερον
1631 1166 1832 1213 κτισθῆναι
1861 1163 2027 1215 λέγεται
2050 1165 2172 1214 αὐτῆς

1280 1229 1355 1276 τῆς
1377 1226 1628 1280 Καρχηδόνος
1658 1226 1764 1268 ἔτεσι
1792 1228 2000 1270 διακοσίοις
2030 1227 2169 1279 ὀγδοή-

1280 1305 1402 1332 κοντα
1438 1291 1554 1340 ἑπτὰ,
1580 1292 1632 1332 ὣς
1672 1290 1968 1344 ἀναγέγραπται
1995 1293 2045 1332 ’ἐν
2081 1294 2170 1334 ταῖς

1280 1357 1508 1398 Φοινικικαῖς
1545 1355 1738 1410 ἱστορίαις.
1791 1357 1982 1398 Velleius
2016 1358 2170 1398 Pater-

1280 1421 1400 1459 culus
1432 1420 1545 1460 citra
1565 1419 1697 1461 Codri
1731 1425 1944 1472 tempora,
1957 1420 2030 1474 qui
2049 1420 2168 1461 Sauli

1280 1480 1365 1523 fuit
1384 1483 1738 1536 aequalis‚Tyrios
1758 1483 1907 1535 paucis
1926 1484 2047 1524 anuis
2063 1488 2165 1536 post

1281 1544 1429 1585 Gades
1449 1546 1619 1586 Uticam
1638 1545 1880 1586 condidisse
1900 1545 2050 1587 refert.
2080 1547 2165 1587 Ur-

1279 1607 1323 1648 bi
1353 1607 1482 1658 igitur
1518 1613 1607 1650 tam
1646 1612 1829 1649 vetustae
1866 1620 2021 1649 nomen
2058 1608 2168 1649 fecit

1278 1670 1373 1722 ipsa
1393 1671 1643 1724 antiquitas.
1705 1670 1824 1711 Utica
1839 1671 1967 1724 enim,
1990 1672 2058 1712 vel
2076 1672 2165 1724 Ity-

1277 1745 1323 1773 ca
1359 1733 1542 1786 Punice,
1575 1732 1853 1790 P’nD‚-Itica,
1881 1734 1927 1774 id
1945 1739 2031 1785 est,
2055 1735 2163 1786 pris·

1277 1813 1325 1841 ca
1363 1799 1604 1841 dicebatur.
1652 1799 1871 1840 Bouchart.
1903 1800 2013 1843 ‘Qui
2048 1810 2163 1841 nunc

1276 1864 1394 1903 locus
1413 1875 1439 1903 a
1456 1862 1656 1903 barbaris·
1670 1863 1950 1904 Mazacbares
1975 1863 2166 1916 appella-

1279 1932 1362 1968 tur.
1394 1929 1454 1969 D.
1474 1929 1585 1969 Mar.
1608 1929 1750 1980 Niger.
2165 1930 2169 1934 ’

1331 1992 1576 2045 Hipponem]
1606 1993 1677 2034 Ab
1692 1992 1823 2034 Utica
1841 1992 1894 2032 ad
1909 1992 2047 2045 Hippi
2067 2005 2164 2046 pro-

1275 2056 1532 2097 montorium
1554 2057 1692 2109 Hippi
1711 2056 1842 2107 Urbs,
1860 2056 1930 2097 cui
1949 2057 2070 2108 palus
2089 2055 2164 2096 ad-

1269 2119 1393 2171 jacet
1413 2124 1544 2173 atque
1564 2120 1657 2160 haec
1676 2120 1799 2172 palus
1818 2119 2070 2171 Hipponitis
2090 2131 2162 2160 vo·
2183 2127 2185 2129 ’

1273 2188 1409 2224 catur.
1462 2183 1592 2223 Hanc
1618 2183 1780 2225 Urbem
1800 2188 1844 2224 et
1863 2183 2160 2236 Hippuacram

1273 2246 1467 2298 appellat
1478 2246 1696 2287 Diodorus
1712 2245 1786 2286 lib.
1803 2256 1881 2286 xx.
1900 2245 2163 2297 Stephanus,

1271 2309 1357 2350 alii.
1412 2310 1557 2350 Etiam
1576 2306 1718 2350 media
1737 2310 1969 2362 antiquitas
1989 2309 2160 2362 Hippo-

1271 2384 1367 2411 nem
1401 2372 1623 2412 Zarithum
1652 2372 1904 2424 appellavit,
1929 2372 2055 2412 sicuti
2077 2373 2159 2413 Ze·

1272 2439 1356 2475 tam
1377 2434 1527 2475 dixere
1556 2447 1635 2487 pro
1668 2434 1797 2476 dieta.
1853 2432 2063 2486 Διάρῥυτος
2086 2449 2159 2476 au-

1271 2503 1359 2538 tem
1409 2509 1434 2538 a
1477 2497 1647 2538 Graecis
1707 2499 1928 2550 appellata
1979 2505 2157 2552 propter

1270 2575 1475 2616 aquarum
1495 2563 1658 2616 irrigua
1673 2577 1683 2603 :
1714 2575 1812 2603 nam
1832 2563 1874 2602 in
1887 2562 2046 2604 vicinia
2061 2570 2158 2605 erat

1268 2630 1468 2678 stagnum
1483 2626 1780 2678 Hipponense,
1795 2626 1907 2666 unde
1927 2631 1973 2666 et
1988 2626 2156 2668 Plinius

1983 2690 1996 2711 ‘
2013 2689 2094 2730 Est
2111 2689 2169 2729 in'

1268 2750 1419 2792 Africa
1430 2751 1723 2805 Hipponensis
1734 2752 1904 2792 colonia
1917 2751 2020 2792 mari
2033 2763 2160 2804 prox·

1267 2814 1381 2857 ima:
1428 2815 1603 2867 adjacet
1653 2814 1896 2867 navigabile
1932 2822 2156 2868 stagnum:

1268 2890 1324 2918 ex
1342 2878 1423 2919 hoc
1441 2878 1483 2918 in
1502 2877 1672 2918 modum
1702 2877 1889 2919 fluminis
1908 2878 2156 2918 aestuarium

1267 2941 1465 2993 emergit,
1485 2941 1599 2994 quod
1618 2940 1712 2981 vice
1730 2941 1912 2992 alterna,
1928 2945 2058 2992 prout
2077 2952 2165 2980 πει

1269 3008 1338 3044 tus
1373 3009 1450 3044 aut
1481 3003 1688 3055 repressit
1718 3007 1793 3042 aut
1824 3002 2009 3055 impulit,
2039 3013 2155 3042 nuuc

1266 3065 1448 3107 infertur
1478 3066 1602 3117 mari,
1630 3077 1744 3106 nunc
1764 3065 1960 3106 redditur
1991 3071 2156 3118 stagno.

1267 3129 1418 3170 Omnis
1437 3129 1506 3170 hic
1537 3134 1642 3170 aetas
1668 3129 1877 3182 piscandi,
1908 3129 2154 3182 navigandi,

1266 3198 1396 3245 atque
1423 3193 1550 3232 etiam
1586 3191 1762 3233 natandi
1783 3191 1924 3232 studio
1952 3190 2153 3233 tenetur?

1266 3255 1375 3296 Haec
1407 3256 1496 3296 ille.
1541 3256 1689 3307 Hippo
1720 3261 1865 3295 autem
1899 3254 2040 3294 dictus
2062 3265 2149 3294 non

1266 3318 1322 3358 ab
1357 3318 1496 3372 equis,
1525 3318 1683 3359 Graeca
1713 3318 2032 3371 appellation03
2074 3317 2150 3357 sed

1267 3380 1385 3433 Syris
1424 3387 1470 3421 et
1508 3380 1722 3421 Arabibus
1760 3370 1973 3432 stagnum,
2011 3378 2150 3420 sinum

1267 3445 1461 3485 denotat.
1531 3445 1717 3486 Qualem
1771 3442 1986 3494 Hipponis
2022 3442 2150 3483 situm

1266 3506 1394 3548 fuisse
1416 3507 1652 3547 docuimus.
1686 3505 1900 3546 Bouchart.
