2306 3900
638 259 799 300 xvn.
861 258 1255 312 AcnsmAuM,
1296 260 1431 300 GAP.
1466 247 1519 301 8.

216 379 274 421 Ut
297 384 407 420 terra
425 382 530 422 tecta
546 383 646 420 esset
662 377 910 430 atramentis]
939 378 1039 420 Hoc

156 455 255 486 cum
267 444 406 486 Gallis
421 447 467 484 et
480 442 709 484 Germanis
724 441 1040 482 Lacedaemonii

154 506 317 548 habent
334 517 573 547 commune.
608 504 869 547 Atheuaeusz
897 503 1042 546 Κελτοὶ

155 569 229 613 τὰς
250 569 352 622 χοὰς
367 568 600 622 προτίθεται
626 566 770 621 χόρτον
797 566 1041 610 ὑποβάλλον-

157 648 239 686 τες,
254 633 321 675 eta)
337 633 401 674 ἐπὶ
414 632 617 687 τραπεζῶν
633 631 794 684 ξυλίνων
811 631 947 686 μικρὸν
964 632 1042 674 ἀπὸ

156 699 229 747 τῆς
244 699 320 749 ’γῆς
335 696 564 752 ἐπῃρμένον.
596 697 797 738 Gebhard.

143 752 146 756 ’
212 763 349 814 Neque
372 762 447 802 huc
470 761 640 814 amplius
663 773 778 814 quam
800 761 916 813 pellis
941 765 1042 801 essee

156 825 319 878 injecta]
345 826 472 867 More
490 827 659 867 scilicet
678 826 857 877 rustico,
874 830 921 866 et
940 825 1044 877 pris-

158 895 321 941 corum,
348 889 502 942 quibus
522 889 565 929 id
584 901 715 942 genus
736 894 876 930 strata
893 894 940 929 et
968 901 1042 930 cu·

158 951 263 992 bilia
299 958 440 1003 erant,
481 953 731 993 stramentis
765 956 813 993 et
859 951 1043 1004 pellibus

158 1021 325 1069 parata,
351 1022 397 1058 et
416 1017 471 1057 de
491 1017 642 1071 quibus
671 1030 750 1059 nos
779 1015 942 1058 affatim
969 1015 1044 1058 lib.

158 1091 211 1120 11.
227 1083 293 1121 16.
322 1080 718 1122 Miscellaneornm.
737 1083 857 1132 Mag.
894 1080 1044 1122 Simile

164 1143 268 1196 quid
287 1142 342 1184 dc
359 1143 592 1185 Tuberone
621 1144 768 1186 Stoico
795 1148 946 1184 narrat
974 1142 1044 1183 Ci-

158 1218 260 1247 cero
279 1205 406 1247 Orat.
426 1218 503 1258 pro
522 1207 736 1250 Muraena.

213 1268 401 1309 Hominis
416 1282 493 1310 non
511 1269 746 1322 beatissimi]
768 1270 942 1312 Vetust.
963 1272 1045 1312 Co-

158 1331 246 1371 dex
282 1339 429 1373 noster
463 1333 637 1375 hanzines
671 1345 751 1374 uon
784 1334 1043 1376 beatissimos.

157 1393 247 1435 Sed
264 1394 370 1435 nihil
388 1395 587 1437 interest.
616 1397 770 1438 Senon.

155 1491 165 1499 .
211 1457 373 1498 Praeter
389 1458 576 1512 citudinis]
595 1459 883 1503 Plutarchus:
911 1461 925 1484 ⁴
945 1451 1044 1502 Mu-

159 1519 333 1561 neribus
352 1521 492 1562 allatis
518 1522 819 1577 adductisque,
846 1523 1046 1576 farinam,

158 1584 331 1636 vitulos,
344 1596 516 1626 anseres
535 1586 728 1639 accepit:
759 1586 952 1639 bellaria,
970 1599 1046 1628 un-

158 1652 320 1698 guenta
351 1647 624 1701 repellebat?
678 1649 801 1690 Idem
821 1649 1043 1692 Plutarch.

158 1710 205 1751 in
229 1712 435 1765 apophth.
456 1712 616 1753 Lacon.
644 1713 727 1754 hoc
751 1712 913 1754 factum
938 1714 1047 1755 dicit

159 1777 275 1827 apud
293 1777 483 1829 Thasios,
511 1789 610 1818 cum
635 1790 715 1830 per
732 1790 879 1820 eorum
896 1791 1044 1833 agrum

159 1850 257 1879 cnm
277 1840 477 1881 exercitu
503 1840 589 1881 iter
616 1840 785 1882 faceret
804 1841 1046 1894 Agesilaus,

160 1901 234 1943 De
270 1903 515 1943 muneribus
561 1916 588 1944 a
633 1904 805 1947 Thasiis
840 1905 1047 1959 Agesilao

161 1964 316 2016 missis,
331 1965 478 2018 legere
495 1979 550 2007 ne
564 1967 714 2020 pigeat
729 1981 826 2022 quoe
846 1981 901 2010 ex
912 1970 1048 2011 Theo·

162 2039 321 2081 pompo
340 2029 491 2070 retulit
509 2028 746 2074 Athenaeus
763 2032 841 2075 lib.
860 2044 959 2076 xxv.
975 2037 1046 2076 29.

219 2155 414 2208 Οονοηαε]
444 2156 554 2200 Quae
580 2156 746 2200 fiebant
777 2170 832 2200 ex
856 2159 1048 2211 gramine

162 2218 345 2270 quodam
379 2231 464 2260 non
490 2221 634 2273 magni
662 2221 811 2274 pretii,
837 2222 951 2276 qnod
977 2221 1049 2270 Bb·

159 2283 264 2326 βλον
281 2281 425 2323 Graeci
444 2288 620 2336 vocant,
638 2283 754 2326 unde
778 2285 928 2328 charta
945 2299 1048 2328 cou-

162 2343 419 2387 ficiebatur=
450 2353 497 2388 et
517 2348 640 2388 taleis
659 2360 838 2391 coronas
867 2362 951 2392 uon
981 2363 1048 2392 re-

156 2400 317 2461 jecisse
353 2409 516 2451 dicitur
548 2409 791 2466 Agesilaus,
830 2418 882 2455 ut
909 2413 1048 2456 refert

162 2471 424 2514 Plutarchus
451 2484 507 2514 ex
524 2474 838 2527 Theophrasto.
866 2477 1048 2520 Iambin.

159 2533 318 2576 Refert
333 2534 570 2578 Athenaeus
588 2538 664 2579 lib.
681 2549 757 2581 xv.
776 2543 818 2582 6.
838 2552 894 2581 ex
911 2541 1048 2582 Theo-

163 2609 339 2651 pompo,
354 2598 582 2652 AEgyptios
605 2600 809 2654 Agesilao
825 2602 870 2644 in
888 2604 1048 2657 AEgyp-

163 2666 256 2702 tum
277 2661 582 2716 proficiscenti,
610 2663 726 2706 inter
754 2665 840 2706 alia
869 2678 1049 2708 munera

162 2726 176 2747 ⁶
189 2736 399 2778 papyrum
418 2726 702 2768 coronariam’
720 2729 901 2771 misisse.
930 2730 1046 2771 Plin.

161 2788 367 2830 lib.·xm.
390 2792 457 2830 11.
485 2789 640 2842 papyri
670 2788 819 2831 florem
838 2791 894 2832 ad
926 2793 1048 2835 Deos

163 2851 428 2893 coronandos
457 2853 554 2893 usui
582 2852 713 2895 fuisse
746 2853 869 2895 dicit.
924 2854 1048 2896 Idem

162 2915 240 2958 lib.
260 2926 358 2957 xxx.
383 2919 426 2957 2.
477 2916 777 2969 AEgyptiarum
796 2929 1049 2960 coronarum

162 2979 425 3021 mentionem
440 2977 560 3021 facit.
592 2980 711 3032 Mag.
766 2980 853 3021 Sed
871 2992 1047 3023 corona·

163 3053 256 3082 rum
280 3042 395 3094 apud
417 3049 583 3084 veteres
601 3043 645 3084 in
665 3043 872 3085 conviviis
890 3045 1048 3086 multus

164 3118 283 3157 usus,
312 3112 359 3147 et
390 3118 416 3147 e
445 3108 550 3149 rosis
586 3109 775 3150 sutilium
796 3110 1050 3162 praecipne;

165 3173 319 3221 postea
348 3169 519 3209 luxuria
548 3170 714 3212 invenit
731 3183 757 3212 e
782 3172 906 3212 nardi
925 3171 1046 3224 folio,

165 3237 213 3271 et
231 3236 352 3272 veste
367 3231 504 3272 serica
521 3232 769 3274 versicolori
787 3234 1046 3289 fuere,qnas

163 3294 392 3348 ungnentis
406 3295 697 3348 aspergebant
709 3298 1046 3349 pretiosissimis.

165 3357 330 3400 &amaa
389 3358 616 3411 Legendus
640 3359 819 3400 Carolus
837 3360 1047 3401 Passcha-

164 3423 244 3465 lius
261 3424 304 3465 in
324 3425 571 3466 doctissimo
589 3437 717 3479 opere
739 3426 986 3466 CoronarIo.

219 3488 322 3528 Eum
339 3490 565 3540 ignorantia
585 3489 768 3531 bonarum
793 3488 943 3541 rerum]
983 3488 1046 3528 ’A-

1878 248 1986 301 607

1103 379 1288 432 βελτερία
1299 380 1366 420 vel
1378 377 1609 432 ἀβελτηρῖα.
1630 378 1744 421 Nam
1758 382 1805 419 et
1819 376 1987 420 Graecis

1103 442 1315 497 ἀβέλτερος
1349 444 1611 496 explicatur,
1655 440 1702 483 τὸ
1736 439 1895 489 βέλτιον
1933 440 1990 492 μὴ

1102 507 1314 558 γινώσκων.
1379 509 1564 550 Constat
1595 512 1741 549 autem
1773 508 1854 548 hoc
1892 506 1991 548 viti-

1104 583 1175 612 um
1204 571 1466 621 rusticitate,
1496 571 1745 612 sinceritate
1768 569 1926 623 judicii
1945 572 1992 610 et

1102 646 1302 676 sensuum
1318 647 1332 685 3
1363 633 1556 688 ἂγροικίᾳ,
1567 633 1735 687 ἀκρισίᾳ,
1747 632 1990 686 ἀναισθησίᾳ.

1104 700 1284 741 Boeoler.

1159 762 1404 814 Nectanebe]
1433 762 1506 803 Sic
1526 762 1782 816 legendum3
1809 774 1912 814 non,
1939 767 1991 804 ut

1104 825 1266 866 habent
1293 825 1495 878 exempla
1526 826 1713 874 Veneta,
1748 826 1992 867 Nathabide.

1104 888 1179 930 Sic
1198 889 1312 929 enim
1342 889 1455 929 hunc
1474 889 1700 941 appellant
1717 888 1995 942 Plutarchus,

1107 952 1329 993 Diodorus
1367 951 1554 1004 Siculus,
1603 952 1862 1004 Polyaenus;
1910 951 1993 991 nisi

1107 1014 1222 1069 quod
1241 1013 1455 1067 ἀδιαφόρως
1474 1014 1741 1068 Nectanabus,
1770 1020 1818 1056 et
1844 1015 1994 1055 Necta-

1105 1079 1234 1129 nabis‚
1251 1084 1298 1120 et
1317 1078 1557 1120 Nectanebis
1566 1092 1583 1127 ;
1610 1079 1878 1132 Νεκτανεβὼς,
1895 1084 1994 1120 Νεκ·

1106 1140 1284 1195 fananas,
1300 1140 1540 1189 Νεκτάνεβις
1562 1141 1618 1183 ab
1636 1143 1720 1184 illis
1740 1143 1996 1185 nominatur.

1108 1206 1240 1250 Quod
1271 1211 1418 1248 autem
1449 1207 1493 1247 in
1525 1205 1805 1259 Apophtheg,
1831 1208 1992 1249 Lacon.

1107 1269 1330 1316 Νεκταβίου
1356 1270 1566 1322 scriptum
1587 1274 1670 1321 est,
1690 1275 1879 1310 erratum
1898 1281 1996 1310 esso

1107 1339 1231 1384 puto.
1289 1331 1589 1373 Nectanebum
1611 1344 1743 1384 supra
1762 1343 1995 1373 commora-

1107 1397 1173 1437 vit
1207 1401 1256 1436 et
1291 1395 1462 1437 Probus
1509 1396 1554 1437 in
1586 1395 1771 1437 Chabria
1808 1396 1995 1449 princip.

1105 1459 1291 1501 Lambin.

1160 1523 1358 1564 Ducentis
1369 1522 1517 1574 viginti
1529 1521 1710 1574 talentis]
1723 1522 2002 1576 Plutarchus,

1107 1587 1305 1629 ducentis
1336 1600 1388 1628 ac
1419 1586 1599 1638 triginta
1626 1587 1794 1638 argenti
1819 1586 1996 1628 talentis

1107 1650 1312 1691 donatum
1339 1649 1472 1691 fuisse
1490 1649 1742 1702 Agesilaum
1767 1650 1887 1691 dicit.
1941 1651 1997 1691 In

1107 1714 1330 1766 Apophth.
1368 1726 1473 1755 vero
1510 1715 1672 1758 Lacon.
1700 1715 1713 1737 ‘
1747 1714 1917 1767 ingenti
1952 1714 1997 1756 vi

1108 1777 1332 1830 pecuniae)
1359 1778 1477 1828 Mag.

1162 1839 1214 1880 In
1228 1843 1404 1893 portum,
1421 1841 1488 1892 qui
1504 1840 1680 1881 Menelai
1699 1842 1877 1894 vocatur]
1895 1841 2000 1881 Plu-

1109 1903 1247 1944 tarch.
1275 1902 1353 1944 Καὶ
1368 1903 1472 1956 παρὰ
1495 1902 1572 1952 τὴν
1587 1901 1736 1952 Λιβύην
1751 1902 1893 1957 χωρίον
1911 1903 1997 1957 ἔρη-

1107 1982 1181 2018 μον
1193 1967 1392 2019 κομισθεὶς
1402 1967 1427 2009 θ
1445 1968 1613 2008 καλοῦσι
1627 1966 1832 2009 Μενελάου
1843 1967 1998 2019 λιμένα.

1108 2032 1181 2073 De
1201 2044 1287 2085 quo
1306 2032 1406 2073 vide
1424 2031 1683 2073 Strabonem
1710 2031 1782 2073 lib.
1802 2043 1835 2074 1.

1161 2096 1307 2136 Jaeens
1334 2095 1444 2137 inter
1471 2094 1668 2148 Cyrenas]
1694 2094 1786 2136 Alii
1813 2094 1997 2136 Codices

1108 2169 1353 2212 perperam,
1369 2159 1540 2200 Grenas.
1574 2158 1693 2211 Lege
1708 2159 1896 2211 Cyrenas.
1924 2156 1998 2198 Iu·

1110 2221 1268 2275 telligit
1287 2222 1402 2263 euim
1421 2222 1572 2274 Nepos
1590 2221 1770 2275 Libyam
1789 2221 1999 2274 Cyrenai-

1109 2297 1219 2337 cam,
1254 2284 1372 2326 πόλιν
1406 2283 1565 2334 Λιβύης.
1635 2285 1779 2326 Latini
1821 2285 2003 2338 Cyrenas

1109 2349 1276 2390 dicunt.
1305 2347 1474 2402 Κυρήνη,
1485 2349 1654 2401 Κυρῆναι
1672 2349 1788 2402 apud
1803 2347 1999 2390 Graecos.

1109 2412 1310 2454 Kenchen.

1162 2476 1218 2516 In
1242 2475 1418 2517 morbum
1437 2475 1654 2528 implicitus
1679 2474 1864 2527 decessit]
1894 2475 1999 2516 Dio·

1110 2538 1240 2580 dorna
1261 2539 1338 2580 lib.
1361 2550 1435 2580 XV.
1451 2538 1642 2580 Ἐπανιὼν
1669 2537 1713 2579 δὲ
1736 2537 1792 2580 εἰς
1817 2538 1894 2587 τὴν
1922 2554 1999 2579 πα-

1108 2601 1220 2655 τρίδα
1237 2603 1300 2643 διὰ
1317 2600 1505 2655 Κυρήνης,
1522 2600 1797 2650 ἐτελεύτησεν.
1846 2601 1999 2654 Olym·

1109 2664 1227 2719 piad.
1260 2677 1351 2708 crv.
1398 2678 1498 2707 ann.
1533 2670 1575 2708 4.
1633 2667 1768 2708 AEtat.
1801 2675 1997 2707 uxxrv.

1109 2729 1287 2782 Imperii
1306 2740 1396 2771 xm.
1450 2728 1563 2771 Vide
1582 2729 1876 2771 Plutarchum.

1166 2794 1284 2840 Quod
1300 2795 1377 2834 mel
1400 2805 1476 2834 non
1493 2791 1704 2843 habebant]
1731 2792 1802 2833 Sic
1820 2792 1996 2833 Plutar-

1111 2857 1229 2899 chus.
1283 2857 1373 2898 Sed
1409 2862 1541 2910 negat
1576 2862 1723 2898 tamen
1754 2855 1992 2908 Diodorus,

1110 2927 1157 2963 et
1176 2920 1367 2973 Agesilai
1385 2920 1571 2962 cadaver
1587 2920 1631 2960 in
1650 2919 1778 2961 melle
1796 2920 1995 2972 Spartam

1110 2984 1385 3037 deportatum
1412 2984 1563 3035 tradit,
1595 2996 1646 3024 ac
1678 2984 1901 3036 sepultura
1930 2995 1997 3023 re-

1111 3050 1181 3102 gia
1206 3050 1448 3103 ceterisque
1478 3049 1709 3090 honoribus
1729 3049 1998 3089 decoratum.

1108 3113 1248 3154 Lamb.
1313 3113 1446 3153 Melle
1483 3113 1595 3152 enim
1632 3111 1858 3163 cadavera,
1897 3123 1995 3165 quae

1110 3176 1268 3217 servari
1302 3176 1480 3226 vellent,
1506 3174 1797 3215 condiebant:
1839 3179 1890 3215 nt
1924 3173 1995 3215 hic

1108 3238 1370 3280 Plutarchus
1390 3245 1436 3279 et
1452 3239 1502 3280 C.
1517 3238 1684 3278 Plinius
1699 3237 1909 3279 limam.
1923 3241 1995 3280 24.

1109 3307 1262 3342 auctor
1296 3305 1378 3341 est.
1432 3301 1572 3341 Varro
1602 3298 1688 3353 περὶ
1719 3302 1849 3353 ταφῆς
1876 3301 1993 3356 apud

1108 3363 1325 3405 Nonium:
1355 3364 1368 3386 ‘
1388 3362 1644 3404 Heraclides
1668 3363 1878 3405 Ponticus
1897 3365 1994 3418 plus

1110 3425 1239 3478 sapit,
1267 3426 1338 3479 qui
1359 3426 1582 3478 praecepit,
1610 3430 1659 3466 nt
1678 3426 1998 3478 cumburerent,

1110 3501 1234 3542 qnam
1254 3488 1543 3537 Democritus,
1572 3489 1659 3542 qni,
1687 3496 1735 3531 ut
1754 3490 1878 3531 melle
1907 3501 1993 3530 ser·
