2306 3900
360 236 471 291 706

365 368 503 421 ΒΠἾΡ
533 366 808 407 Phoenicibus
826 366 942 407 Urbs
961 373 1045 418 est,
1065 367 1244 408 Cartha-

361 443 471 483 gena
488 430 639 471 civitas
659 431 910 482 Hos-torum,
941 443 1069 484 quam
1097 431 1242 472 Graeci

359 493 565 536 οἷνοῦσσαν
582 499 820 535 verterunt.
837 494 963 535 Horu.
985 495 1243 536 Carthadaet

363 557 570 608 Carthago
603 557 733 598 idem.
807 558 893 598 Sed
931 558 1039 598 illud
1076 571 1241 599 merum

358 621 647 672 Phoenicium,
684 621 764 663 hoc
796 622 1024 674 Punicum,
1078 623 1120 663 id
1157 628 1241 674 est,

352 685 443 737 jam
456 684 742 738 depravatum
757 685 1031 726 Phoenicibus
1047 687 1240 739 aliquan-

358 754 448 787 tum
469 747 671 800 temporis
700 747 743 787 in
774 747 925 788 Africa
952 750 1238 790 commoratis.

356 811 470 852 Nam
491 811 618 851 Poeni
646 809 874 864 αὐτόχρημα
909 810 1086 852 Φοίνικες.
1144 813 1183 853 N
1188 826 1240 854 ec

357 874 552 926 dubium,
580 874 682 927 quin
709 876 911 915 Graecum
941 874 1155 927 Καρχηδὼν
1185 875 1240 916 ab

355 937 710 989 eadem'origiue
736 938 793 978 sit
829 937 1063 978 deductum
1094 944 1140 979 et
1177 938 1240 978 in-

353 999 527 1041 flexum.
585 1001 710 1043 Quod
729 1001 968 1042 Siculorum
1002 1002 1239 1055 proprium,

355 1064 427 1116 qui
446 1067 467 1103 θ
483 1068 653 1120 mutant
672 1064 715 1104 in
729 1078 775 1115 χ.
829 1063 901 1105 Sic
921 1078 1016 1118 quae
1037 1065 1240 1106 Gar-thado

352 1127 422 1165 vel
463 1126 664 1176 Carthago
697 1125 859 1178 Poenis,
905 1127 989 1179 ipsi
1034 1127 1238 1168 dixerunt

354 1187 561 1241 Καρχηδώ.
616 1189 709 1241 Ipsi
737 1188 901 1230 Africae
922 1189 1049 1230 vicini
1066 1190 1147 1230 hoc
1165 1203 1238 1231 no·

351 1265 450 1294 men
471 1253 637 1293 Graecis
657 1253 1001 1294 transmiserunt.
1058 1254 1232 1294 Fallun-

351 1321 424 1356 tur
443 1315 576 1368 igitur
594 1320 789 1355 auctores
811 1315 1003 1367 plerique
1033 1316 1235 1368 Graeciae,

352 1380 426 1432 qui
471 1378 704 1431 Καρχηδόνα
741 1379 958 1420 conditam
1005 1380 1236 1432 scripsere,

351 1443 430 1484 ἀπὸ
467 1442 716 1496 Καρχηδόνος
745 1443 847 1485 τινὸς
883 1441 1017 1496 ἀνδρὸς
1052 1444 1232 1485 Φοίνικος.

351 1509 464 1549 Nam
500 1508 612 1548 idem
633 1520 790 1548 nomen
824 1508 1040 1561 Καρχηδὼν
1071 1513 1116 1549 et
1134 1510 1235 1549 Car-

349 1572 486 1622 thago,
512 1570 726 1611 deflexum
749 1585 774 1611 a
806 1572 974 1612 Punico
1007 1572 1077 1612 vel
1107 1572 1233 1612 Pboe-

349 1634 464 1675 nicio
487 1634 701 1675 Carthado.
756 1635 870 1676 Vide
904 1635 1110 1687 Magnum
1141 1636 1233 1676 Sal·

348 1697 529 1737 masium
560 1696 606 1736 in
626 1697 842 1748 stupendo
873 1697 1232 1739 exercitationum

349 1758 640 1799 Plinianarum
659 1771 801 1811 opere.

402 1823 532 1863 Antea
556 1822 722 1874 speciem
740 1822 877 1863 habuit
901 1823 1066 1875 duplicis
1078 1824 1232 1877 oppidi]

347 1886 474 1926 Unde
496 1884 701 1938 Virgilius
722 1887 1027 1939 Carthaginem
1057 1894 1106 1928 et
1125 1888 1233 1941 Byr-

348 1962 438 1990 sam
458 1949 700 2002 conjunxit,
719 1955 768 1990 ut
787 1950 915 1990 urbes
936 1950 1107 1992 vicinas.

405 2013 528 2063 Cujus
546 2012 715 2053 interior
737 2025 834 2065 pars
852 2013 990 2065 Byrsa
1007 2012 1231 2065 dicebatur]

347 2075 506 2118 Strabo
524 2075 597 2115 lib.
618 2086 734 2115 xvn.
764 2075 1010 2128 Geograph.
1040 2075 1116 2117 Kal
1129 2081 1231 2128 Καρ-

345 2138 477 2188 χηδὼν
507 2136 549 2177 δὲ
577 2136 641 2177 ἐπὶ
667 2135 911 2189 Χερῥονήσου
937 2137 1042 2179 τινὸς
1065 2138 1228 2191 ἵδρυται.

345 2201 448 2241 κατὰ
481 2198 606 2250 μέσην
639 2199 682 2240 δὲ
716 2199 831 2241 πόλιν
859 2200 886 2248 ἦ
914 2200 1136 2254 ἀκρόπολις,
1176 2200 1230 2249 ἣν

345 2263 510 2306 ἐκάλουν
523 2262 691 2316 Βύρσαν,
715 2262 832 2315 ὄφρὺς
851 2265 986 2305 ἱκανῶς
1013 2264 1133 2317 ὀρθία,
1161 2264 1228 2306 κύ-

345 2336 429 2379 κλῳ
454 2325 751 2380 περιοικουμένη.
806 2327 1058 2380 Appellatio
1091 2329 1167 2368 illa
1202 2342 1229 2369 a

344 2390 462 2431 corio
499 2390 643 2430 ducta.
712 2389 824 2430 Vide
866 2389 1132 2442 Appianum,
1180 2396 1227 2431 et

345 2453 614 2495 Eustathium
665 2452 710 2492 in
758 2452 1023 2504 Dionysium.
1097 2451 1228 2505 Βύρσα

347 2516 458 2556 enim
479 2515 649 2556 Graecis
668 2514 845 2555 corium.
900 2515 1040 2566 Byrsa
1059 2520 1105 2556 et
1125 2515 1227 2556 Car-

343 2579 492 2632 thago,
511 2591 566 2619 ex
587 2577 755 2619 taurino
786 2583 910 2630 tergo
936 2577 1136 2619 derivata
1156 2590 1227 2620 vo-

343 2642 513 2683 cabula.
570 2642 730 2683 Postea
750 2646 893 2682 tamen
913 2641 1084 2682 diversa
1100 2642 1226 2695 signi-

342 2704 470 2745 ficata
504 2715 729 2756 accepere.
795 2704 859 2744 Ut
892 2703 1116 2757 probabile
1153 2706 1227 2756 sit,

341 2767 492 2821 nugari
522 2767 619 2807 heic
656 2766 834 2808 Graecos
850 2771 896 2808 et
916 2767 1092 2809 Latinos
1124 2781 1225 2810 auc·

344 2838 477 2882 tores,
512 2835 562 2870 ut
594 2830 903 2882 propemodum
937 2831 983 2872 in
1015 2833 1225 2874 omnibus.

343 2895 484 2946 Byrsa
502 2893 615 2933 enim
651 2896 804 2936 ῦἾΥῚΖι
825 2895 906 2936 hoc
927 2902 1009 2943 est,
1036 2898 1224 2938 munitus

346 2957 468 2998 locus
502 2958 648 2999 Poenis
687 2966 732 3000 et
764 2959 1072 3000 Orientalibus.
1127 2961 1225 3003 Quo

341 3021 514 3061 nomine
536 3021 664 3062 etiam
684 3022 973 3063 Idumaeorum
1009 3028 1225 3075 metropo-

341 3085 393 3125 lis
414 3085 629 3137 insignita.
685 3086 811 3127 Unde
843 3086 969 3126 hodie
998 3087 1163 3127 munita
1180 3091 1226 3127 et

343 3153 525 3200 augusta
544 3148 639 3188 loca
657 3149 808 3189 Bursae
827 3154 1045 3189 vocantur.
1085 3150 1225 3191 Quale

342 3217 410 3250 est
429 3212 575 3251 Romae
596 3212 873 3265 Capitolium,
904 3208 1086 3253 Athenis
1113 3212 1224 3265 ἀκρό-

341 3279 466 3312 πολις.
497 3275 698 3315 Keuchen.
758 3277 976 3316 Caeterum
1010 3275 1116 3316 illud
1136 3277 1222 3316 col-

339 3334 476 3385 ligere
497 3348 734 3388 posmmus,
761 3339 961 3390 Byrsam,
988 3351 1083 3392 quae
1115 3337 1224 3390 ἀκρό-

342 3404 451 3438 πολις
480 3396 578 3447 fuit,
615 3411 640 3439 a
677 3401 847 3442 Didone
884 3402 1020 3453 Tyria
1054 3407 1221 3442 tantum

342 3459 473 3504 fuisse
494 3461 733 3513 conditam3
758 3464 926 3505 larbam
945 3469 1096 3517 postea
1114 3477 1224 3506 novo

750 251 928 290 No'rAE
968 250 1298 291 VARIORUM
1345 253 1409 291 {N
1451 254 1502 293 C.
1541 255 1836 294 NEPo'ms.

1305 365 1482 406 conditu
1513 378 1606 407 eam
1643 367 1792 408 urbem
1828 368 2105 420 instaurasse,
2140 373 2191 410 et

1303 439 1480 470 vocasse
1505 430 1652 478 Καινὴν
1682 430 1811 483 πόλιν,
1841 431 2009 472 Punica
2030 433 2099 473 vel
2116 433 2189 473 Li-

1305 488 1416 543 byca
1447 504 1569 543 voce,
1603 505 1699 546 quae
1728 493 1771 533 id
1803 492 2078 545 significaret.
2131 493 2193 534 Id-

1304 559 1395 593 erat
1414 553 1630 595 Carthada
1667 557 1736 596 vel
1765 556 2000 597 Carthado.
2056 549 2189 604 Unde

1302 615 1406 656 κατὰ
1448 618 1695 672 παραφθορὰν
1751 620 1915 661 Latinis
1969 620 2190 672 Carlkogm

1304 679 1472 720 Graecis
1507 682 1722 734 Καρχηδὼν
1753 683 1874 724 dicta
1910 689 1992 726 est.
2060 684 2187 728 Falsa

1301 741 1436 795 igitur
1455 749 1502 784 et
1518 747 1742 796 nugatoria
1755 748 2009 789 Graecorum
2024 747 2190 800 opinio,

1303 806 1377 858 qui
1397 819 1422 846 a
1441 807 1720 849 carchedone
1737 811 1866 863 Tyrio
1885 811 2119 861 conditam,
2133 815 2180 850 et

1302 868 1402 908 inde
1421 869 1680 911 nominatam
1697 873 1926 925 scripsere.
1946 873 2180 915 Salmasius.

1356 932 1551 973 Exterior
1579 935 1781 987 Magalia]
1823 936 1999 976 Servius
2035 937 2078 976 in
2115 949 2180 978 ιν.

1300 994 1396 1038 AEn.
1438 997 1640 1048 Magalia,
1657 997 1858 1039 Afrorum
1877 1010 2014 1051 casas,
2031 1006 2077 1040 et
2089 1001 2182 1041 Ma.

1295 1060 1406 1111 palia
1429 1059 1542 1100 idem
1561 1061 1803 1113 significare
1823 1067 2017 1102 annotat.
2068 1063 2183 1104 Vide

1299 1124 1547 1164 Sallustium
1568 1130 1615 1165 et
1639 1127 1830 1167 Festum.
1886 1127 2075 1167 Carisius
2105 1128 2184 1168 So·

1299 1186 1463 1239 sipater
1477 1200 1492 1228 .·
1512 1189 1709 1240 Magneta,
1726 1187 1894 1236 κάλυβαι
1906 1190 2068 1244 Ἀφρῶν.
2088 1192 2183 1231 Μα-

1294 1250 1419 1302 palia,
1437 1250 1605 1298 κάλυβαί
1636 1252 1774 1305 ἀγρῶν.
1829 1253 1914 1294 Sed
1948 1253 2184 1307 utrobique·

1297 1314 1446 1366 Ἀφρῶν
1481 1316 1708 1368 legendum
1742 1329 1912 1358 censeo.
1978 1316 2178 1359 Schottue.

1299 1364 1401 1419 8¹70
1437 1378 1558 1430 palea
1578 1379 1647 1418 vel
1668 1379 1786 1431 pales
1812 1379 1930 1430 Syris
1959 1384 2026 1420 est
2063 1380 2177 1432 agri·

1298 1445 1407 1494 cola,
1437 1444 1532 1484 hinc
1551 1445 1719 1496 mapale
1740 1444 1986 1497 deductum,
2006 1444 2174 1497 propri-

1297 1517 1365 1545 am
1387 1506 1584 1558 agricolae
1619 1507 1848 1559 tugurium.
1905 1509 2023 1560 Ergo
2061 1507 2176 1560 apud

1298 1569 1505 1609 Carisium
1541 1568 1712 1616 κάλυβαι
1760 1570 1890 1622 ἀγρῶν
1925 1571 2175 1623 legendum,

1295 1643 1394 1679 non,
1428 1638 1478 1672 ut
1513 1633 1715 1674 Schottus
1746 1639 1913 1685 censet,
1946 1634 2175 1687 utrobique

1295 1694 1457 1747 Ἀφρῶν.
1513 1696 1624 1736 Haec
1651 1701 1752 1736 ante
1769 1708 1835 1736 me
1857 1697 1964 1737 vidit
1983 1697 2179 1737 doctissi-

1295 1771 1388 1799 mus
1403 1759 1689 1799 Bouchartus.
1715 1759 1980 1799 Keuclteuius.
2025 1759 2180 1800 Festus·

1297 1822 1310 1844 ‘
1329 1822 1545 1874 mapalia,'
1564 1821 1753 1861 Punicas
1774 1833 1896 1861 casas
1917 1821 2178 1873 interpreta-

1297 1891 1383 1936 tur,
1400 1885 1584 1937 Plinius,
1600 1885 1766 1925 domus.
1804 1885 1914 1925 Cato
1928 1884 2176 1925 cohortibus

1296 1948 1490 1988 rotundis
1539 1948 1773 2000 assimulat,
1821 1960 1885 1988 1v.
1937 1947 2176 2001 Originum.

1295 2011 1434 2054 Quem
1456 2012 1565 2051 citat
1582 2012 1773 2052 Servius.
1841 2011 1912 2051 Sic
1931 2011 2112 2063 Mapalia
2130 2017 2177 2052 et

1295 2075 1479 2124 Magalia
1492 2075 1657 2115 eadem.
1686 2074 1808 2114 Idem
1827 2074 1997 2114 Servius
2012 2075 2177 2127 Magor,

1292 2135 1440 2188 lingua
1459 2136 1637 2177 Poeniea
1657 2137 1803 2176 villam
1822 2135 2083 2188 significasse
2103 2149 2176 2178 no·

1294 2204 1374 2241 tat.
1403 2200 1574 2240 Salmas.
1621 2200 1748 2240 Unde
1768 2199 1961 2240 Isidorus
1979 2201 2177 2253 magalia,

1291 2262 1412 2314 quasi
1438 2262 1630 2313 Magaria
1664 2263 1799 2312 dicta,
1819 2261 1939 2303 dicit.
1996 2263 2173 2315 Quippe

1291 2327 1424 2373 ἾΊΔΏ,
1445 2329 1489 2368 id
1509 2335 1589 2375 est,
1609 2330 1774 2380 Magur,
1792 2329 1921 2369 hodie
1939 2328 2174 2369 Orientali-

1291 2391 1369 2431 bus
1404 2391 1708 2433 habitationem
1761 2391 1956 2432 denotat.
2025 2390 2171 2444 Atque

1289 2453 1389 2495 hinc
1409 2455 1591 2495 Plautus
1623 2455 1665 2494 in
1697 2454 1893 2507 Poenulo,
1919 2456 1931 2477 ‘
1946 2454 2144 2507 Megaria
2160 2453 2172 2471 '

1289 2517 1413 2558 dixit.
1443 2518 1707 2558 Bouchartus.

1303 2606 1308 2608 -
1343 2580 1438 2620 Vita
1455 2579 1690 2631 illustrium]
1706 2579 1804 2620 Nisi
1830 2579 2172 2632 Vitoelegendnm

1290 2647 1371 2683 est.
1419 2642 1506 2683 Hic
1528 2643 1647 2682 locus
1667 2643 1775 2682 mire
1793 2640 2018 2683 confirmat
2036 2643 2171 2695 scrip.-

1290 2710 1432 2745 turam
1451 2709 1558 2746 vett.
1575 2705 1781 2745 librorum
1797 2704 1839 2743 in
1856 2704 2062 2756 proeomio
2073 2717 2173 2758 ope·

1289 2768 1345 2809 ris
1364 2768 1420 2809 de
1440 2766 1753 2809 excellentibus
1775 2766 1887 2807 viris.
1915 2767 2074 2808 Rosius.

1343 2831 1518 2883 Propius
1541 2830 1811 2871 Grammatico
1829 2830 1990 2882 aeusi]
2018 2830 2063 2872 Si
2080 2832 2172 2873 vul·

1274 2888 1432 2946 'gatam
1454 2895 1684 2934 lectionem
1703 2893 1924 2933 Diomedis
1944 2894 2174 2946 nequimus,

1287 2957 1381 2997 haec
1413 2955 1653 3007 Ciceronis,
1687 2968 1773 2996 non
1818 2956 2002 3008 Nepotis
2037 2957 2171 2998 verba

1288 3018 1466 3060 fuerint.
1523 3019 1594 3060 Sic
1629 3019 1740 3059 enim
1773 3031 1825 3059 ex
1853 3018 2044 3060 editione
2063 3020 2170 3060 Put-

1289 3082 1398 3122 sehii
1450 3082 1582 3122 verba
1635 3082 1921 3123 Grammatici
1983 3083 2169 3124 habent:

1287 3146 1468 3196 ΡῐιοΡΕ,
1487 3158 1608 3197 prope
1626 3158 1686 3185 me
1706 3150 1779 3196 est,
1795 3150 1838 3185 ut
1857 3145 1958 3186 dicit
1978 3146 2114 3186 Cimo
2129 3146 2172 3185 ia

1288 3210 1488 3260 Pisonem,
1506 3220 1744 3250 Pnoxnuvs
1763 3210 2020 3250 Pompmvu
2040 3217 2171 3248 sams-

1288 3283 1401 3316 ΒΑΜ.
1459 3273 1539 3314 Sed
1572 3277 1613 3313 et
1630 3273 1781 3313 Dativo
1799 3284 1891 3311 casu
1907 3271 2009 3311 idem
2030 3270 2168 3311 Cicero

1287 3338 1393 3379 aia-it
1421 3339 1472 3379 ad
1501 3339 1698 3389 Atticum,
1725 3347 1917 3377 Paomvs
1945 3347 2168 3377 omnus.-

1289 3411 1395 3441 rico
1425 3411 1619 3443 Accnssh
1674 3402 1808 3451 Nepos
1838 3400 1880 3439 in
1901 3400 2056 3440 Illustr.
2077 3402 2169 3440 Sal-

1287 3466 1379 3506 lust.
1428 3474 1646 3506 ramulus.
1692 3463 1994 3504 CARTHAOEM
2038 3473 2166 3505 noc-A.
