2306 3900
746 264 965 305 RERUM
1010 264 1084 303 ET
1124 265 1489 307 VERBORUM.

241 390 332 437 post
359 397 445 425 earn
481 398 523 426 se
554 395 752 438 nunquam
779 384 1066 427 Lacedaemonii

242 439 460 479 refecerunt
486 438 578 485 xvii,
597 443 621 480 7
665 438 830 492 (pugnas
847 438 964 490 hujus
981 440 1064 480 ico-

240 505 330 531 nem
349 493 468 533 habes
486 506 552 545 ap.
580 492 646 533 Jo.
691 491 888 533 Arceriurn
906 491 947 532 in
962 493 1066 533 notis

241 545 294 584 ad
314 546 466 585 AEliani
480 545 661 598 Tactica)

185 596 304 638 Levis
332 604 522 638 armatura
546 599 638 651 (pro
665 596 861 638 militibus
882 597 976 637 levis
1005 612 1065 638 ar-

241 649 357 704 mat.)
385 651 462 700 xiv,
481 656 508 692 8
549 650 644 692 levis
669 650 916 704 (expeditus)
954 652 1008 698 xi,
1042 657 1063 693 l

241 704 338 743 levis
364 718 454 752 xxv,
478 709 528 745 15
558 705 631 758 (de
649 718 712 751 eo,
739 703 808 757 qui
834 704 946 756 plura
976 718 1065 757 pro·

240 757 375 805 mittit,
404 770 522 809 quam
550 764 721 810 praestat,
747 771 827 799 non
844 764 924 797 tam
942 758 1068 797 facili·
1123 791 1128 794 .

181 856 185 860 ι
238 815 321 850 tate
347 811 479 859 officii,
509 825 625 864 quam
663 812 880 851 temeritate
909 810 1068 864 linguae.

238 861 375 904 Boecl.
391 879 401 904 ι
417 878 563 919 oppon.
579 865 760 911 liberalis,
773 863 891 916 ibid.)
909 865 995 904 leve
1002 864 1069 918 ju-

184 956 187 957 .
237 917 368 958 dicare
397 919 555 971 aliquod
575 932 697 970 genus
721 917 933 970 scripturae,
953 918 1068 961 Praef.

234 969 374 1023 (moxz
416 985 497 1012 non
528 973 622 1011 satis
656 971 818 1025 dignum
836 984 1069 1011 summorum

238 1023 404 1064 virorum
419 1027 606 1077 personis,
619 1024 739 1078 ibid.)
761 1025 881 1064 levior
894 1038 978 1065 esse
989 1039 1067 1065 coe-

238 1077 301 1129 pit
326 1080 482 1118 morbus
512 1078 703 1133 (remisit)
748 1092 838 1126 xxv,
871 1082 925 1118 22
982 1079 1068 1119 haec

239 1130 385 1172 leviora
401 1139 492 1171 sunt
508 1132 617 1179 mihi,
641 1145 754 1171 mox:
785 1144 850 1184 ap.
869 1145 931 1171 me
960 1145 1022 1180 xv,
1042 1137 1064 1173 1

237 1183 343 1237 (vid.
361 1185 458 1225 Esse
476 1187 526 1225 ab
546 1184 691 1238 invid.)

186 1235 269 1277 Lex
298 1239 349 1278 de
375 1239 626 1291 prohibendis
641 1239 839 1291 sepultura
858 1238 1064 1290 proditori·

180 1327 189 1331 -
241 1290 313 1331 bus
345 1293 432 1345 (ap.
462 1292 633 1346 Athen.)
661 1293 704 1338 ii,
729 1296 781 1332 10
810 1292 870 1345 (v.
887 1291 1066 1333 Lambin-

182 1375 185 1378 .
239 1342 305 1383 Fit
316 1345 492 1398 ejusdem
512 1346 608 1399 legis
625 1346 743 1386 etiam
761 1347 908 1385 mentio
922 1359 987 1397 ap.
1003 1346 1066 1385 in-

237 1404 442 1449 terpretem
459 1399 633 1440 Homeri.
676 1399 795 1438 Adde
821 1399 901 1447 xix,
914 1398 976 1451 4).
1002 1399 1065 1438 lex

235 1451 444 1491 oblivionis
473 1451 730 1507 (ἀμνηστίας)
758 1452 839 1499 viii,
858 1456 883 1492 3
928 1452 992 1491 lex
1015 1453 1066 1492 de

237 1518 319 1544 non
350 1506 553 1547 retinendo
583 1507 685 1546 ultra
710 1505 887 1558 praefinit.
911 1511 1066 1559 tempus

179 1595 184 1598 ,
237 1558 400 1612 imperia
426 1565 530 1608 ΠΛ
571 1561 657 1613 lege
675 1572 788 1613 agere
813 1573 904 1600 cum
916 1558 1064 1611 aliquo,

234 1625 354 1652 mox:
380 1613 532 1665 legibus
542 1614 706 1665 experiri
732 1617 834 1659 xx‚6
863 1611 1066 1665 (legitimis

238 1666 458 1707 actionibus
476 1667 653 1719 experiri.
707 1667 817 1706 Sicut
841 1665 944 1705 enim
964 1664 1064 1717 ejus,

235 1720 307 1770 qui
319 1719 387 1773 jus
405 1721 607 1771 reddebat,
638 1728 699 1760 est
715 1719 804 1772 ‘jus
823 1720 952 1759 dicere
965 1720 992 1768 3'
1011 1719 1067 1758 ita

234 1773 286 1820 ia,
314 1774 383 1826 qui
396 1774 464 1827 jus
479 1788 590 1814 suum
606 1774 922 1826 persequebatur,
940 1779 982 1812 et
995 1772 1065 1812 ali-

180 1860 182 1862 *
235 1826 336 1878 *quid
354 1841 501 1876 eorum,
531 1841 619 1880 quae
647 1828 732 1879 lege
751 1826 1064 1873 continebantur,

237 1881 346 1933 apud
393 1887 581 1928 raetorem,
613 1888 680 1921 aut
703 1880 772 1933 jus
788 1879 999 1926 dicentem,
1026 1879 1067 1918 in

234 1933 325 1986 jure
343 1893 489 1983 oiiibat,
517 1935 630 1987 ‘lege
647 1934 773 1986 agere'
792 1933 1005 1973 dicebatur.
1030 1947 1068 1973 v.

238 1987 411 2027 Brisson.
429 1989 480 2028 de
498 1988 624 2028 Form.
652 1994 693 2027 et
712 1987 845 2040 Sigon.
874 1987 924 2026 de
936 1985 1063 2038 judic.

237 2045 265 2084 l.
296 2048 335 2085 l.
365 2056 456 2097 cap.
482 2047 523 2084 7.
560 2050 602 2082 et
617 2047 665 2104 ⁹2
689 2039 848 2092 Boecl.)
871 2040 976 2102 leges
994 2053 1062 2103 pa-

183 2181 187 2184 ,
236 2094 1062 2204 ta?122221ssss⁶ffl33u3223d1531¹22²51

237 2203 436 2258 romulea)
481 2216 546 2250 xx,
565 2206 590 2243 3
629 2202 757 2255 (leges
774 2199 1063 2252 conjunguntur

237 2258 328 2298 heic
346 2263 450 2297 recte
467 2269 556 2297 cum
575 2261 587 2279 ⁸
602 2254 806 2300 libertate‚'
821 2266 914 2306 quae
931 2253 1063 2293 adem-

239 2311 290 2351 tis
313 2312 464 2364 legibus
491 2309 662 2358 tollitur3
691 2307 833 2348 relictis
869 2319 1065 2346 remanere

238 2365 404 2405 videtur.
459 2364 551 2411 Quo
583 2375 697 2402 sensu
717 2359 864 2400 Rhodii
892 2373 956 2412 ap.
974 2359 1061 2399 Liv.

240 2421 295 2459 32
339 2418 563 2470 ‘Carthago
594 2415 714 2456 libera
744 2427 834 2454 cum
859 2413 937 2452 suis
967 2413 1064 2466 legi-

239 2472 313 2511 bus
342 2471 428 2511 est.'
456 2469 615 2521 Boecl.)
642 2469 795 2520 legibus
819 2480 952 2506 eorum
972 2467 1065 2506 licet

239 2525 363 2563 cuivis
378 2524 524 2575 ephoro
535 2525 614 2562 hoc
630 2521 758 2560 facere
775 2519 856 2572 regi
882 2519 936 2565 iv,
954 2523 979 2559 3
1007 2519 1064 2558 le-

239 2577 354 2629 gibus
365 2576 596 2616 Atheniens.
618 2574 744 2614 emitti
758 2587 781 2613 e
794 2571 974 2612 custodia
984 2585 1065 2611 non

239 2636 394 2683 poterat
408 2629 499 2691 (per
516 2628 621 2681 leges
638 2625 813 2679 illorum)
839 2639 879 2672 v,
899 2629 921 2666 1
951 2631 995 2664 ut
1010 2624 1066 2665 ibi

239 2683 291 2723 de
307 2697 356 2723 eo
368 2683 485 2736 legib.
503 2682 612 2722 fieret
617 2680 811 2734 judicium
828 2678 1065 2731 (secundum

239 2737 364 2790 leges)
378 2736 456 2783 xix,
474 2740 499 2777 3
513 2735 630 2789 legib.
657 2747 707 2774 an
720 2747 809 2774 cum
877 2732 998 2773 rnicie
1009 2731 1066 2772 ci·

240 2790 371 2831 vitatis
388 2789 599 2843 parendum
614 2802 678 2836 xv,
696 2791 720 2828 ⁷
749 2787 809 2827 his
837 2786 973 2839 egibus
995 2799 1065 2838 pa·

239 2856 326 2884 cem
337 2844 634 2890 constituerunt,
652 2847 698 2881 ut
707 2840 782 2881 ὅτε.
795 2839 877 2887 xiii,
889 2842 916 2880 2
942 2839 1060 2879 alibi:

239 2898 300 2938 his
319 2896 609 2938 conditionibus
622 2908 759 2948 pacem
778 2894 871 2934 fecit
882 2891 964 2941 viii,
982 2896 1008 2934 8

187 2949 380 3004 Legitima
406 2963 523 3003 poena
550 2949 723 3003 (legibus
751 2945 935 2999 definita)
962 2946 1018 2994 iii,
1040 2951 1062 2987 1

242 3004 406 3057 legitimi
436 3003 595 3056 quidam
614 3001 784 3043 confecti
802 2999 975 3055 (judiees
993 3001 1063 3040 de-

239 3057 359 3110 legati
389 3057 511 3097 veluti
537 3062 580 3097 et
608 3055 798 3096 extraord-
843 3053 1065 3106 constituti)

242 3111 319 3158 xix,
338 3115 364 3153 ⁴
391 3111 550 3165 (Boecl.
582 3110 812 3151 Gebhardus
841 3112 980 3147 neutro
997 3120 1063 3160 ge-

242 3177 334 3204 nere
363 3163 521 3216 accipit,
551 3170 596 3203 et
627 3169 639 3187 ⁸
664 3162 836 3215 legitima
872 3160 1064 3201 confecta’

240 3217 418 3270 exponit,
446 3228 535 3270 quo
562 3217 648 3269 lege
678 3217 730 3255 ad
745 3215 1006 3256 accusandum
1024 3219 1066 3253 et

241 3271 481 3311 audiendum
506 3283 628 3317 reum,
655 3281 730 3308 nec
757 3281 838 3307 non
874 3267 1064 3319 reliquum

236 3324 381 3379 judicii
410 3324 582 3370 ordinem
607 3327 698 3361 sunt
715 3321 938 3361 constituta.
965 3332 1064 3371 quo-

242 3379 360 3420 modo
386 3378 523 3418 Cicero
542 3377 592 3415 ad
612 3374 760 3415 Anton.
787 3379 799 3398 ‘
812 3374 912 3414 cedo
925 3372 992 3413 illa
1008 3374 1064 3414 le·

244 3432 392 3486 gitima,
422 3445 512 3486 quae
530 3430 640 3472 Coss·
670 3429 860 3483 populum
883 3429 973 3481 jure
1002 3446 1063 3473 ιο-

253 3554 257 3558 *
295 3502 439 3555 Delph.
456 3507 496 3544 et
519 3501 613 3543 var.
629 3502 739 3543 Clas.

1799 256 2006 310 lxxxix

1209 388 1397 428 averunt’
1459 388 1574 430 Hanc
1601 403 1738 444 expos.
1771 391 1942 445 sequitur
1967 399 2010 433 et

1221 443 1378 492 uchner.
1389 443 1430 482 in
1446 442 1584 495 Thes.)

1128 494 1310 535 Libenter
1347 496 1481 535 aberat
1511 496 1677 537 Athenis
1719 497 1788 544 xii,
1817 500 1842 539 3
1889 499 2008 550 paulo

1180 554 1272 587 ante
1284 563 1294 586 ε
1307 561 1386 586 non
1403 549 1566 589 libenter
1573 558 1656 590 erat
1668 558 1760 590 ante
1771 551 1906 590 oculos
1918 564 2008 591 suo-

1179 614 1264 640 rum
1282 601 1439 648 civium,
1454 601 1551 641 ibid.
1566 603 1730 643 libenter
1739 605 1790 643 de
1805 605 1864 643 his
1882 604 2010 644 detra-

1179 655 1293 701 hunt,
1311 667 1411 706 quos
1429 655 1597 695 eminere
1615 657 1751 696 vident
1765 657 1894 703 altius,
1907 657 2006 697 ibid.

1129 706 1246 747 Liber
1277 708 1329 746 de
1355 708 1547 748 historicis
1577 709 1748 750 Cornelii
1772 710 1942 761 Nepotis
1970 725 2008 758 x,

1183 764 1208 800 3
1235 760 1334 800 liber
1351 759 1490 815 Graece
1512 763 1717 803 confectus
1735 764 1787 802 de
1805 764 2008 803 consulatu

1184 813 1269 854 cic.
1314 827 1403 860 xxv,
1437 818 1488 855 18
1529 815 1660 854 multis
1702 816 1828 855 verbis
1870 816 2008 856 librum

1185 880 1341 919 gravem
1363 868 1593 920 conscripsit
1630 881 1684 908 sc.
1703 867 1934 922 testimonii)
1954 871 2009 917 vi,

1183 925 1211 1012 ἓ
1238 934 1352 960 mox:
1383 921 1593 961 testimonii
1636 935 1709 962 oco
1735 923 1873 962 librum
1892 924 2010 963 tradi-

1213 973 1258 1021 it,
1277 973 1374 1013 ibid.

1131 1026 1281 1067 Liberae
1309 1028 1486 1069 civitates
1519 1027 1913 1083 (δημοκρωτούμεναι)
1941 1028 2010 1076 xii,

1183 1083 1209 1120 3
1252 1080 1396 1134 (alibi:
1426 1096 1514 1135 quae
1539 1082 1714 1123 libertate
1731 1088 1892 1122 utuntur
1922 1083 1951 1130 i,
1969 1086 2008 1123 8.

1182 1132 1263 1180 vid.
1278 1135 1475 1199 Libertas)

1129 1186 1310 1228 Liberare
1341 1190 1546 1230 obsidione
1581 1189 1714 1228 urbem
1750 1189 1842 1242 aliq.
1870 1189 1952 1236 xiii,
1981 1193 2003 1230 1

1182 1241 1344 1292 patriam
1364 1243 1440 1295 (sc.
1454 1256 1478 1282 a
1491 1243 1696 1295 servitute)
1715 1242 1781 1290 vii,
1797 1247 1824 1283 9
1843 1242 2007 1294 patriam

1128 1328 1129 1332 ,
1181 1307 1206 1333 a
1231 1299 1398 1348 tyranno
1426 1297 1508 1344 viii,
1530 1301 1551 1337 1
1594 1296 1747 1336 liberari
1764 1309 1880 1348 poena
1905 1296 1962 1343 iii,
1980 1299 2007 1336 2

1127 1346 1328 1388 Liberator
1340 1350 1473 1402 patriae
1499 1364 1539 1397 x,
1554 1353 1606 1390 10

1127 1400 1313 1440 Liberalis
1329 1417 1338 1440 :
1355 1416 1434 1442 non
1451 1403 1631 1450 liberalis,
1646 1403 1716 1442 sed
1730 1401 1839 1449 levis,
1849 1401 2009 1440 arbitra·

1179 1454 1306 1501 batur,
1324 1455 1501 1507 polliceri
1523 1456 1598 1496 διο.
1613 1469 1704 1503 xxV,
1724 1460 1774 1496 15
1800 1456 1855 1507 (v.
1872 1455 2008 1507 Levis)

1126 1506 1354 1548 Liberalitas
1373 1509 1549 1549 Cimonis
1575 1523 1614 1556 v,
1633 1513 1658 1550 4
1690 1507 1900 1548 liberalitas
1910 1507 2006 1548 ‘Co-

1180 1561 1296 1601 nonis
1311 1562 1353 1603 in
1371 1563 1475 1603 cives
1500 1562 1556 1610 ix,
1574 1567 1602 1604 4
1628 1562 1837 1602 liberalitas
1854 1567 2007 1613 tempo-

1181 1616 1293 1662 raria,
1327 1616 1470 1655 callida
1498 1617 1607 1669 (quae
1633 1622 1711 1655 tem
1741 1615 1816 1654 oris
1845 1620 1887 1654 et
1922 1615 2007 1666 spei

1181 1680 1298 1708 causa
1314 1669 1380 1722 fit)
1407 1683 1497 1716 xxv,
1518 1674 1566 1710 11
1597 1670 1716 1708 libera
1731 1668 1803 1708 iter
1830 1666 2007 1720 polliceri

1179 1721 1361 1771 (prolixe,
1391 1722 1542 1775 ample)
1569 1723 1624 1769 vi,
1652 1726 1679 1762 4
1718 1721 1825 1775 (Cic.
1855 1722 1907 1760 de
1935 1734 2006 1771 pe-

1130 1810 1132 1812 .
1180 1775 1240 1814 tit.
1259 1777 1409 1816 consul.
1438 1776 1538 1815 dixit
1568 1781 1579 1799 ‘
1597 1776 1702 1828 large
1729 1780 1771 1815 et
1793 1774 2006 1814 honorifice

1181 1828 1439 1921 promittere’g

1129 1879 1343 1922 Liberalius
1371 1883 1412 1922 in
1442 1883 1572 1935 ulgere
1603 1881 1677 1921 sibi
1712 1893 1829 1934 quarn
1854 1886 1900 1919 ut
1929 1880 2005 1920 διο.

1182 1935 1250 1982 xii,
1264 1939 1289 1976 3

1131 1987 1259 2028 Liberi
1285 1989 1513 2029 benemeriti
1531 1989 1613 2036 viri,
1644 2001 1736 2042 agro
1762 1987 1899 2027 donati
1924 1987 2005 2032 xvi,

1180 2047 1203 2082 5
1258 2043 1367 2082 liberi
1410 2042 1623 2082 Alexandri
1663 2041 1770 2087 xviii,
1807 2045 1846 2081 2.
1883 2044 1923 2081 6.
1953 2043 2003 2080 13

1177 2095 1408 2148 (Accipiunt
1426 2095 1605 2135 nonnulli
1628 2096 1678 2135 de
1704 2094 1818 2134 unico
1844 2107 1866 2133 e
1896 2093 2004 2132 Rox-

1177 2162 1252 2189 ane
1284 2150 1364 2189 filio
1381 2164 1393 2199 ;
1425 2150 1509 2202 (cui
1525 2149 1660 2188 itidem
1678 2154 1723 2187 ut
1739 2148 1847 2187 Patri
1863 2159 2007 2186 nomen

1178 2202 1400 2243 Alexander
1443 2203 1562 2242 fuisse
1606 2216 1653 2241 ex
1702 2202 1853 2241 idoneis
1895 2200 2006 2238 Auc-

1180 2256 1291 2296 torib.
1340 2258 1458 2296 docet
1484 2255 1766 2296 Freinshemius
1802 2254 1853 2293 ad
1879 2252 2008 2293 Curtii

1179 2323 1218 2356 x,
1251 2314 1293 2357 6,
1322 2309 1386 2363 9.)
1424 2310 1622 2361 quomodo
1652 2306 1898 2348 ‘liberorum’
1934 2320 2005 2344 vo-

1178 2375 1263 2402 cem
1293 2363 1482 2415 usurpari,
1511 2368 1649 2415 praeter
1679 2361 1926 2405 Lambinum,
1963 2365 2005 2398 et

1180 2416 1358 2468 Magium
1374 2422 1609 2455 annotarunt
1627 2414 1802 2467 Philipp.
1820 2411 1950 2453 Caroli
1963 2418 2006 2451 et

1178 2469 1237 2508 Th
1269 2469 1347 2508 sius
1365 2471 1415 2508 ad
1442 2468 1547 2508 Gell.
1573 2469 1617 2515 ii,
1636 2472 1703 2508 13.
1757 2467 1843 2506 Etsi
1866 2471 1907 2504 et
1925 2465 2004 2503 sin·

1179 2535 1232 2573 gu
1248 2523 1303 2560 ari
1333 2534 1492 2561 numero
1512 2527 1524 2544 ‘
1538 2521 1661 2568 liber,’
1680 2533 1750 2572 pro
1778 2525 1790 2542 ‘
1805 2517 1914 2564 filio:
1945 2530 2005 2556 re·

1181 2575 1338 2626 peritur.
1367 2589 1404 2614 v.
1430 2576 1547 2616 Voss.
1574 2575 1625 2614 de
1637 2573 1808 2625 Analog.
1834 2571 1863 2618 i,
1877 2574 1945 2612 42.
1964 2576 2005 2610 et

1181 2627 1306 2680 Bang.
1325 2629 1409 2668 obs.
1426 2628 1569 2669 Philol.
1587 2628 1654 2666 lib.
1672 2630 1710 2667 1.
1729 2638 1820 2679 pag.
1839 2622 1940 2675 318)

1127 2679 1303 2721 Liberius
1321 2682 1452 2722 vivere
1476 2682 1550 2736 (de
1568 2679 1724 2720 licentia
1743 2691 1888 2717 morum
1906 2674 2005 2728 ὅτε.)

1131 2771 1133 2775 .
1179 2735 1222 2781 ii,
1243 2739 1262 2776 1
1295 2735 1381 2788 (Sic
1404 2736 1490 2776 Cic.
1517 2747 1586 2787 pro
1616 2734 1716 2775 Coel.
1744 2731 1803 2770 ‘si
1822 2731 1941 2770 vidua
1956 2729 2006 2771 li-

1181 2788 1271 2828 bere
1285 2789 1446 2829 vixerit.'
1473 2788 1617 2842 Locc.)
1932 2834 1941 2843 ι

1127 2841 1301 2882 Libertas
1313 2841 1592 2896 (δημοκρατία)
1619 2854 1684 2887 xx,
1699 2843 1723 2879 3
1752 2838 1840 2878 Sic:
1868 2836 2005 2876 civitas

1180 2907 1268 2948 quae
1286 2895 1461 2936 libertate
1479 2909 1550 2936 usa
1580 2902 1640 2935 est
1670 2892 1716 2946 (ἡ
1745 2894 2004 2951 δημορφωτοιξ-

1179 2947 1277 2999 μόνη
1305 2948 1439 3004 πόλις)
1478 2950 1508 2997 i,
1526 2953 1552 2990 8
1597 2947 1736 2988 eodem
1755 2945 1911 2995 signifi:
1958 2943 2005 2981 11-

1181 3003 1307 3043 bertas
1333 3004 1472 3044 civium
1500 3002 1635 3056 (unius
1653 2998 1851 3058 tyrannidi
1878 3008 2005 3056 oppo-

1179 3056 1276 3110 sita)
1303 3071 1367 3103 xx,
1384 3061 1404 3098 1
1447 3057 1602 3096 libertas
1619 3053 1754 3107 populi
1799 3051 1909 3097 vir,8
1958 3048 2007 3086 11-

1180 3109 1338 3149 bertatis
1357 3110 1506 3163 species
1523 3109 1649 3162 (pars,
1662 3102 1872 3155 indicium)
1900 3114 1964 3147 xx,
1976 3105 2002 3140 5

1181 3162 1368 3202 libertatis
1403 3176 1493 3215 spes
1527 3166 1626 3215 (qua
1657 3159 1754 3199 servi
1786 3152 2005 3218 ducuntur)

1180 3216 1234 3263 iv,
1253 3219 1279 3257 8
1325 3215 1478 3255 libertas
1497 3213 1668 3260 dicendi,
1700 3220 1893 3271 qum-quis
1919 3206 2006 3248 vult

1180 3282 1244 3315 xx,
1263 3273 1287 3309 ὅ
1316 3267 1484 3307 libertati
1502 3266 1674 3307 omnium
1693 3263 1866 3308 amicior,
1888 3273 2005 3314 quam

1180 3334 1260 3360 suaa
1291 3320 1547 3360 dominationi
1593 3318 1622 3366 i,
1641 3322 1667 3359 3
1712 3318 1755 3357 in
1788 3315 2005 3356 libertatem

1180 3374 1375 3414 vindicare
1407 3374 1570 3426 patriam
1592 3385 1642 3412 ex
1669 3370 1852 3411 servitute
1878 3367 1960 3430 viii,
1985 3370 2003 3409 i

1181 3427 1396 3469 libertatem
1413 3432 1524 3481 parat
1539 3426 1699 3468 reddere
1728 3421 1946 3476 Dionysius
1966 3433 2007 3465 x.

1006 3503 1094 3545 Ina.
1115 3502 1219 3557 Nep.
1857 3499 1897 3527 ”⁸
