2306 3900
817 289 1039 329 RERUM
1084 289 1158 328 ET
1199 289 1567 330 VERBORUM.

265 410 450 453 Palaestra
493 413 714 466 (quomodo
761 413 971 464 utendum)
1028 427 1090 461 xv,
1119 418 1144 454 2

317 465 353 519 (‘
368 467 568 519 palaestrae'
584 473 782 513 vocantur,
791 478 880 518 quae
891 465 987 505 alias
1005 472 1017 489 ‘
1032 480 1145 520 gym-

316 521 452 560 nasia.'
470 535 508 562 v.
523 521 687 560 Hieron.
705 521 831 559 Merc.
850 520 901 558 de
921 525 992 559 art.
1009 534 1146 573 gymn.

317 573 386 613 lib.
405 578 443 614 1.
461 588 498 614 c.
515 579 556 615 6.
567 579 737 614 ceterum
755 585 845 624 quae
863 575 914 612 ad
933 572 1048 625 hujus
1068 574 1145 613 loci

316 628 500 679 explicat.
548 627 710 672 faciunt,
744 627 933 666 habentur
969 627 1011 673 ii,
1046 631 1071 667 8
1104 634 1145 666 et

316 694 356 727 r,
374 682 438 733 5).
469 681 659 733 palaestra,
680 680 812 718 castris
829 692 978 732 oppon.
1009 694 1072 727 xv,
1091 685 1115 720 5

263 734 400 775 Palam
434 735 562 774 facere
597 732 748 785 aliquid
784 733 901 772 alicui
943 733 1053 780 xxiii,
1092 738 1138 773 11

314 787 443 839 palam
457 788 504 826 fit
520 789 571 827 de
588 786 707 839 hujus
725 793 845 826 morte
873 801 912 834 x,
934 790 985 828 10
1014 787 1143 839 palam

313 841 420 882 facta
437 854 478 881 re
505 840 612 888 xxiii,
631 844 656 881 7

261 894 542 948 Pamphylium
561 907 663 934 mare
692 892 799 940 xxiii,
817 897 843 934 8

259 948 459 990 Pandates
485 948 566 995 xiv,
583 953 609 988 5

259 1002 464 1055 Paphlago
478 1002 570 1055 (per
583 1000 902 1040 Autonomasiam
918 1012 988 1052 pro
1001 999 1140 1052 Thyo)

311 1056 431 1103 xiv,2
458 1056 586 1108 (conf.
605 1054 746 1107 Laco.)
760 1053 1036 1106 Paphlagones
1061 1054 1139 1100 xiv,

257 1161 529 1215 Paphlagonia
555 1161 633 1209 xiv,
653 1165 679 1202 2

260 1216 360 1256 Pani
397 1217 608 1268 praebendo
644 1215 735 1254 urbs
771 1215 968 1254 destinata
1009 1213 1052 1261 ii,
1086 1217 1136 1255 10

314 1269 443 1323 (more
463 1270 682 1317 Persarum,
701 1283 738 1307 v.
759 1281 864 1320 supr.
882 1267 1057 1321 Oppid.)

259 1324 359 1363 Par:
389 1323 555 1363 disertus
583 1322 674 1370 fuit,
708 1329 753 1362 ut
784 1335 901 1362 nemo
928 1322 1138 1361 Thebanus

309 1377 347 1416 ei
377 1389 445 1428 par
475 1383 579 1417 esset
608 1376 832 1428 eloquentia
859 1389 923 1423 xv,
939 1381 962 1416 5
1006 1388 1138 1427 parem

310 1443 392 1468 non
420 1443 505 1469 esse
534 1430 652 1470 alicui
682 1430 791 1483 (sub.
821 1429 955 1482 armis)
985 1429 1092 1475 xviii,
1110 1431 1136 1468 8

306 1483 373 1523 Sic
390 1483 493 1522 enim
513 1482 659 1522 Noster
688 1482 806 1522 alibi:
836 1495 925 1522 cum
957 1495 1030 1534 par
1056 1494 1135 1521 non

309 1543 412 1577 esset
444 1537 557 1576 armis
589 1537 698 1590 (sub.
727 1535 917 1589 Eumeni)
935 1535 1135 1576 Hannibal

307 1591 414 1637 xxiii,
432 1594 484 1630 10
512 1590 583 1644 (Lu
601 1590 853 1643 sequentibus
869 1591 1024 1630 duobus
1041 1589 1137 1630 locis

305 1657 418 1683 casus
428 1649 590 1696 uterque
601 1644 865 1684 dissimulatur
876 1643 909 1695 z)
923 1657 1053 1696 neque
1061 1649 1136 1682 ter-

307 1711 364 1745 ra,
391 1711 521 1750 neque
551 1699 645 1736 mari
674 1699 804 1736 hostes
833 1709 945 1748 pares
960 1710 1045 1737 esse
1064 1710 1135 1749 po-

309 1757 467 1791 tuerunt
494 1752 561 1798 vii,
594 1755 621 1791 6
667 1752 865 1790 universos
901 1764 986 1790 esse
1023 1763 1135 1803 pares

308 1805 440 1845 aiebat
486 1800 529 1852 ii,
564 1808 591 1845 4
642 1805 724 1857 pari
764 1805 897 1856 praelio
934 1804 1135 1844 discedere

305 1858 466 1912 (neutro
485 1857 589 1898 victo
608 1865 678 1898 aut
693 1858 861 1912 victore)
890 1858 932 1905 ii,
944 1862 969 1899 3
998 1858 1134 1911 (Taci-

307 1918 371 1951 tus
400 1912 501 1952 dixit
532 1918 544 1935 ‘
564 1913 687 1965 aequis
715 1912 892 1951 manibus
910 1912 1133 1952 abscedere’

304 1966 412 2007 Anu.
438 1967 468 2014 i,
486 1970 554 2013 63,
575 1966 638 2018 3).
669 1965 754 2018 pari
764 1965 951 2006 felicitate
967 1966 1008 2004 in
1027 1979 1074 2005 ea
1094 1980 1132 2005 re

306 2033 399 2059 usus
429 2026 490 2059 est
520 2020 593 2073 (de
629 2020 840 2067 Pausania,
868 2020 934 2072 qui
967 2018 1132 2058 feliciter

305 2085 417 2125 aeque
442 2075 686 2113 barbarorum
712 2073 893 2127 praesidia
916 2087 963 2113 ex
995 2073 1130 2126 Cypro

305 2134 349 2166 et
377 2127 639 2179 Hellesponto
669 2124 836 2180 depulit,
865 2139 911 2166 ac
930 2127 1132 2179 fugaverat

304 2179 581 2233 Mardonium)
609 2181 662 2227 iv,
681 2185 708 2221 2
739 2181 833 2220 Sic:
862 2181 944 2231 pari
976 2181 1132 2220 fortuna

308 2233 350 2272 in
381 2240 481 2273 terra
510 2247 600 2273 usus
629 2241 690 2274 est
714 2248 755 2282 v,
773 2237 800 2274 2
829 2234 912 2285 pari
930 2247 972 2273 se
989 2234 1131 2274 virtute

305 2293 442 2338 postea
474 2287 640 2340 praebuit
673 2289 751 2335 xiv,
786 2290 812 2328 2
860 2287 942 2339 pari
977 2288 1131 2340 fastigio

305 2341 415 2380 stetit
427 2341 467 2379 in
485 2347 650 2393 utraque
667 2341 822 2380 fortuna
854 2354 944 2387 xxv,
966 2345 1017 2382 14
1048 2343 1132 2393 pari

304 2395 422 2434 modo
455 2394 635 2434 Marcelli
665 2394 824 2436 Claudii
853 2394 958 2446 (scil.
994 2401 1130 2447 rogatu

302 2448 578 2489 Marcellorum
606 2462 764 2501 quoque
782 2461 837 2488 sc.
865 2447 1051 2488 familiam
1070 2463 1131 2488 or-

304 2504 398 2542 dine
429 2501 690 2553 enumeravit)
722 2515 815 2548 xxv,
844 2505 896 2541 18
940 2501 1018 2540 Par
1042 2510 1128 2541 est:

305 2558 414 2609 (pro,
444 2569 597 2607 aequum
617 2561 690 2601 est,
719 2552 924 2615 convenit)
951 2554 1040 2594 Sic:
1075 2569 1131 2594 re-

306 2610 429 2661 linqui
459 2622 548 2648 eum
581 2621 650 2661 par
677 2621 758 2647 non
789 2613 850 2647 est
878 2621 957 2654 xiv,
975 2611 1002 2648 6
1034 2609 1129 2661 quid

305 2677 349 2703 se
380 2663 508 2703 facere
539 2675 609 2715 par
638 2667 754 2710 esset,
792 2660 1016 2719 intuebatur
1042 2676 1129 2709 xxv,

253 2771 453 2811 Paraetaca
471 2770 599 2824 (regio
618 2768 790 2822 Medias)
818 2767 924 2815 xviii,
943 2771 969 2809 8

252 2824 395 2864 Parare
412 2825 556 2864 bellum
575 2823 682 2870 xxiii,
701 2827 728 2863 2
754 2821 868 2862 alicui
887 2822 955 2869 vii,
972 2824 1000 2862 0
1024 2819 1130 2875 (mo-

305 2879 381 2925 liri,
397 2879 584 2917 adornare
614 2877 656 2917 in
688 2874 894 2929 aliquem).
911 2888 1046 2928 parare
1062 2889 1130 2915 co-

306 2932 392 2984 pias
402 2930 669 2985 (comparare)
687 2930 766 2978 xiv,
779 2933 831 2971 10
861 2929 1045 2970 adversus
1058 2929 1130 2968 ali-

305 2999 422 3038 quem
446 2985 526 3033 xiv,
544 2989 572 3027 6
601 2997 734 3038 parare
751 2982 941 3024 exercitus
965 2983 1044 3031 xiv,
1063 2986 1129 3023 11.

304 3039 414 3087 xviii,
445 3043 473 3080 6
522 3046 634 3092 parat
670 3038 867 3091 proficisci
905 3037 1131 3091 (constituit

302 3092 404 3146 διο.)
429 3093 508 3140 xiv,
525 3095 552 3134 4
581 3092 667 3147 (Sic
685 3092 841 3132 Curtius
869 3091 924 3138 ix,
945 3094 986 3139 Β,
1005 3095 1031 3132 8
1060 3096 1072 3115 ‘
1088 3091 1129 3130 in

302 3146 422 3185 alium
451 3147 584 3186 orbem
610 3151 720 3199 parat
745 3145 850 3200 ire’).
880 3143 1012 3199 potius
1040 3143 1129 3184 dili-

305 3200 439 3253 gentia
455 3212 572 3252 quam
589 3200 713 3252 pretio
727 3212 860 3253 parare
887 3198 1129 3253 (acquirere)

304 3267 394 3302 xxV,
414 3257 465 3294 18

250 3307 441 3349 Paratus:
469 3319 518 3347 ea
550 3305 667 3359 gratis
695 3305 824 3345 facere
856 3317 941 3344 sum
971 3310 1127 3357 paratus

304 3376 370 3409 xv,
389 3366 415 3403 4
444 3365 491 3400 ut
519 3358 643 3413 parati
677 3364 809 3398 essent
841 3358 982 3404 facere,
1020 3358 1127 3410 quod

303 3417 434 3468 ipsum
464 3415 651 3454 vidissent
676 3412 755 3459 xiv,
771 3415 799 3453 9
838 3411 961 3463 parati
992 3412 1126 3451 adver-

306 3469 394 3509 sarii
412 3470 486 3523 (ad
505 3481 677 3523 pugnam
696 3465 801 3518 scil.)
830 3465 934 3514 xviii,
953 3468 979 3506 8

1979 277 2092 331 cvi-i

1209 413 1372 454 Parcere
1390 412 1557 466 alicujus
1577 412 1666 450 vitae
1698 411 1776 459 xxi,
1794 415 1822 452 2
1850 412 1947 451 nulli
1968 413 2022 451 rei
2041 416 2089 453 ad

1264 467 1542 518 perficiendum
1561 465 1711 518 aliquid
1741 465 1796 513 iv,
1815 469 1842 506 2
1873 466 1984 505 nullo
2003 466 2089 506 loco

1261 520 1303 566 ii,
1322 524 1350 560 6
1378 520 1520 573 quibus
1546 520 1703 559 fortuna
1732 518 1773 557 in
1799 518 1903 558 bello
1921 527 2092 572 parserat

1261 573 1383 626 (quos
1399 574 1545 612 fecerat
1562 571 1810 624 superstites)
1838 573 1921 620 viii,
1939 577 1961 613 1

1207 626 1351 666 Parere
1369 625 1533 678 imperio
1547 626 1648 677 regis
1666 626 1744 671 xiv,
1763 630 1790 666 4
1819 625 1981 678 imperio
1996 627 2090 666 alie-

1259 691 1312 718 no
1344 693 1408 726 xv,
1430 683 1480 720 10
1511 678 1682 718 consiliis
1711 677 1879 729 alicujus
1909 680 1948 718 in
1969 681 2088 719 susci-

1258 733 1406 783 piendo
1425 739 1467 772 et
1483 733 1637 785 agendo
1655 731 1760 772 bello
1791 732 1898 779 xxiii,
1917 737 1943 773 8
1978 733 2089 773 insti-

1259 786 1353 826 tutis
1382 785 1518 838 patriae
1547 785 1639 833 xvii,
1659 789 1686 825 4
1720 784 1811 839 (viri
1829 785 1954 825 civilis
1968 794 2089 835 notae,

1259 845 1301 878 et
1333 839 1452 879 statui
1480 839 1614 891 patriae
1647 851 1688 878 se
1721 841 2086 893 accommodantis).

1259 905 1339 931 non
1369 905 1502 945 parere
1531 892 1658 932 noluit
1686 893 1764 946 (sc.
1797 893 1989 932 mandatis
2006 908 2088 934 ma-

1256 946 1462 1000 gistratus)
1490 945 1557 993 vii,
1575 951 1602 988 4
1643 959 1778 999 parere
1803 952 1952 985 naturae
1979 947 2087 1000 (ejus

1257 1000 1419 1039 ductum
1451 999 1584 1051 sequi)
1611 1013 1698 1047 xxv,
1730 1003 1780 1040 17
1817 999 1895 1052 (sic
1928 1013 2086 1053 quoque

1258 1053 1432 1106 Cicero).
1468 1053 1534 1092 irae
1571 1066 1666 1100 suae,
1694 1053 1854 1092 utilitati
1889 1056 2087 1094 communi

1256 1107 1325 1198 xfrii,
1342 1110 1378 1147 4.
1401 1107 1582 1160 (propter
1605 1106 1712 1146 illam
1731 1112 1800 1146 aut
1815 1107 1918 1147 hanc
1936 1107 2084 1160 aliquid

1275 1173 1390 1200 acere

1201 1212 1342 1254 Parere
1373 1160 1445 1254 sibi
1477 1213 1683 1253 amicitiam
1709 1225 1798 1252 cum
1817 1211 2085 1267 (comparare)

1255 1268 1321 1314 vii,
1340 1272 1366 1309 7
1405 1267 1653 1321 tyrannidem
1691 1267 1770 1314 xxi,
1789 1271 1815 1307 2
1857 1267 1958 1317 parit
1998 1268 2084 1308 haec

1255 1328 1314 1360 re's
1332 1322 1592 1374 suspicionem
1616 1320 1800 1374 (praebet,
1825 1319 1976 1372 injicit)
2003 1322 2085 1368 xiv,

1257 1379 1302 1415 11
1354 1375 1502 1428 paritur
1536 1387 1612 1427 pax
1652 1374 1756 1413 bello
1795 1373 2083 1429 (comparatur)

1254 1441 1317 1475 xv,
1336 1434 1361 1470 5
1418 1458 1428 1471 ,χ

1199 1481 1341 1521 Parma
1367 1481 1421 1529 xi,
1443 1484 1463 1522 1
1484 1482 1658 1534 (scutum
1677 1480 1808 1526 breve,
1827 1479 1934 1531 pelta
1952 1487 2082 1520 tamen

1252 1535 1403 1630 &23:¹⁸5
1424 1533 2081 1640 {9³2³”3‘1i222ae331‘51p‘iissff‘1‘

1252 1648 1294 1682 et
1322 1647 1362 1684 2.
1394 1643 1498 1682 adde
1526 1641 1734 1682 Keuchen.
1763 1641 1813 1680 ad
1845 1639 1994 1693 Nepot.
2012 1643 2080 1682 cit.

1251 1695 1327 1736 loc.

1197 1695 1481 1789 Parricidarum
1498 1749 1679 1800 exempla
1709 1761 1772 1794 xv,
1791 1751 1819 1788 6

1197 1803 1294 1842 Pars
1330 1802 1490 1842 interior
1534 1802 1693 1848 aedium,
1732 1801 1849 1840 Praef.
1905 1801 2080 1853 superior

1251 1857 1393 1896 aedium
1426 1871 1466 1903 x,
1495 1859 1522 1896 4
1568 1855 1715 1894 nullam
1746 1855 1787 1893 in
1816 1867 1864 1894 ea
1894 1866 1935 1894 re
1969 1868 2078 1894 suam

1249 1917 1398 1963 partem
1417 1911 1500 1950 fore
1517 1910 1711 1949 sentiebat
1728 1909 1883 1962 (debita
1901 1921 1943 1947 se
1961 1908 2078 1949 laude

1248 1965 1471 2004 fraudatum
1498 1962 1567 2016 iri)
1595 1963 1663 2010 vii,
1683 1967 1709 2003 8
1746 1968 1875 2015 partes
1904 1963 2077 2002 omnium

1249 2018 1440 2071 corripere
1475 2025 1593 2069 atque
1629 2016 1840 2068 complecti
1879 2016 2079 2067 cogitabat

1246 2071 1355 2119 xviii,
1372 2076 1400 2113 2
1427 2071 1486 2126 (ν.
1506 2069 1743 2123 Corripere).
1762 2082 1849 2121 pars
1867 2069 1974 2121 (pro,
1994 2069 2075 2109 fac-

1248 2125 1376 2177 tione)
1414 2138 1504 2170 xxv,
1531 2128 1557 2164 8
1593 2124 1682 2163 Sic:
1724 2129 1852 2175 partes
1887 2122 2074 2176 Syllanae,

1248 2179 1438 2219 Cinnauae
1470 2191 1560 2224 xxv,
1589 2181 1616 2218 2
1646 2177 1879 2229 optimarum
1908 2177 2075 2228 partium

1249 2239 1290 2272 et
1300 2246 1385 2272 esse
1396 2239 1438 2272 et
1447 2231 1657 2271 existimari
1674 2244 1764 2277 ην,
1777 2235 1804 2271 6
1831 2230 1944 2283 (Val.
1962 2230 2074 2270 Max.

1249 2286 1361 2333 dixit,
1391 2291 1403 2310 ‘
1422 2285 1532 2339 sequi
1549 2283 1718 2337 alicujus
1733 2283 1876 2336 partes'
1904 2284 1932 2330 i,
1952 2287 1994 2330 7,
2011 2284 2075 2337 7)

1246 2346 1375 2392 partes
1401 2339 1476 2393 (de
1501 2339 1682 2391 negotio)
1701 2352 1710 2376 z
1737 2337 1884 2388 excipit
1899 2338 1969 2376 has
1987 2350 2074 2390 par-

1248 2399 1307 2432 tes
1335 2393 1421 2444 ipse
1453 2392 1682 2433 Callicrates
1709 2391 1787 2444 (sc.
1807 2390 2012 2430 simulandi
2033 2405 2074 2430 se

1245 2446 1467 2498 inimicum)
1486 2460 1526 2493 x,
1540 2449 1567 2486 8
1619 2459 1656 2484 v.
1677 2443 1900 2497 Excipere).
1920 2451 2072 2496 partum

1245 2500 1337 2552 (pro
1358 2498 1562 2551 partium),
1615 2511 1645 2537 r.
1664 2502 1689 2538 3

1192 2553 1367 2592 Partim:
1409 2565 1574 2604 quorum
1620 2550 1760 2603 partim
1809 2551 1932 2590 secuti
1967 2558 2072 2599 sunt,

1245 2606 1385 2658 partim
1418 2606 1492 2644 διο.
1525 2618 1614 2651 xxv,
1633 2608 1658 2645 7
1687 2604 1776 2643 Sic:
1806 2604 1946 2654 partim
1974 2617 2073 2656 prae-

1245 2661 1379 2699 datum
1399 2659 1478 2698 suis
1496 2658 1690 2711 dispertit,
1719 2657 1857 2709 partim
1876 2658 1927 2696 ad
1946 2657 2070 2698 Data-

1245 2727 1335 2753 men
1365 2713 1486 2752 mittit
1515 2712 1594 2759 xiv,
1627 2716 1676 2752 11
1723 2710 1808 2763 (Sic
1840 2710 1882 2749 in
1911 2712 2070 2763 quihus-

1245 2768 1334 2806 dam
1354 2767 1456 2806 Mas.
1485 2779 1521 2805 v.
1551 2766 1679 2818 Bang.
1703 2765 1854 2805 observ.
1885 2764 2071 2818 philolog.

1245 2821 1351 2860 Part.
1385 2825 1424 2862 2.
1461 2833 1552 2872 pag.
1582 2818 1725 2871 1-164).
1776 2818 1916 2870 partim
1953 2819 2070 2858 inter-

1245 2876 1436 2921 fecerunt,
1465 2873 1563 2914 alios
1598 2873 1640 2912 in
1676 2872 1833 2912 exilium
1870 2870 2072 2923 ejecerunt

1243 2929 1323 2975 xvi,
1344 2933 1366 2970 1
1398 2927 1480 2980 (Ex
1505 2927 1549 2973 h.
1565 2927 1591 2965 l.
1610 2931 1734 2979 patet,
1766 2925 1904 2978 partic.
1930 2926 2070 2979 partim

1243 2982 1458 3035 aliquando
1475 2995 1556 3021 non
1574 2979 1773 3033 geminari,
1800 2984 1934 3019 contra
1953 2993 2069 3032 quam

1243 3034 1418 3076 Budaeus
1446 3036 1488 3076 in
1513 3035 1705 3074 Pandect.
1731 3039 1772 3074 6.
1797 3039 1923 3086 putat.
1942 3047 1978 3073 v.
1996 3033 2068 3072 Al-

1243 3088 1335 3130 ciat.
1349 3102 1498 3143 parerg.
1531 3088 1598 3136 vii,
1616 3091 1684 3129 20.
1711 3086 1853 3138 Locc.)

1191 3144 1330 3184 Partiri
1347 3158 1357 3183 ε
1386 3144 1438 3183 de
1467 3142 1672 3195 partiendo
1690 3154 1808 3193 regno
1826 3152 1916 3179 cum
1934 3139 2067 3192 aliquo

1243 3197 1417 3249 colloqui
1444 3210 1483 3244 x,
1503 3201 1530 3237 2

1190 3251 1393 3303 Particeps
1410 3250 1518 3302 regni
1545 3262 1611 3296 xx,
1631 3252 1653 3288 1
1682 3244 1856 3286 omnium
1886 3246 2067 3288 consilio-

1244 3317 1328 3344 rum
1356 3303 1464 3350 xviii,
1485 3306 1507 3343 l
1537 3302 1710 3342 omnium
1728 3313 1868 3349 rerum,
1887 3301 1987 3343 ibid.

1190 3356 1433 3397 Parsimonia
1449 3356 1590 3403 victus,
1608 3355 1738 3395 cultus
1766 3354 1834 3401 vii,
1853 3359 1903 3397 11

1188 3411 1331 3451 Parum
1351 3409 1502 3461 patiens
1531 3410 1583 3456 xi,
1601 3413 1626 3450 8
1655 3421 1790 3462 pamm
1819 3410 1947 3450 odisse
1975 3422 2064 3453 xxv,

1241 3468 1270 3507 9
1297 3477 1378 3504 non
1396 3477 1530 3517 parum
1549 3462 1755 3505 liberaliter
1773 3464 1929 3503 domum
1957 3474 2063 3501 suam
