2306 3900
348 274 457 329 606

355 408 468 458 isse;
496 407 653 448 altiora
669 418 775 449 vero
805 418 857 448 ac
875 405 1116 449 difficiliora
1132 409 1230 450 loca

348 476 610 511 armatorum
637 469 773 513 fuisse
803 471 1014 524 praesidiis
1047 471 1229 514 firmata.

348 535 530 586 Magius.

398 598 550 638 Locum
566 601 686 638 extra
702 597 836 639 urbem
853 598 1027 650 editum]
1057 599 1168 652 Poly
1175 612 1229 640 ae-

346 672 425 702 nus
445 667 573 703 vocat
588 660 715 714 λόφον
731 661 833 716 ἱὲρὸν
843 661 1058 716 Ἀρτέμιδος
1076 662 1230 716 Ὀρθίας

345 722 466 775 ἐγγὺς
482 723 666 777 Πιτάνης,
680 726 871 779 Strateg.
886 726 959 768 lib.
979 738 1032 768 11.
1052 727 1228 767 Plutar-

345 790 448 832 chus
465 791 602 844 εὐερκῆ
620 791 684 832 καὶ
702 791 984 840 δυσεκβίαστον
996 791 1128 834 τόπον.

397 853 597 896 Simulata
615 857 835 897 laudatione
847 856 1113 909 recuperavit]
1156 855 1226 896 De

342 928 526 970 persona
544 919 697 960 rarius.
753 920 895 972 Supra
924 926 1070 960 tamen
1097 919 1227 960 Pelo·

341 980 470 1034 pide:
499 983 514 1006 ‘
530 982 661 1023 Hunc
691 982 1011 1035 Epaminondas
1042 994 1224 1034 recupe-

342 1045 455 1085 ravit
471 1044 614 1086 bello!
642 1046 788 1087 Caesar
806 1046 860 1086 de
879 1045 992 1086 Bell.
1012 1045 1126 1087 Gall.
1146 1045 1222 1086 lib.

343 1119 416 1150 ιιι.
435 1112 475 1148 8.
503 1110 516 1132 ‘
534 1109 648 1162 quod
670 1121 749 1162 per
768 1121 841 1150 eos
861 1121 960 1150 suos
978 1121 1025 1150 se
1037 1108 1225 1160 obsides,

339 1183 445 1224 quos
462 1172 634 1221 *Crasso
667 1172 903 1224 dedissent,
945 1177 1224 1226 recuperatu-

338 1245 410 1275 ros
449 1235 784 1276 existimabant.’
848 1236 1045 1277 Frontiu.
1077 1235 1154 1278 lib.
1185 1246 1222 1277 1.

339 1301 380 1339 8.
418 1299 432 1322 ‘
455 1299 581 1340 Bello
616 1299 784 1340 Punico
833 1299 1032 1352 quaedam
1069 1299 1221 1340 civita-

337 1369 422 1411 tes,
468 1377 566 1419 quae
614 1378 641 1406 a
685 1365 889 1406 Romanis
931 1363 1119 1404 deficere
1165 1364 1220 1405 ad

337 1425 500 1469 Poenos
549 1426 892 1478 destinaverant,
928 1437 1026 1466 cum
1051 1424 1221 1466 obsides

336 1489 560 1531 dedissent
612 1502 717 1544 quos
753 1490 950 1542 recipere
988 1493 1217 1541 antequam

337 1551 632 1593 desciscerent
700 1551 948 1603 studebant,
993 1551 1217 1592 simulave-

334 1619 437 1656 runt
451 1615 704 1657 seditionem
715 1616 834 1656 inter
843 1614 1046 1655 finitimos
1060 1618 1216 1666 ortam,

334 1690 463 1732 quam
480 1679 768 1720 Romanorum
782 1678 917 1731 legati
930 1677 1130 1718 dirimere
1143 1677 1217 1717 de-

333 1741 504 1794 berent,
522 1742 751 1795 missosque
771 1753 843 1782 eos
860 1741 979 1781 velut
997 1740 1218 1781 contraria

333 1805 514 1857 pignora
533 1805 819 1856 retinuerunt,
854 1816 936 1845 nec
956 1809 1056 1845 ante
1075 1804 1216 1844 reddi-

331 1867 509 1920 derunt,
524 1879 652 1920 quam
666 1867 749 1919 ipsi
762 1872 1077 1920 recuperarent
1091 1865 1218 1908 suos!

330 1930 466 1971 Tacit.
486 1930 600 1971 Anu.
621 1941 684 1971 ιν.
702 1933 771 1971 73.
792 1931 806 1954 ⁴
822 1930 914 1971 acri
929 1941 1076 1982 pugna
1092 1930 1215 1971 hoste

330 1994 456 2045 pulso
475 1993 692 2046 recipiunt
712 1993 911 2034 cohortes
931 1993 1105 2045 alasque
1130 1991 1215 2033 fes-

328 2067 398 2097 sas
417 2055 697 2097 vulneribus!
744 2055 844 2096 Val.
873 2056 994 2096 Max.
1016 2056 1089 2096 lib.
1105 2067 1149 2096 v.
1170 2059 1212 2097 2.

327 2124 367 2160 5.
423 2121 480 2164 Q.
497 2119 727 2161 Terentius
746 2119 882 2160 Culeo
901 2117 1099 2159 Africani
1116 2121 1129 2142 ⁸
1143 2132 1213 2159 su-

327 2184 510 2235 perioris
543 2195 717 2225 currum
753 2183 1076 2236 triumphantis,
1111 2183 1212 2236 quia

328 2251 484 2298 captus
513 2260 540 2287 a
569 2245 978 2299 Carthaginensibus
998 2245 1052 2287 ab
1071 2258 1124 2286 eo
1143 2245 1210 2287 fu-

327 2314 424 2349 erat
442 2314 738 2361 recuperatus,
773 2309 932 2360 pileum
960 2308 1106 2361 capite
1135 2321 1210 2360 ge·

327 2381 445 2421 rens,
466 2375 641 2411 secutus
660 2368 758 2410 est?
789 2370 919 2411 Gebh.

382 2433 494 2474 CAP.
531 2437 572 2474 7.
628 2432 682 2475 Se
726 2446 921 2486 nunquam
967 2433 1207 2488 refecerunt]

323 2495 598 2536 Translatum
619 2496 674 2537 ab
691 2495 760 2548 iis,
785 2496 860 2549 qui
879 2507 905 2536 a
924 2496 1113 2550 deliquio
1133 2502 1209 2537 aut

325 2559 449 2611 gravi
476 2559 630 2600 morbo
665 2572 712 2602 se
738 2561 1016 2613 recolligunt.
1074 2560 1206 2601 Ovid.

322 2623 335 2644 ‘
354 2622 428 2662 vix
445 2634 515 2663 me
535 2623 789 2675 grandaevus
804 2621 1007 2676 Acestes,
1020 2623 1106 2663 Vix
1121 2635 1208 2665 ma-

323 2689 391 2724 ter
409 2685 553 2737 gelida
571 2690 726 2726 moesta
743 2685 900 2727 refecit
918 2686 1055 2740 aqua!
1084 2686 1210 2728 Infra

323 2747 600 2789 Hamilcare:
628 2750 641 2772 ‘
655 2748 703 2790 Si
723 2750 959 2802 paullulum
990 2750 1116 2792 modo
1136 2763 1205 2793 res

324 2819 472 2855 essent
489 2812 700 2855 refectas!
738 2815 878 2856 Tacit.
913 2814 1027 2857 Anu.
1048 2827 1114 2858 xr.
1134 2820 1202 2858 17.

320 2878 332 2899 ‘
351 2878 515 2918 Rursus
552 2877 934 2930 Longobardorum
963 2879 1119 2932 opibus
1139 2892 1205 2921 re·-

322 2939 462 2981 fectus
486 2952 567 2993 per
587 2941 688 2981 laeta
706 2953 786 2994 per
806 2941 987 2984 adversa
1004 2955 1071 2983 res
1092 2943 1201 2984 Che·

321 3015 469 3045 ruscas
488 3002 752 3045 afflictabat.'
807 3005 979 3045 Sallust.
1007 3005 1020 3028 ‘
1040 3006 1138 3048 Quo
1156 3012 1202 3048 et

321 3071 580 3108 caeterorum
613 3067 776 3108 animos
793 3067 1021 3109 reficeret.'
1061 3070 1200 3110 Timo·

319 3130 489 3171 leonte:
521 3131 534 3153 ⁴
552 3130 659 3171 Cum
677 3130 866 3171 Siciliam
882 3143 1082 3172 recreare
1099 3144 1199 3173 con-

319 3193 560 3235 stituisset!
588 3194 715 3235 Idem.

375 3257 450 3297 Ille
467 3257 655 3308 omnibus,
673 3258 738 3310 qui
767 3271 792 3298 a
819 3259 930 3310 Rege
957 3258 1199 3312 defecerunt]

320 3317 522 3360 Meminit
540 3321 661 3361 istius
681 3321 745 3361 rei
763 3321 1005 3375 Xenophon
1023 3323 1069 3363 in
1083 3321 1197 3375 Age-

325 3380 445 3421 silao.

379 3443 477 3483 Cum
507 3446 680 3485 maxima
699 3459 860 3487 munera
877 3448 914 3488 ei
932 3447 981 3488 ab
1005 3449 1198 3501 Regibus]

317 3505 467 3547 Tacho
486 3507 695 3560 imprimis
709 3515 753 3549 ct
769 3511 978 3553 Mausolo.
998 3512 1196 3565 Xenoph.

319 3571 491 3613 ibidem.

732 270 911 330 {101¹AE
952 289 1287 331 vamolwm
1332 292 1394 332 m
1438 293 1487 331 c.
1527 293 1790 334 neporus

1345 403 1462 451 Nihil
1477 413 1526 452 de
1543 412 1663 466 victu,
1677 412 1780 453 nihil
1803 410 1853 454 de
1877 408 2023 454 vestitu
2049 411 2174 454 Luco-

1290 487 1382 516 num
1417 477 1605 530 mutavit]
1666 477 1927 519 Plutarchus
1963 478 2173 532 apophths

1290 538 1449 582 Lacon.
1513 539 1637 582 Οὐδὲν
1667 542 1748 582 τῶν
1782 540 1869 594 περὶ
1891 540 1962 581 τὸν
1989 539 2074 588 βίον
2097 539 2169 582 καὶ

1289 600 1363 649 τὴν
1369 600 1513 644 δίαεταν
1529 603 1590 645 διὰ
1610 603 1681 646 τὰς
1697 602 1891 645 τοσαύτας
1908 603 2090 656 εὐτυχίας
2102 603 2170 645 καὶ

1289 663 1393 706 νίκας
1409 665 1578 719 ἤλλαξεν
1592 666 1711 708 οἴκαδ’
1726 666 1956 708 ἐπανελθών.
1982 667 2122 708 Lamo.
2165 691 2169 695 -

1345 729 1632 783 Eurysthenes]
1654 730 1913 772 Aristodemi
1927 730 2054 783 filius,
2062 730 2170 772 Pro·

1289 790 1368 831 elis
1387 790 1547 833 frater:
1577 792 1632 834 de
1649 806 1732 847 quo
1750 806 1880 847 supra
1906 794 1987 835 hac
2014 793 2169 835 eadem

1289 852 1382 892 vita
1399 852 1444 892 in
1463 855 1695 908 principio.
1723 856 1849 898 Idem.

1343 916 1414 956 Sic
1428 917 1530 957 enim
1547 922 1632 958 erat
1650 919 1864 971 instructa]
1904 919 1974 960 De
1991 918 2167 973 frugali·

1288 983 1380 1019 tate
1398 980 1591 1034 Agesilai
1605 980 1649 1021 in
1669 979 1787 1022 victu
1800 982 2005 1036 cultuque
2016 995 2167 1036 corpo-

1287 1042 1363 1093 τῖε,
1381 1044 1515 1084 multa
1532 1043 1793 1084 Plutarchus
1810 1044 1854 1085 iu
1871 1044 1975 1085 vita.
1993 1044 2147 1087 Sokott.

1341 1105 1452 1148 CAP.
1473 1111 1513 1148 8.
1542 1107 1614 1148 Sic
1630 1108 1846 1162 maleficam
1863 1112 2003 1149 nactus
2031 1113 2090 1149 est
2121 1108 2166 1150 in

1283 1167 1462 1221 corpore]
1491 1170 1630 1213 Quam
1658 1171 1754 1212 heic
1788 1171 1939 1224 Nepos
1970 1177 2165 1214 naturam

1284 1237 1412 1272 vocat
1431 1231 1730 1286 ‘maleficam,'
1767 1233 1951 1278 Ovidius
1984 1247 2070 1278 non
2098 1236 2160 1277 in'·

1285 1296 1505 1338 venustius
1543 1297 1819 1340 ‘difficilem'
1851 1300 1979 1353 dixit,
2013 1301 2157 1353 Epist.

1283 1359 1509 1414 Sapphus:
1538 1362 1550 1386 ‘
1567 1361 1614 1403 Si
1641 1363 1743 1403 mihi
1771 1361 1956 1405 difficilis
1969 1362 2163 1405 -formam

1281 1427 1437 1463 natura
1446 1425 1829 1479 negavit,1ngeuio
1843 1425 1993 1468 formae
2008 1426 2166 1469 damna

1281 1486 1472 1537 rependo
1490 1488 1629 1530 meaess
1649 1488 1778 1530 Gebh.
1823 1490 1981 1544 Ultraj.
2001 1491 2163 1532 editio:

1280 1548 1332 1588 In
1358 1563 1516 1603 corpore
1530 1552 1734 1605 fingendo.
1790 1554 1899 1594 Nam
1932 1558 1972 1595 et
2006 1559 2163 1596 statura

1270 1609 1360 1659 fait
1376 1612 1516 1654 humili
1546 1619 1587 1655 et
1613 1628 1772 1668 corpore
1804 1617 1973 1668 exiguo.-
2001 1618 2071 1670 φη·
2088 1631 2161 1659 ‹ru-

1278 1676 1359 1723 tem
1385 1675 1568 1729 virtutes,
1592 1679 1660 1730 ᾅο.
1689 1679 1855 1720 omissis
1889 1693 1987 1734 quae
2022 1681 2161 1722 inter··

1272 1735 1397 1788 jecta
1415 1745 1529 1780 sunt.
1568 1741 1762 1793 Scriptus
1781 1742 1894 1784 liber
1910 1749 1957 1784 et
1972 1744 2131 1786 Savaro
2147 1760 2161 1786 τ

1279 1799 1331 1840 In
1348 1813 1506 1853 corpore
1523 1803 1667 1855 exiguo
1684 1808 1724 1844 et
1736 1805 1895 1847 claudus
1910 1806 2035 1847 aum
2045 1809 2159 1861 pede.

1279 1862 1448 1905 Schott.
2159 1890 2162 1894 -

1334 1926 1539 1979 Exiguus]
1566 1927 1725 1971 Athen.
1745 1930 1819 1974 lib.
1835 1943 1930 1974 xrv.
1957 1944 2013 1974 ex
2024 1933 2159 1976 Theo-

1277 2000 1450 2042 pompo.
1477 1990 1643 2034 Savum.

1351 2053 1408 2093 Et
1442 2055 1603 2119 claudus
1636 2058 1761 2097 altero
1794 2057 1910 2110 pede]
1965 2059 2156 2112 Loripes.

1274 2114 1457 2156 Lambin.
1510 2117 1711 2160 Justinus
1742 2120 1817 2160 lib.
1848 2133 1913 2162 vr.
1940 2125 1982 2162 2.
2015 2125 2028 2144 ‘
2047 2123 2158 2164 Erat

1274 2178 1390 2218 euim
1414 2179 1528 2231 pede
1549 2181 1753 2223 claudus-²
1795 2183 1907 2225 Vide
1934 2185 2156 2228 Plutarch.

1272 2240 1436 2284 Sanam.
1493 2245 1563 2284 De
1596 2245 1773 2287 Oraculi
1803 2259 2010 2300 responso
2039 2248 2155 2290 Pau-

1273 2306 1411 2347 sanias
1429 2307 1474 2347 in
1491 2309 1714 2351 Laconicis
1733 2317 1779 2352 et
1797 2311 1884 2352 alii.

1327 2369 1457 2415 Quum
1474 2383 1662 2412 annorum
1674 2373 1895 2426 octoginta]
1909 2374 2153 2427 Xenophon
2207 2427 2209 2430 ι

1269 2430 1312 2470 iu
1334 2431 1559 2482 Agesilao:
1588 2433 1786 2486 Ἐγεγόνει
1813 2434 1881 2486 ἔτη
1898 2436 1997 2490 ἀμφὶ
2013 2436 2066 2478 τὰ
2084 2438 2152 2490 ὀγ-

1270 2492 1469 2548 δοήκοντα,
1488 2496 1530 2537 id
1553 2503 1633 2549 est,
1659 2503 1778 2540 nutas
1794 2505 1880 2541 erat
1897 2513 2021 2542 unm
2035 2502 2151 2542 circi-

1268 2561 1331 2598 ter
1348 2560 1561 2610 octoginta.
1606 2561 1863 2604 Plutarchus
1879 2567 2038 2618 autem,'
2055 2563 2152 2618 ὑπὲρ

1269 2619 1503 2671 ὀγδοήκοντα
1528 2624 1698 2674 ’γεγονὼς
1719 2623 1807 2678 ἔτη,
1837 2625 1882 2667 id
1914 2631 1998 2678 est,
2029 2639 2150 2680 xpm

1267 2689 1469 2738 octoginta
1484 2701 1607 2730 annos
1621 2693 1736 2731 natus
1752 2695 1854 2733 emt.
1881 2690 2033 2733 Lamb.

1319 2749 1504 2792 Subsidio
1525 2752 1655 2794 ΤΙιαοο
1677 2753 1722 2795 in
1754 2756 1973 2808 AEgyptam
1989 2755 2144 2809 ivisset]

1268 2815 1493 2856 Nectenabo
1510 2817 1574 2858 ait
1589 2817 1819 2869 Polyaeuus
1845 2820 1891 2859 iu
1923 2817 2146 2871 Agesilao,

1264 2877 1341 2919 lib.
1377 2890 1430 2920 n.
1470 2879 1632 2921 Comm.
1670 2884 1738 2923 22.
1769 2880 1894 2922 Gebh.
1949 2881 2038 2922 Hic
2068 2893 2148 2922 rex

1264 2942 1466 2995 Hercynio
1485 2941 1618 2983 fuisse
1633 2942 1819 2984 videtur.
1874 2943 1994 2996 Lege
2009 2943 2145 2985 ‚lusti-

1263 3015 1365 3044 num
1394 3004 1469 3045 lib.
1490 3015 1555 3046 v1.
1584 3004 1762 3056 Magius.
1818 3005 1906 3046 Sed
1925 3005 2007 3046 hoc
2023 3005 2140 3059 Age-

1262 3067 1358 3107 silai
1374 3067 1594 3119 inceptum
1614 3073 1659 3107 et
1678 3066 1858 3119 factum,
1874 3068 2026 3110 scribit
2040 3069 2144 3110 Plu·

1262 3130 1431 3170 tarchus
1462 3128 1597 3170 fuisse
1626 3142 1652 3170 a
1680 3131 1895 3184 plerisque
1925 3132 2137 3186 improba·

1262 3198 1353 3232 tum
1371 3197 1417 3232 et
1435 3193 1755 3244 reprehensum.
1781 3194 1963 3236 Lambin.

1317 3257 1374 3296 Et
1398 3257 1442 3296 in
1466 3261 1556 3297 acea
1582 3270 1669 3298 cum
1694 3259 1778 3299 suis
1802 3257 2058 3309 aeoewuiaeet]
2085 3258 2145 3299 Id

1260 3325 1340 3373 est,
1366 3320 1410 3360 in
1434 3320 1598 3362 littore.
1625 3322 1780 3375 Virgil.
1796 3322 1974 3370 lAEneid.
2003 3323 2076 3362 lib.
2092 3335 2136 3366 v.

1261 3383 1350 3424 ‘At
1370 3385 1519 3436 procul
1550 3385 1594 3424 in
1624 3386 1716 3425 sola
1735 3389 1915 3425 secretae
1946 3385 2133 3426 Troades

1259 3453 1359 3488 acta
1381 3446 1593 3488 Anchisen
1611 3446 1800 3488 flebant.'
1855 3447 2000 3488 Graeci
2019 3449 2141 3490 enim

1258 3514 1371 3553 littus
1400 3511 1523 3561 ἀκτὴν
1550 3518 1720 3554 vocant.
1765 3511 2020 3558 Plutarchus
2055 3513 2139 3567 ait‚·

1258 3578 1270 3599 ⁸
1283 3576 1327 3616 iu
1347 3576 1477 3618 herba
1497 3575 1613 3617 circa
1632 3576 1782 3617 littus.’
1808 3577 1923 3627 Mag.
