2306 3900
716 273 850 315 xiv.
916 275 1247 326 ΒΑΤΑΜΕΜ,
1289 276 1426 316 GAP.
1466 261 1519 315 5.

213 402 329 440 esset
349 397 391 439 in
410 409 567 450 magna
583 394 884 448 expectatione
901 405 967 434 res
982 405 1097 447 mag-

212 474 292 502 nas
312 461 503 515 gerendi,
519 472 605 500 non
625 469 775 512 parere
791 457 939 499 noluit.
970 456 1008 497 A
1030 469 1095 497 re-

214 525 340 577 gibus
361 523 595 574 revocatio,
614 534 710 564 cum
737 533 822 562 non
844 520 1095 574 parentibus

213 586 393 628 exitium
427 586 692 640 propositum
735 586 807 637 sit,
850 585 941 625 sine
979 596 1097 625 mora

213 650 498 691 obediendum
527 654 611 703 est,
642 649 773 690 etiam
803 649 839 689 si
869 648 1097 689 interrum-

213 718 374 766 pantur
402 713 602 766 praeclari
642 716 840 764 conatus,
872 717 919 753 et
952 711 1097 752 damni

213 776 403 819 dedecus
431 782 637 831 sequatur
666 776 912 830 jubentem.
951 775 1096 816 Tacit.

212 840 288 883 lib.
307 851 372 881 ιι.
388 843 456 881 20.
482 843 494 864 ‘
514 840 622 881 Ideo
653 839 861 884 Claudius
896 839 1003 881 adeo
1020 851 1095 880 no·

212 915 310 951 vam
329 904 374 945 in
393 904 650 946 Germanias
669 905 753 944 vim
787 903 1021 957 prohibuit,
1047 909 1098 944 ut

214 965 366 1008 referri
385 967 584 1020 praesidia
601 968 662 1008 cis
685 967 884 1009 Rhenum
905 968 1097 1021 juberet.

214 1030 315 1073 Jam
345 1036 490 1072 castra
522 1030 564 1071 in
596 1030 742 1072 hostili
779 1031 871 1072 solo
903 1030 1098 1071 molienti

214 1095 446 1136 Corbuloni
466 1093 530 1135 hae
546 1095 686 1136 literae
706 1094 959 1135 redduntur.
1015 1093 1097 1134 Ille

215 1171 262 1200 re
281 1159 440 1211 subita,
458 1170 714 1213 quamquam
732 1159 868 1213 multa
885 1157 1011 1198 simul
1039 1156 1099 1198 of·

213 1221 514 1275 funderentur,
542 1228 682 1263 metus
715 1235 771 1264 ex
809 1222 1099 1275 Imperatore,

213 1286 484 1338 contemptio
515 1298 568 1326 ex
606 1285 820 1336 barbaris,
866 1285 1097 1326 ludibrium

214 1348 331 1400 apud
360 1347 514 1400 socios,
550 1348 653 1389 nibil
688 1348 804 1389 aliud
833 1349 1098 1401 prolocutus,

212 1423 356 1465 quam,
372 1411 534 1452 Beatos
561 1412 773 1465 quondam
793 1411 926 1452 duces
941 1411 1098 1452 Roma-

213 1487 292 1516 nos
309 1475 319 1515 !
338 1475 504 1528 signum
522 1476 718 1529 receptui
734 1475 883 1516 dedit:
899 1474 1097 1516 Claudia-

213 1553 302 1581 nus>
327 1540 404 1582 lib.
418 1553 471 1583 ιι.
504 1541 548 1582 in
586 1539 745 1582 Ru'ffin.
764 1553 827 1582 vs.
849 1544 942 1583 192.
987 1542 1000 1564 ‘
1015 1541 1099 1583 Illa

215 1605 311 1647 dies
342 1607 485 1658 potuit
515 1606 674 1648 nostris
713 1606 936 1660 imponere
967 1605 1097 1647 tinem

213 1668 437 1722 Cladibus,
454 1674 501 1710 et
527 1669 704 1710 sceleris
731 1681 900 1710 caussas
926 1667 1098 1710 auferre

213 1731 367 1775 futuri.
387 1733 558 1786 Invida,
575 1733 707 1786 proh!
729 1737 937 1786 quantum
956 1732 1099 1784 rapuit

214 1796 408 1838 Fortuna
421 1797 696 1849 triumphum.
739 1795 865 1836 Inter
881 1807 1015 1849 equos
1035 1796 1099 1836 in·

215 1864 367 1913 terque
381 1858 506 1900 tubas
517 1859 720 1901 mandata
733 1858 935 1900 feruntur
948 1858 1100 1911 Regis,

216 1926 263 1962 et
281 1921 435 1962 armati
454 1921 635 1963 veniunt
664 1921 859 1962 ductoris
883 1921 938 1962 ad
960 1933 1099 1962 aures.

217 1983 487 2037 Obstupuit3
516 1985 641 2025 simul
671 1985 737 2026 ira
773 1985 929 2036 virum,
975 1984 1101 2026 simul

215 2047 363 2089 obruit
380 2049 533 2101 ingens
552 2050 732 2101 Moeror,
763 2054 807 2089 et
825 2049 981 2102 ignavo
1007 2054 1103 2090 tan·

217 2117 310 2152 tum
330 2111 503 2153 licuisse
531 2109 709 2154 nocenti
726 2113 928 2165 Miratur,
947 2112 1103 2154 dubios

216 2186 376 2229 auceps
393 2176 610 2217 sententia
626 2176 989 2230 volvit0Eventus3
1005 2187 1103 2228 per-

216 2247 318 2295 agat
341 2254 520 2296 pugnas,
557 2254 613 2282 an
641 2240 774 2282 fortia
791 2246 937 2294 coepta
962 2242 1103 2282 Dese·

216 2311 302 2347 rat.
357 2306 546 2358 Illyricis
564 2304 689 2347 ardet
706 2316 960 2346 succurrere
988 2304 1105 2345 dam·

217 2371 309 2412 nis:
340 2369 587 2424 Praeceptis
619 2370 793 2412 obstare
821 2369 959 2422 timet,
985 2381 1106 2410 reve·

216 2435 356 2476 reutia
375 2433 539 2488 frangit
555 2434 741 2476 Virtutis
761 2434 954 2475 stimulos
972 2446 983 2474 :
1005 2433 1104 2474 hinc

217 2498 393 2551 publica
411 2498 635 2540 commoda
661 2498 844 2539 suadent
878 2498 996 2538 Hinc
1017 2509 1104 2538 me-

219 2567 291 2602 tus
306 2561 479 2603 invidiae
497 2575 508 2603 z
529 2561 704 2603 tandem
721 2560 998 2615 indignatus!
1021 2561 1105 2602 Ta-

223 2625 301 2666 cit.
319 2624 435 2668 Ann.
455 2624 532 2666 lib.
552 2636 616 2666 rv.
635 2629 703 2668 23.
733 2630 745 2649 ‘
765 2626 862 2667 Nec
874 2625 1104 2678 proconsul

220 2689 312 2741 ejus
325 2689 441 2741 anni,
451 2689 507 2730 P.
520 2689 768 2741 Dolabella,
778 2690 967 2730 retinere
977 2700 1103 2729 ausus

220 2756 328 2804 erat,
339 2751 465 2803 jussa
479 2751 697 2804 Principis
714 2752 868 2804 magis,
895 2763 1022 2806 quam
1042 2751 1104 2792 in-

220 2820 344 2856 certa
361 2815 463 2856 belli
481 2814 705 2856 metuens.'
749 2814 810 2856 At
825 2814 1104 2868 optimatibus

220 2889 313 2919 nou
326 2889 402 2918 sua
429 2876 624 2930 libidine,
645 2877 722 2918 sed
741 2876 910 2930 legibus
943 2889 1011 2918 res
1029 2889 1104 2930 pa-

220 2940 316 2983 triae
350 2939 765 2994 administrantibus,
798 2940 914 2981 illico
951 2951 1105 2993 paren-

221 3003 322 3045 dum
347 3016 440 3046 esse
470 3004 599 3057 praeit
629 3003 884 3057 Agesilaus:
915 3016 1000 3058 quo
1031 3015 1106 3044 ex-

223 3068 366 3120 emplo
403 3073 528 3120 optat
564 3067 713 3120 Nepos
765 3067 931 3110 Julinm
965 3067 1106 3109 Caesa·

224 3142 316 3172 rem
334 3129 576 3174 submisisse
591 3137 729 3173 semet
748 3143 917 3187 quoqne
937 3131 1105 3185 legibus

221 3193 386 3246 patriis.
431 3193 631 3235 Gebhard.
767 3190 771 3195 ’

279 3258 336 3298 Et
354 3270 380 3298 a
395 3257 543 3309 majore
560 3270 604 3298 re
619 3257 938 3312 abstrahebatur]
965 3258 1005 3300 A
1016 3259 1107 3300 bel-

220 3321 262 3361 lo
280 3320 499 3374 AEgyptio.
527 3320 708 3362 Lambin.
763 3322 975 3364 Mendose
993 3336 1017 3363 a
1035 3323 1108 3363 mi·

221 3396 318 3425 nore
331 3397 390 3436 re,
409 3384 526 3425 Edit.
547 3384 824 3437 Longoliana.

281 3446 571 3501 Imprudentem
588 3452 626 3489 et
646 3447 905 3505 imparatum]
946 3447 984 3489 Α
1002 3448 1108 3492 Mss.

1933 262 2039 316 567

1158 393 1285 435 abest
1319 398 1358 435 et
1394 395 1646 447 imparatum.
1714 392 1767 438 In
1819 392 2039 433 Eumene:

1160 460 1247 500 ‘Et
1285 459 1485 512 quoniam
1521 456 1840 512 imprudentem
1882 456 2044 498 adoriri

1159 533 1246 562 non
1267 520 1448 574 posset.'
1504 522 1616 563 Ibid.
1645 522 1658 545 ⁴
1676 521 1877 575 sperabat
1897 532 1943 562 se
1961 521 2039 561 im-

1158 583 1422 638 prudentem
1480 585 1647 625 hostem
1707 583 2047 638 oppressurum!

1156 650 1348 702 Vulgata
1383 649 1513 690 lectio
1550 648 1724 701 probari
1759 653 1921 703 potest.
1991 649 2047 690 In

1158 712 1290 767 Ages.
1317 714 1330 736 ‘
1346 714 1445 756 Quo
1463 712 1624 754 factum
1645 718 1714 754 est
1732 718 1781 755 ut
1801 725 1948 755 omnes
1966 713 2045 754 im-

1158 784 1334 831 paratos
1363 777 1744 832 imprudentesque
1774 776 2050 821 offenderet(

1158 842 1324 883 Savaro.

1212 905 1339 946 Arma
1368 903 1495 957 capit]
1535 901 1705 945 Habuit
1734 903 1931 945 Danielis
1961 903 2044 944 Co·

1160 967 1272 1019 dex3
1297 979 1409 1008 amna
1435 966 1572 1008 sumit.
1628 966 1702 1008 Sic
1730 979 1881 1007 sumere
1911 966 2044 1007 etiam

1161 1031 1408 1074 auctoribus
1422 1030 1759 1084 frequentatum.
1785 1029 1872 1070 Sed
1886 1034 2049 1070 utrum-

1154 1108 1246 1150 ⁵que
1265 1107 1369 1137 sane
1402 1094 1577 1146 dicitur,
1607 1103 1687 1134 nec
1719 1094 1764 1134 in
1795 1092 1920 1134 unius
1952 1104 2046 1145 gra-

1160 1159 1266 1200 tiam
1285 1158 1467 1199 alterum
1486 1154 1758 1210 ejiciendum.
1785 1155 1987 1196 Kenchen.

1214 1221 1471 1273 Mithridati]
1526 1219 1832 1262 Ariobarzanis
1868 1218 1973 1269 tilio,
2025 1231 2053 1259 a

1160 1298 1245 1340 quo
1263 1290 1414 1339 postea
1426 1295 1504 1337 per
1521 1283 1666 1324 dolum
1680 1288 1727 1339 et
1745 1281 1969 1334 perfidiam
1987 1281 2051 1321 in-

1160 1347 1372 1389 terfectus
1393 1351 1475 1399 est,
1507 1352 1558 1388 ut
1588 1343 1703 1386 infra
1729 1355 2051 1397 cognoscemus.

1159 1411 1213 1452 In
1234 1411 1416 1452 nummis
1434 1410 1620 1463 antiquis
1639 1408 1752 1462 apud
1771 1409 1890 1449 Eric.
1909 1408 2049 1448 Mem·

1159 1476 1292 1517 mium
1310 1481 1357 1517 et
1367 1473 1504 1517 Clem.
1515 1473 1784 1514 Teveniuum
1796 1472 1956 1527 legitur
1969 1472 2054 1511 Mi-

1159 1541 1398 1588 thradates‚
1432 1540 1680 1581 ΒΑΣΙΛΕΩΣ
1728 1540 2051 1578 ΜῙΘΡΑΔΑΤΟΥ

1160 1606 1472 1645 ΕΥΠΑΤΩΡΟΣ.
1511 1601 1742 1642 Lambinus.
1798 1599 1928 1643 Quod
1965 1611 2052 1639 non

1161 1667 1326 1720 probo:
1355 1664 1595 1720 Μιθραδάτης
1614 1665 1728 1706 enim
1747 1664 1950 1705 Groecum
1967 1669 2051 1714 est,

1163 1731 1459 1782 Mithridates,
1474 1731 1695 1779 Latinum,
1711 1743 1736 1770 a
1753 1728 1796 1769 in
1816 1729 1854 1769 i.-
1873 1734 1921 1768 ut
1941 1733 2051 1768 Mao-

1160 1794 1283 1836 σαλία
1300 1795 1502 1848 Massilia,
1519 1793 1679 1843 Κατάνῃ
1701 1796 1862 1845 Catina,
1881 1792 2053 1844 Νόμαδες

1163 1860 1575 1916 Ναυηὶάω,”Αρεραγας
1592 1859 1874 1910 Agrigentum,
1893 1863 1940 1899 et
1955 1858 2051 1898 alia.

1162 1923 1365 1975 Bongars.
1887 1973 1890 1976 Ι

1217 1989 1330 2028 CA?-
1359 1992 1401 2028 5.
1445 1986 1626 2039 seipsum
1662 1983 1931 2037 reprehendit]
1981 1985 2052 2026 Ita

1163 2051 1332 2103 melius,
1350 2062 1478 2104 quam
1496 2051 1540 2090 in
1556 2049 1666 2101 aliis,
1674 2048 1939 2100 deprehendit.
1962 2047 2053 2100 Ap-

1166 2115 1336 2168 puleius
1371 2112 1666 2165 Metamorpb.
1703 2123 1806 2153 vm.
1851 2113 1863 2133 ‘
1881 2111 2053 2165 Suaque

1166 2178 1428 2231 reprehensa
1463 2175 1729 2229 negligentia
1742 2175 1769 2225 ;’
1833 2174 1887 2215 ad
1925 2187 2053 2227 quem

1167 2241 1352 2294 Nepotis
1366 2241 1506 2281 locum
1518 2239 1745 2281 contendit
1759 2238 1940 2279 doctiss.
1960 2238 2055 2279 Pri·

1146 2350 1150 2353 ζ
1166 2315 1296 2345 caeus.
1323 2304 1528 2345 Keachen.

1219 2367 1288 2409 Aa
1304 2367 1521 2408 exercitum
1537 2364 1666 2418 Acen]
1693 2365 1856 2406 Acaeum
1885 2363 2054 2406 Lambi-

1167 2443 1264 2483 nus,
1298 2432 1379 2472 sibi
1412 2437 1555 2473 tamen
1575 2437 1624 2472 ut
1651 2443 1736 2471 non
1767 2428 2056 2480 satisfaceret,

1166 2495 1381 2536 edendum
1400 2495 1584 2536 curavit.
1635 2494 1797 2535 Caeteri
1817 2492 1907 2532 fere
1926 2501 2054 2532 acrem

1168 2559 1346 2612 propius
1365 2571 1392 2600 a
1407 2571 1509 2599 vera
1529 2557 1761 2611 scriptura,
1794 2569 1918 2609 quam
1956 2566 2052 2595 esse

1166 2622 1277 2663 Acen
1295 2622 1433 2662 nullus
1452 2620 1621 2673 dubito,
1647 2620 1897 2673 monuitque
1917 2625 1962 2658 et
1979 2617 2005 2659 J
2011 2630 2054 2657 a-

1167 2685 1263 2726 cob.
1291 2684 1558 2736 Bongarsius
1591 2683 1645 2724 ad
1676 2683 1838 2726 Justin.
1868 2687 1913 2722 et
1941 2681 2051 2722 Rob.

1164 2749 1299 2790 Titius
1331 2749 1432 2789 Loc.
1458 2748 1586 2789 Cont.
1615 2747 1689 2787 lib.
1711 2758 1745 2787 r.
1773 2749 1813 2787 7.
1870 2746 1950 2786 Est
1982 2757 2055 2786 au-

1165 2817 1254 2854 tem
1274 2811 1367 2853 Ace
1382 2810 1619 2852 Pboeniciae
1637 2808 2056 2861 civitas,Ptolemais

1166 2881 1320 2929 postea
1345 2875 1477 2917 dicta.
1516 2875 1783 2928 Stephanus:
1805 2872 1924 2925 Ἄκη,
1941 2871 2055 2915 πόλις

1165 2938 1352 2989 Φοινίκης.
1368 2938 1468 2989 αὕτη
1484 2938 1708 2990 Πτολεμαῒς
1727 2938 1920 2979 ἐκαλεῖτο.
1939 2939 2059 2979 Stra-

1166 3005 1222 3047 bo
1241 3005 1316 3047 lib.
1336 3015 1431 3046 xvx.
1486 3002 1599 3045 Μετὰ
1614 3002 1689 3052 τὴν
1713 3002 1834 3056 Τύρον
1859 3002 1885 3052 ἡ
1903 3001 2053 3042 Παλαί-

1166 3084 1280 3124 τυρος
1298 3069 1340 3110 ἐν
1356 3067 1565 3123 τριάκοντα
1583 3066 1769 3109 σταδίοις.
1783 3065 1852 3107 εἶθ’
1863 3066 1889 3115 ἦ
1902 3071 2054 3106 Πτολε-

1166 3132 1257 3186 μαῒς
1274 3134 1360 3174 ἐστι
1375 3131 1532 3185 μεγάλη
1550 3131 1679 3181 πόλις,
1707 3130 1755 3178 ἣν
1766 3130 1890 3178 Ἄκην
1909 3127 2056 3179 ὠνόμα-

1169 3198 1240 3252 ζον
1256 3197 1457 3252 πρότερον,
1484 3194 1511 3251 ᾖ
1535 3197 1706 3248 ἐχρῶντο
1733 3191 1947 3247 ὁρμητηρίῳ
1962 3192 2058 3246 πρὸς

1168 3262 1242 3310 τὴν
1270 3262 1468 3312 Αἴγυπτον
1496 3259 1533 3299 oi
1558 3255 1717 3311 Πέρσαι.
1773 3256 1975 3298 Meminit
2010 3261 2057 3297 et

1171 3323 1506 3377 Harpocration.
1571 3321 1726 3363 Suidas
1773 3325 1820 3362 et
1871 3319 2055 3361 Plinius.

1172 3386 1294 3430 Infra
1308 3386 1457 3427 eadem
1477 3391 1683 3438 corrupta
1701 3397 1801 3438 vox,
1819 3384 2057 3426 rescriben-

1172 3452 1375 3506 dnmque,
1393 3462 1481 3492 cum
1499 3450 1588 3499 ⁴iam
1618 3451 1669 3490 ad
1699 3449 1915 3490 exercitum
1944 3448 2051 3489 Acen
