2306 3900
267 277 399 331 cviii

319 414 489 467 aliquem
526 412 687 451 invitare
727 425 815 460 xxv,
845 416 894 454 13
942 426 1071 466 neque
1105 415 1146 453 in

321 468 494 507 sestertio
532 466 650 505 vicies
685 479 820 518 parum
856 467 1062 519 splendide
1106 481 1146 507 se

319 521 451 573 gessit,
471 532 600 571 neque
617 518 691 558 &c-
719 534 808 566 xxv,
833 525 885 562 14

266 575 387 613 Parus
406 573 532 611 insula
550 571 650 626 (una
665 586 687 612 e
703 549 959 626 Cycladibus,
977 574 1147 613 candido

320 639 506 666 marmore
543 625 737 686 celebris)
783 634 1012 688 oppugnata
1056 628 1084 674 i,
1120 631 1145 668 ⁷

320 680 478 719 Parium
501 678 645 719 crimen
679 679 817 733 (super
835 680 926 721 Pari
943 693 1148 734 oppugna-

320 734 428 772 tione
446 732 702 786 intentatum)
732 734 759 780 i,
780 737 807 774 8

267 788 438 826 Passus.
459 787 491 825 is
505 799 667 839 campus
685 786 795 826 abest
807 788 856 827 ab
876 786 1026 839 oppido
1039 788 1148 827 circi·

324 847 382 880 ter
399 839 521 879 millia
538 852 720 892 passuum
734 840 902 880 decern
893 853 920 886 ι,
940 844 965 880 4
993 839 1149 880 Hadru-

323 899 470 932 metum
502 894 612 932 abest
642 906 666 931 a
698 893 814 932 Zama
845 893 998 933 circiter
1030 893 1151 932 millia

321 960 504 999 passuum
540 952 715 986 trecenta
741 946 848 993 xxiii,
876 951 903 987 6
945 947 1151 1000 (Passibus

320 1002 425 1040 enim
445 1006 592 1039 veteres
613 1000 871 1039 metiebantur
889 1013 980 1039 suos
998 1000 1150 1052 lapides

321 1062 361 1093 et
378 1052 569 1092 milliaria.
585 1052 712 1092 facere
728 1059 858 1092 autem
877 1057 998 1094 1000.
1015 1066 1151 1105 passus

321 1120 443 1146 unum
455 1107 626 1159 lapidem
641 1107 732 1145 Ital.
744 1110 865 1148 4000.
879 1120 1014 1158 passus
1030 1121 1151 1147 unum

322 1159 485 1200 milliare
505 1159 919 1223 Germanicum'vulgo
939 1161 1124 1212 traditur)

269 1213 496 1254 Patefacere
517 1213 690 1266 cogitata
716 1214 769 1260 iv,
791 1217 815 1253 3
845 1214 933 1253 loca
960 1214 1067 1260 xxiii,
1088 1219 1112 1254 3

271 1270 389 1308 Patet
419 1267 514 1307 mihi
545 1268 675 1306 aditus
707 1269 757 1306 ad
791 1281 881 1307 eum
909 1267 936 1315 i,
963 1272 988 1308 8
1017 1274 1154 1328 patent

323 1322 419 1361 mihi
437 1322 604 1360 honores
633 1334 721 1367 xxv,
741 1325 768 1361 6

269 1373 378 1414 Patri
406 1374 682 1436 jusjurandum
718 1374 810 1413 dare
837 1373 944 1421 xxiii,
972 1378 998 1416 2
1046 1382 1153 1426 patre

326 1429 385 1467 uti
419 1429 623 1480 diligente,
663 1427 907 1479 indulgente,
948 1428 1035 1474 diti,
1072 1435 1152 1468 stu-

324 1482 438 1521 dioso
471 1482 664 1521 literarum
693 1494 781 1527 xxv,
817 1485 838 1520 1
880 1481 1154 1532 paterfamilias

323 1548 406 1574 non
456 1535 664 1587 indiligens
703 1547 792 1580 xxv,
825 1538 851 1574 4
898 1547 978 1572 non
1027 1536 1154 1574 minus

324 1589 450 1628 bonus
486 1588 689 1641 paterfam.
721 1587 877 1626 habitus
921 1594 994 1635 est,
1037 1602 1154 1651 quam

326 1643 422 1682 civis
450 1655 538 1688 ιιιιν,
559 1645 610 1681 13
650 1646 778 1693 patres
811 1641 1023 1693 conscripti
1049 1642 1155 1689 xxiii,

327 1689 379 1736 12
409 1694 468 1748 (v.
487 1695 671 1757 Conscr.)

274 1751 443 1790 Paterna
462 1748 663 1811 provincia
674 1746 761 1801 (cuj
768 1760 811 1786 us
822 1748 1028 1799 praefectus
1047 1754 1158 1802 pater

327 1803 423 1855 fuit)
451 1803 529 1848 xiv,
561 1806 582 1842 1
625 1809 823 1854 paternam
861 1801 1022 1854 gloriam
1060 1804 1158 1843 tueri

326 1857 469 1919 (patris
489 1831 671 1908 gloriam)
699 1855 778 1901 xix,
799 1858 821 1895 1
852 1856 1019 1908 (posito
1024 1856 1157 1908 adjec—

330 1912 409 1949 tivo
429 1923 500 1962 pro
516 1908 792 1961 substantivo).
811 1921 862 1948 ne
882 1910 1054 1961 aspicere
1073 1911 1157 1963 qui-

329 1965 419 2003 dem
435 1964 644 2002 fraternum
664 1962 892 2014 sanguinem
911 1963 1035 2003 voluit
1051 1978 1116 2013 xx,
1134 1969 1155 2005 1

331 2017 480 2078 (fratris
496 2017 736 2068 sanguinem.
767 2016 899 2055 Vorst.
902 2015 923 2069 )

274 2071 395 2110 Patrii
413 2069 484 2109 Dii
512 2071 554 2116 ii,
567 2075 592 2112 7
621 2069 767 2122 patrios
782 2083 906 2110 mores
926 2077 1074 2111 mutare
1101 2072 1155 2119 iv,

276 2179 422 2225 Patria,
459 2178 498 2217 in
515 2191 593 2230 qua
611 2185 694 2218 erat
710 2185 825 2219 natus
853 2192 916 2226 xx,
937 2183 960 2219 l
993 2179 1155 2231 patriam

323 2232 443 2284 juvit,
476 2233 776 2284 quibuscunque
804 2234 918 2272 rebus
951 2246 1156 2284 possumus

326 2286 420 2332 xvii,
447 2289 471 2325 7
517 2286 650 2337 patriae
683 2287 843 2326 caritate
875 2287 1018 2325 ductus
1045 2287 1113 2332 vii,
1131 2292 1155 2325 5

328 2351 399 2389 pro
419 2340 554 2390 patriae
572 2339 730 2377 caritate
745 2340 846 2377 orbis
861 2346 1044 2378 terrarum
1057 2338 1157 2377 divi-

330 2390 404 2430 tias
436 2391 612 2443 accipere
642 2404 723 2429 non
753 2391 839 2429 v-ult
866 2391 1159 2443 Epaminondas

329 2458 393 2491 xv,
413 2448 439 2484 4
467 2457 489 2482 a
508 2446 667 2483 cafitate
695 2445 831 2496 patriae
851 2457 931 2484 non
950 2445 1080 2496 potuit
1098 2458 1158 2484 re-

330 2498 469 2537 cedere
489 2497 619 2536 Alcib.
649 2498 717 2543 vii,
737 2501 762 2537 8
791 2498 925 2549 patriae
939 2497 1030 2550 jura
1048 2511 1159 2538 sanc-

332 2553 430 2590 tiora
467 2563 584 2602 quam
619 2550 781 2602 hospitii
822 2551 905 2598 xiii,
939 2556 966 2592 4
1010 2552 1160 2604 legibus

332 2605 465 2658 patriae
500 2605 765 2656 obtemperare
796 2604 917 2644 satius
947 2617 1064 2657 quam
1091 2607 1162 2644 im·

331 2671 465 2711 perare
493 2671 557 2705 xx,
575 2662 595 2698 1
626 2670 722 2710 opes
738 2670 878 2710 augere
905 2658 957 2704 ix,
973 2664 997 2699 5
1027 2658 1161 2710 patriae

335 2711 526 2752 claritudo
562 2724 702 2750 munus
735 2712 902 2750 fortunae
929 2725 1018 2759 xxv,
1039 2716 1063 2752 3
1093 2726 1164 2765 pa·

338 2767 421 2804 triae
455 2765 567 2805 irasci
603 2765 714 2804 nefas
739 2778 804 2811 xv,
824 2768 849 2804 7
879 2765 1004 2817 patria
1037 2778 1167 2806 carere

331 2819 404 2872 (de
416 2817 553 2871 exule)
571 2819 651 2867 xvi,
667 2822 686 2859 l
710 2817 922 2872 (integre)
937 2819 1024 2858 exul
1039 2819 1161 2872 patria

339 2872 463 2913 caruit
490 2872 569 2920 xvi,
587 2878 612 2913 5

279 2926 562 2965 Patrimonium
581 2924 888 2979 (possessiones)
917 2939 1010 2978 xxv,
1029 2929 1081 2967 12

282 2980 369 3019 Pati
388 2980 495 3032 (pro,
528 2978 797 3032 permittere).
826 2981 997 3032 negabat
1013 2993 1054 3019 se
1073 2992 1161 3032 pas-

334 3047 460 3073 suram
488 3047 528 3080 v,
550 3037 570 3074 l
621 3038 810 3086 quantum
836 3033 1042 3073 facultates
1062 3034 1162 3086 pati-

333 3093 451 3126 untur
478 3100 567 3134 xxv,
588 3090 613 3126 8
641 3099 771 3139 neque
789 3092 919 3126 tamen
937 3099 1017 3126 non
1036 3088 1162 3139 patie-

332 3143 475 3180 bantur
503 3153 594 3180 eum
620 3140 694 3179 sibi
723 3141 913 3193 anteponi
941 3141 1161 3195 (serebant)

336 3195 443 3240 xviii,
463 3199 483 3235 1

283 3249 439 3286 Patiens
460 3248 535 3299 (sc.
550 3246 700 3286 duritiae
712 3254 753 3287 et
765 3247 906 3287 laboris
915 3248 1162 3311 καρτερικὸς)

335 3314 399 3346 xv,
413 3305 436 3339 3
467 3303 568 3353 (quo
585 3313 701 3340 sensu
727 3301 952 3341 ‘Patientia
967 3304 1161 3365 apudLa

335 3330 509 3392 cedaem!
543 3367 691 3393 summa
728 3355 812 3394 laus
849 3356 990 3395 dicitur
1019 3356 1088 3403 vii,
1108 3361 1159 3397 ll

332 3408 409 3445 ita:
427 3406 872 3468 patientiaopmmronla)
883 3409 991 3457 xviii,
1002 3414 1039 3450 l.
1058 3410 1159 3471 Eod-

337 3473 451 3500 sensu
471 3460 624 3498 videtur
642 3462 725 3499 haec
747 3475 818 3500 vox
838 3463 1019 3513 capiend.
1066 3463 1159 3511 xvii,

336 3519 374 3554 7.
421 3513 534 3554 ubi‘
553 3513 716 3552 libidini’
754 3515 814 3553 iel
854 3516 1049 3555 ·1uxuriae’
1085 3531 1155 3570 op-

1083 287 1285 330 INDEX

1265 412 1433 465 ponitur.
1460 426 1498 452 v.
1526 412 1641 452 Thes.
1674 413 1896 466 Buchneri)

1211 466 1370 506 Patiens
1389 466 1666 520 (μακρόθυμος)
1693 481 1758 515 xv,
1776 471 1800 507 ⁷

1210 520 1413 560 Patroclus
1440 522 1518 568 xiv,
1534 525 1560 560 2

1210 572 1425 614 Patruelis.
1417 589 1425 597 ·
1455 587 1478 613 a
1495 575 1609 614 fratre
1629 575 1819 626 patruele,
1833 573 1893 612 Fr.
1910 575 1935 613 3

1210 626 1376 667 Patruus
1401 629 1495 675 xvii,
1515 633 1537 668 1

1211 680 1394 720 Paucitas
1413 682 1484 734 (de
1515 681 1655 744 exiguo
1686 680 1851 719 militum
1882 678 2089 733 numero):

1265 732 1351 785 ejus
1363 735 1550 786 paucitati
1567 734 1774 773 multitudo
1792 735 1960 773 hostium
1977 735 2090 774 obest

1265 787 1343 834 xiv,
1362 792 1387 827 7
1435 801 1482 827 ea
1515 787 1713 838 paucitate
1737 801 1919 851 percussa
1937 794 1997 827 est
2016 788 2091 827 La-

1266 841 1592 879 cedaemoniorum
1623 839 1802 891 potentia
1829 841 1908 887 xvi,
1932 845 1959 882 2
2004 841 2092 904 (Sic

1266 892 1446 933 Justinus
1474 907 1539 940 xx,
1558 897 1599 940 3,
1618 897 1644 932 4
1691 893 1930 934 ‘Locrenses
1956 894 2092 946 pauci-

1267 952 1387 986 tatem
1425 960 1534 986 suam
1565 947 1919 999 circumspicientes
1953 948 2094 987 omissa

1267 1012 1336 1052 spe
1373 1001 1544 1040 victoriae
1580 1001 1621 1038 in
1659 1000 1893 1040 destinatam
1928 1007 2091 1040 mortem

1268 1054 1493 1106 conspirant
1494 1054 1528 1106 ’)

1215 1105 1392 1154 Paullus,
1407 1108 1454 1147 L.
1469 1106 1654 1147 AEmilius
1673 1107 1766 1147 Cos.
1794 1107 1901 1155 xxiii,
1921 1111 1972 1149 13

1215 1160 1412 1213 Pauperes
1431 1161 1657 1214 opulentis'
1646 1160 1772 1212 miqui
1800 1161 1868 1207 xii,
1881 1165 1905 1202 3
1945 1174 2094 1215 pauper

1268 1222 1494 1267 aspernatur
1513 1214 1831 1276 (contemnitur),
1852 1213 1914 1254 Fr.
1935 1220 1959 1256 5

1216 1267 1432 1321 Paupertas
1450 1267 1632 1308 Aristidis
1659 1267 1717 1314 iii,
1733 1271 1758 1308 3
1787 1268 1998 1308 Phocionis
2016 1268 2095 1316 xix,

1271 1325 1293 1361 1
1343 1328 1612 1375 paupertatem
1629 1297 1747 1362 facile
1767 1335 1971 1374 perpessus
1988 1321 2094 1375 Epa·-

1271 1375 1365 1414 min.
1393 1391 1443 1414 xv
1479 1381 1503 1416 3

1216 1427 1373 1468 Pausa:
1403 1406 1491 1482 qniae
1517 1442 1638 1481 pausa
1661 1429 1734 1467 erit
1757 1427 1868 1481 (quis
1885 1427 2010 1480 finis),
2035 1427 2097 1467 Fr.

1273 1485 1323 1521 12
1352 1483 1523 1537 (Eadem
1538 1495 1634 1521 voce
1653 1483 1712 1521 usi
1729 1489 1770 1520 et
1787 1482 1866 1521 alii.
1884 1482 1965 1521 vid.
1983 1481 2099 1522 Voss.

1270 1534 1498 1590 Etymolog.
1514 1537 1608 1588 ling.
1627 1535 1737 1587 Lat.)

1217 1587 1431 1630 Pausanias
1450 1589 1546 1629 varii
1573 1589 1686 1627 moris
1705 1590 1822 1628 homo
1843 1588 2095 1628 Mardonium

1271 1641 1414 1681 fudit
1402 1657 1455 1691 iv,
1477 1647 1499 1683 1
1546 1641 1640 1681 hinc
1676 1642 1842 1681 ἰιιοίιὶΙίε
1873 1642 2097 1691 insolentia,

1272 1695 1371 1735 ibid.
1385 1710 1488 1749 *quae
1505 1694 1694 1736 felicitate
1706 1702 1868 1748 augetur
1894 1695 1949 1743 iv,
1963 1700 1990 1737 2
2017 1709 2099 1736 am·

1276 1749 1333 1787 bit
1347 1751 1556 1791 amicitiam
1575 1749 1728 1798 Xerxis,
1741 1749 1837 1789 ibid.
1864 1749 1956 1790 ideo
1975 1750 2098 1791 mulc-

1276 1808 1391 1852 tatur,
1411 1805 1508 1844 ibid.
1534 1804 1690 1844 vincula
1707 1817 1836 1843 rursus
1866 1810 2031 1843 meretur
2060 1810 2103 1844 et

1276 1857 1416 1910 effugit
1444 1860 1495 1906 iv,
1508 1862 1532 1899 3
1562 1865 1702 1909 suopte
1717 1858 1864 1897 indicio
1884 1858 2102 1909 deprehen-

1275 1911 1419 1951 ditur
1408 1926 1460 1959 iv,
1478 1917 1504 1954 4
1551 1918 1622 1951 tot.
1653 1913 1694 1950 in
1721 1911 1944 1952 Chalcioeco
1971 1912 2103 1952 interit

1276 1963 1329 2011 iv,
1347 1971 1372 2006 5
1402 1966 1466 2005 Fit
1478 1966 1563 2019 ejus
1585 1965 1729 2005 mentio
1748 1963 1804 2013 iii,
1819 1968 1845 2006 2
1874 1978 1937 2005 rex
1956 1965 2102 2006 Laced.

1277 2018 1421 2059 dicitur
1447 2020 1527 2066 viii,
1547 2023 1571 2060 3

1223 2071 1441 2112 Pausanias
1458 2073 1660 2127 (Philippi
1678 2071 1900 2126 percussor)
1926 2073 2007 2120 xxi,
2022 2076 2049 2114 2

1219 2124 1302 2164 Pax
1323 2127 1426 2166 bello
1446 2128 1593 2179 paritur
1619 2140 1684 2173 xv,
1703 2131 1728 2166 5
1775 2139 1851 2179 pax
1870 2133 1912 2166 et
1927 2125 2101 2167 amicitia

1273 2180 1522 2233 (conjunct.)
1560 2181 1637 2227 xiv,
1672 2185 1697 2221 8
1761 2193 1842 2219 non
1877 2180 1973 2227 fida,
2001 2180 2099 2220 ibid.

1275 2247 1351 2284 pax
1370 2235 1471 2274 mala
1486 2235 1564 2274 fide
1584 2234 1709 2286 petita
1726 2234 1834 2281 xviii,
1848 2238 1875 2275 4
1903 2235 2102 2286 quomodo

1275 2286 1456 2327 facienda
1482 2289 1572 2335 xxii,
1595 2292 1616 2327 l
1659 2288 1767 2327 Psc1
1786 2300 1863 2327 arae
1880 2287 1996 2328 factae
2023 2288 2106 2335 xiii,

1274 2343 1300 2379 2
1329 2341 1436 2391 pacis
1451 2341 1642 2380 vocabulo
1661 2353 1766 2392 saepe
1784 2341 1946 2380 servitus
1963 2341 2106 2392 tegitur

1276 2405 1341 2439 xv,
1357 2398 1381 2433 5
1426 2407 1564 2445 pacem
1589 2394 1797 2432 conciliare
1824 2393 1925 2433 inter
1950 2393 2103 2446 aliquos

1275 2457 1316 2492 v,
1331 2449 1356 2486 3
1385 2447 1634 2486 reconciliare
1662 2446 1743 2493 viii,
1761 2450 1786 2486 3
1814 2448 1864 2486 ab
1882 2447 2012 2499 aliquo
2028 2461 2103 2511 pe-

1277 2504 1356 2539 tere
1375 2499 1481 2547 xviii,
1496 2505 1520 2541 4
1550 2501 1768 2552 impetrare,
1782 2499 1880 2540 ibid
1915 2501 2106 2540 constitu-

1278 2565 1341 2592 ere
1356 2553 1415 2592 his
1431 2553 1582 2605 legibus
1601 2553 1683 2600 xiii,
1703 2557 1729 2594 2
1765 2553 1866 2592 inter
1881 2552 2105 2606 Thrasybu-

1279 2606 1358 2645 lum
1384 2613 1425 2647 et
1452 2620 1534 2654 eos,
1553 2607 1620 2659 qui
1639 2607 1774 2646 urbem
1793 2607 1994 2654 tenebant,
2012 2608 2107 2648 fecit

1279 2673 1432 2712 pacem,
1459 2660 1520 2700 his
1545 2660 1838 2700 conditionibus
1861 2659 1937 2700 &c.
1978 2661 2061 2709 viii,
2078 2665 2104 2703 3

1280 2713 1352 2775 (de
1380 2713 1576 2754 Pausania
1603 2727 1740 2766 pacem
1767 2714 2016 2755 conciliante.
2039 2714 2107 2755 De

1279 2765 1373 2858 lxpsis
1400 2768 1716 2820 belligerantibus
1743 2780 1784 2814 x,
1812 2773 1836 2808 5
1887 2774 2104 2851 usurpatur.

1319 2828 1410 2861 orst.

1227 2872 1403 2916 Pecunia
1414 2821 1593 2928 >publica
1622 2875 1695 2928 (de
1724 2875 1939 2929 reditib.)
1927 2875 2015 2924 ιὶ,2
2061 2881 2106 2915 ut

1279 2935 1381 2968 esset
1397 2929 1565 2981 pecunia
1583 2941 1672 2981 quas
1697 2927 1888 2968 Romanis
1917 2929 2106 2982 pendere-

1280 2987 1342 3020 tur
1369 2982 1520 3029 xxiii,'1
1561 2983 1730 3035 pecunia
1745 2982 1923 3022 mulctari
1949 2983 1978 3030 i,
1995 2985 2037 3023 7.
2063 2997 2106 3031 v,

1281 3039 1303 3074 1
1353 3036 1549 3088 depellere
1580 3036 1728 3076 instans
1757 3036 1973 3087 periculum
1998 3035 2054 3083 iv,
2079 3041 2106 3078 3

1279 3101 1326 3128 ea
1358 3089 1526 3142 pecunia
1562 3090 1694 3130 classis
1731 3088 1946 3130 aedificatur
1987 3088 2046 3137 iii,
2076 3093 2103 3131 8

1279 3143 1447 3194 pecunia
1476 3143 1560 3183 sine
1594 3143 1742 3183 foenore
1777 3149 1818 3182 et
1832 3142 2107 3207 stipulatione

1278 3195 1426 3236 credita
1452 3210 1542 3244 xxv,
1561 3202 1588 3238 9
1634 3196 1803 3249 pecunia
1830 3197 1874 3236 in
1901 3197 2007 3236 bello
2036 3209 2107 3250 per

1281 3257 1446 3289 certum
1465 3250 1662 3290 hominem
1698 3250 1958 3302 dispensatur
1989 3251 2042 3297 ix,
2077 3253 2104 3291 4

1280 3305 1460 3356 pecunias
1498 3304 1655 3343 collatio
1692 3303 1939 3343 sublevandis
1973 3302 2106 3342 amicis

1278 3371 1342 3405 xv,
1362 3361 1386 3398 3
1436 3358 1617 3410 pecuniae
1649 3356 1958 3420 quinquaginta·
1958 3356 2106 3396 talenta

1278 3411 1428 3451 civibus
1443 3411 1520 3449 suis
1539 3411 1661 3450 donat
1690 3411 1744 3458 ix,
1762 3413 1789 3450 4
1817 3409 1994 3462 pecuniae
2013 3422 2105 3449 usus

1278 3477 1357 3504 non
1396 3465 1677 3517 magnitudine,
1713 3464 1782 3502 sed
1816 3463 1963 3502 ratione
1994 3463 2106 3502 meti-

1279 3519 1407 3557 endus
1432 3532 1517 3563 xxv,
1542 3522 1590 3558 14
1646 3516 1849 3568 pecuniam
1867 3522 2104 3557 numeratam
