2306 3900
334 295 441 349 ’728
890 307 1214 357 nnansus
1259 306 1614 351 ηοιτιοΝυΜ

339 433 465 491 1609
491 432 818 491 Francofurti,
857 429 944 483 fol.
983 434 1133 483 Corn.
1164 433 1372 500 Nepotis
1393 452 1562 503 opera,
1606 452 1718 502 quae
1755 434 1953 500 quidem
1978 442 2163 496 extant,

379 513 636 562 'historica
671 513 883 562 virorum
907 513 1043 562 domi
1068 515 1352 580 militiaeque
1388 517 1647 567 illustrium
1671 518 1962 566 Graecorum
1987 517 2168 565 Roma·

398 610 670 659 notumque
695 594 939 659 explicata
962 595 1151 660 pridem
1178 597 1342 646 studio
1365 598 1521 647 Andr.
1547 598 1759 648 Schotti.
1826 598 1969 646 Nunc
2003 596 2167 645 denuo

399 675 661 724 doctorum
698 675 948 725 homiuum
983 677 1350 727 accessionibus
1373 686 1535 728 aucta.
1573 678 1799 728 Francos.
1825 694 1908 742 ap.
1935 678 2008 726 Cl.
2038 679 2171 727 Mar-

399 756 531 805 nium
569 763 620 805 et
657 756 840 806 haered.
871 759 950 807 Jo.
977 758 1472 808 Aubrii.—Continet
1495 763 1617 808 Aur.
1641 759 1858 808 Victoris
1882 758 2006 807 duos
2030 758 2169 807 libel-

397 836 487 896 los,
521 837 584 887 de
609 838 795 904 origine
819 839 975 903 gentis
1002 841 1254 900 Romanae,
1288 848 1338 889 et
1361 841 1424 888 de
1441 840 1551 888 viris
1575 840 1860 898 illustribus,
1897 838 2170 904 fragmenta

395 917 610 982 Nepotis
649 934 762 966 cum
803 919 997 968 Schotti
1022 927 1210 969 annott.
1234 920 1282 968 in
1307 919 1478 968 eadem
1503 927 1553 968 et
1575 921 1624 968 in
1649 920 1792 978 vitas,
1818 919 1875 967 P.
1903 919 2084 968 Naunii
2105 918 2169 968 de

397 997 541 1046 claris
577 998 831 1058 Corneliis„
871 1007 920 1048 et
954 1001 1009 1049 L.
1035 1000 1218 1065 Sigonii
1256 1001 1318 1050 de
1359 1001 1459 1051 vita
1495 1008 1548 1051 et
1584 1002 1730 1051 rebus
1755 1000 1902 1067 gestis
1927 999 2167 1064 Scipionis

402 1077 657 1127 AEmiliani.

334 1156 461 1208 1612
487 1159 718 1225 Lugduni
744 1162 852 1210 Bat.
883 1170 961 1212 12.
986 1179 1098 1212 cum
1123 1163 1319 1212 scholiis
1343 1162 1584 1228 Longolii.

333 1237 463 1289 1620
486 1239 691 1298 Parisiis,
717 1248 764 1291 8.
788 1241 870 1291 ed.
898 1242 1101 1292 Hieron.
1127 1244 1280 1308 Magii
1309 1242 1457 1294 1563.
1482 1242 1710 1307 repetita.

332 1318 460 1369 1628
486 1320 719 1379 Lubecae,
750 1329 827 1372 12.
850 1340 911 1372 ex
934 1324 1014 1373 ed.
1039 1324 1301 1373 Savaronis
1325 1319 1559 1372 Parisina'.

326 1426 394 1436 -·
418 1401 644 1465 Lugduni
667 1404 776 1451 Bat.
805 1410 853 1453 8.

333 1479 462 1539 1629
487 1481 698 1532 Hafniae.
737 1483 850 1533 Vita
889 1485 1042 1534 Attici
1080 1501 1193 1534 cum
1237 1486 1363 1535 notis
1405 1501 1492 1550 per
1525 1484 1678 1534 Henr.
1723 1485 1984 1534 Ernstium.
2014 1484 2168 1534 Valde

347 1605 349 1608 .
395 1569 616 1626 corrupt.

332 1639 461 1691 1634
483 1642 711 1706 Lugduni
755 1645 864 1693 Bat.
907 1651 991 1694 24.
1030 1645 1251 1694 AEmilius
1283 1645 1490 1704 Probus,
1513 1645 1577 1694 al.
1601 1646 1747 1693 Corn.
1775 1645 1946 1709 Nepos
1969 1645 2033 1694 de
2059 1644 2169 1693 vitis

396 1723 561 1789 Impp.
587 1725 679 1772 Gr.
1975 1749 1980 1753 >

335 1799 462 1852 1635
487 1805 642 1863 Jenae,
671 1812 718 1854 8.
743 1821 790 1853 c.
815 1821 864 1852 n.
888 1807 968 1855 J⁰.
995 1806 1148 1856 Rave.
1173 1806 1340 1856 Editio
1365 1807 1498 1856 haud
1521 1806 1897 1856 contemnenda.

332 1882 460 1942 1637
485 1886 839 1936 Amstelodami
858 1903 933 1951 ap.
955 1889 1180 1937 Jansson.
1206 1888 1284 1938 16.
1323 1889 1436 1938 Vita
1460 1889 1561 1938 Tit.
1586 1890 1763 1953 Pomp.
1791 1886 1945 1936 Attici
1967 1894 2170 1936 auctore

394 1966 544 2014 Corn.
569 1967 780 2031 Nepote,
821 1984 935 2016 cum
965 1968 1111 2026 notis,
1136 1969 1388 2032 glossario,
1414 1977 1464 2019 et
1487 1969 1846 2020 nomenclatore
1870 1969 2024 2018 Henr.
2048 1969 2171 2017 Eru-

397 2047 496 2107 stii,
522 2047 704 2097 additis
727 2048 855 2096 notis
879 2048 1140 2097 Christiani
1165 2049 1479 2098 Heidmanni.

331 2128 458 2179 1638
480 2129 806 2193 Argentorati,
834 2136 882 2178 8.
1279 2197 1282 2199 .

330 2238 398 2247 --
421 2209 650 2268 Holmiae,
681 2217 758 2257 12.
788 2225 900 2257 cum
926 2209 1157 2259 Loccenii
1179 2210 1309 2260 notis
1332 2211 1548 2275 politicis
1573 2218 1622 2260 et
1646 2211 1807 2261 indice
1830 2209 2149 2276 philologico.

334 2291 465 2342 1640
489 2291 815 2355 Argentorati,
854 2298 901 2340 8.
939 2291 1234 2340 Boecleriana
1274 2306 1313 2340 Ι.
1357 2294 1508 2342 Corn.
1546 2293 1772 2357 Nepotis,
1813 2293 1961 2356 vulgo
1994 2290 2171 2340 AEmilii

368 2396 371 2398 ·
393 2372 560 2430 Probi,
586 2371 649 2420 de
668 2371 1019 2420 excellentibus
1037 2372 1149 2420 viris
1169 2389 1282 2437 quae
1300 2380 1510 2432 exstant,
1530 2388 1646 2421 cura
1669 2374 1750 2422 J0.
1772 2373 1922 2421 Henr.
1943 2371 2170 2421 Boecleri.

394 2455 633 2520 Impensis
660 2454 794 2504 Frid.
820 2454 1302 2519 Sporii.—-Lambini
1324 2462 1512 2505 textum
1538 2455 1759 2520 sequitur
1784 2471 1953 2504 unum.

325 2566 391 2574 —-
416 2535 635 2592 Basileae‚
660 2542 743 2586 24.
770 2534 920 2583 Liber
941 2535 1121 2583 AEmilii
1144 2535 1292 2584 Probi
1314 2553 1357 2585 s.
1381 2536 1532 2585 Corn.
1556 2535 1767 2600 Nepotis
1791 2536 1854 2584 de
1878 2536 1983 2584 vita.
2013 2535 2170 2584 excel-

391 2614 593 2664 lentium
634 2616 1010 2679 Imperatorum,
1047 2632 1162 2664 cum
1201 2615 1367 2666 indice
1400 2633 1564 2667 rerum
1589 2633 1737 2666 mem.
1761 2614 2168 2681 locupletissimo.

385 2691 506 2745 Bas.
531 2695 763 2760 impensis
789 2694 1027 2744 Ludovici
1051 2695 1217 2761 Regis.
1634 2692 1638 2695 ’

333 2776 459 2827 1642
486 2776 717 2842 Lugduni
752 2776 861 2825 Bat.
908 2782 986 2826 12.
1028 2792 1141 2825 cum
1171 2776 1395 2842 Longolii
1418 2783 1469 2825 et
1492 2763 1747 2826 Savaronis
1770 2776 1911 2827 notis.
1937 2777 2011 2825 Ex
2031 2775 2169 2825 offic.

392 2860 475 2908 Jo.
503 2858 677 2908 Maire.

331 2938 460 2988 1644
485 2939 856 2998 Amstelodami,
899 2945 977 2989 12.
1004 2954 1085 3002 ap.
1112 2939 1339 2996 Jansson,
1365 2954 1480 2986 cum
1503 2938 1614 2987 Jani
1635 2936 1890 2986 Gebhardi
1914 2935 2169 3000 spicilegio

395 3025 641 3067 notarum.
680 3017 912 3083 Repetita
936 3017 1050 3066 dein
1082 3016 1226 3068 1662.
2011 3020 2014 3022 ’

326 3128 393 3136 —-
415 3099 744 3166 Argentorati,
790 3107 837 3150 8.
863 3098 1162 3148 Boecleriana
1188 3113 1252 3147 11.
1290 3098 1431 3147 Idem
1458 3098 1707 3147 Boeclerus
1734 3098 1868 3147 Diss.
1892 3097 2054 3147 Acad.
2078 3115 2167 3148 suo
2212 3111 2222 3122 ·

392 3182 542 3232 modo
565 3189 619 3231 et
641 3182 769 3247 stylo
794 3180 1096 3245 Agesilaum,
1132 3178 1544 3245 Epaminondam,
1578 3188 1629 3229 et
1650 3180 2032 3230 Themistoclem
2053 3179 2169 3228 ima-

392 3262 584 3324 ginatus
607 3271 702 3322 est,
729 3278 842 3326 quae
866 3279 1056 3311 recusae
1079 3261 1128 3309 iu
1149 3262 1288 3326 Opp.
1311 3261 1419 3324 ejus
1443 3261 1609 3310 Tomo
1638 3275 1703 3311 11.
1730 3278 1778 3311 n.
1805 3273 1941 3311 1111.
1968 3272 2090 3308 mv.
2115 3268 2165 3308 et

394 3356 612 3392 xxvtn.
650 3336 899 3409 leguntur.
942 3384 945 3385 γ
972 3343 1073 3392 Sed
1115 3344 1220 3392 haec
1245 3341 1310 3391 ad
1339 3349 1527 3392 textum
1560 3342 1770 3409 Nepotis
1795 3341 1986 3393 minime
2010 3340 2166 3405 perti-

393 3430 526 3481 nent,
555 3431 606 3471 et
630 3431 743 3472 sunt
766 3441 857 3488 pro
881 3425 1048 3474 saeculi
1072 3424 1270 3490 ingenio
1293 3423 1512 3488 politica.

332 3501 458 3552 1645
488 3503 778 3566 Hamburgi,
814 3513 891 3555 12.
920 3505 1061 3553 Ravii
1085 3504 1162 3553 ed.
1187 3504 1413 3567 repetita.
