2306 3900
775 304 920 343 XXI.

206 422 348 464 dictus
387 422 551 473 ἡμίωος.
600 421 779 462 Grotius.
853 420 983 474 Apud
1014 420 1090 462 Al·

205 487 372 539 phaeum
390 500 400 526 :
446 488 459 509 ‘
477 485 636 526 Veniet
653 485 793 526 Persa
813 484 1090 534 Semiasinus,

203 550 279 602 qui
309 549 425 589 vobis
434 549 587 601 jugum
614 547 836 588 servitutis
863 547 1088 600 imponet.'

204 614 263 653 Et
282 612 381 653 hinc
405 613 553 652 Croeso
583 611 808 663 respondit
835 613 1084 662 oraculum3

199 676 212 698 ‘
233 676 356 716 Tune
380 674 510 716 finem
542 674 662 727 regni
680 674 756 715 sui
781 673 893 726 fore,
914 675 1085 728 quando

201 740 340 780 mulus
367 739 531 792 potitus
559 743 677 779 esset
709 738 811 779 sede
838 732 978 791 Regis
990 739 1084 779 Mc-

199 801 378 843 dorum.'
414 801 528 842 Vide
554 800 734 854 Joseph.
753 802 1016 854 scaligerum
1039 801 1083 842 in

200 864 330 905 Notis
342 864 396 904 ad
419 865 664 917 Fragment.
686 865 855 906 Berosi.

251 928 406 969 Durius
449 928 666 981 Hystaspis
695 927 833 982 filius]
907 929 1083 981 Δαρεῖος,

195 990 392 1043 φρόνιμος.
439 991 701 1044 Hesychius.
759 990 935 1044 Ἔρξείης.
991 992 1036 1032 H
1039 1004 1082 1032 e-

197 1055 388 1095 rodotus.
434 1055 676 1107 Hystaspes
691 1054 736 1095 in
749 1055 907 1096 Tarich
921 1054 1082 1096 dieitur

201 1131 490 1203 ψὶᾥῶὲ
517 1137 747 1189 Kischtasb,
771 1142 922 1191 estque
946 1137 1080 1190 ipsius

197 1219 504 1261 Dariinomen.
541 1221 743 1262 Keuchen.

253 1282 412 1323 Virtute
440 1295 608 1334 regnam
637 1288 696 1324 est
722 1281 905 1336 adeptus]
939 1283 1078 1336 Cyrus

190 1344 429 1400 Astyagem
461 1358 597 1399 regno
632 1347 815 1401 expulit,
847 1346 1078 1388 Persarum

191 1421 293 1449 usus
313 1408 459 1462 armis,
488 1409 604 1451 unde
628 1422 794 1451 summa
813 1408 994 1462 Imperii
1022 1409 1078 1451 ad

191 1470 350 1512 Persas
375 1472 600 1513 translata.
633 1472 802 1513 Histor.
821 1472 942 1512 Sacr.

245 1533 372 1574 Prior
387 1533 525 1575 horum
538 1536 644 1588 apud
658 1532 929 1587 Massagetas]
958 1533 1075 1576 Gen-

190 1602 259 1639 tes
296 1610 430 1652 supra
465 1610 582 1639 mare
618 1598 839 1652 Caspium,
877 1597 1075 1652 Scythas.

189 1660 363 1703 Nomen
400 1675 426 1703 a
468 1663 567 1703 Mes
604 1667 651 1704 et
696 1662 823 1704 Getis
866 1662 1076 1715 composi·

187 1729 296 1766 tum.
349 1726 449 1767 Mes
473 1732 519 1767 et
538 1726 702 1767 Gether
715 1725 893 1772 fuerunt
910 1726 1073 1778 poster-i

186 1788 303 1830 Sem.
329 1789 531 1830 Kenchen.
587 1788 714 1830 Unde
734 1789 882 1839 Getae,
901 1788 1072 1841 Gotthi,

188 1850 323 1904 Gitae,
349 1851 488 1901 Ritus,
518 1852 708 1904 Scythae,
735 1851 860 1893 unius
891 1852 1072 1894 nominis

186 1927 293 1968 gens
308 1916 353 1956 in
365 1916 523 1956 multos
537 1916 721 1969 populos
731 1913 885 1956 divisa.
907 1914 1072 1957 Arabes

184 1991 354 2048 υθέ),
412 2003 585 2050 vocant,
644 1998 718 2051 qui
772 2001 872 2038 sunt
915 1998 1071 2040 chatoei

182 2086 396 2133 veterum,
412 2080 651 2122 Ptolemaeo
673 2079 817 2132 xiim,
842 2080 966 2122 nobis
993 2081 1068 2122 ho-

181 2141 270 2195 die,
291 2144 427 2196 Gatai,
444 2145 513 2185 vel
532 2145 712 2187 Kituim'.
739 2145 879 2187 Horu.

234 2206 288 2247 Iu
308 2207 470 2259 prelio]
503 2208 629 2251 Quod
659 2207 873 2249 describit
900 2207 1068 2251 Herod.

180 2282 213 2311 1.
225 2270 387 2312 Justin.
404 2283 438 2312 1.
451 2271 592 2312 Strab.
604 2283 672 2313 ιι.
694 2272 834 2313 Causa
845 2271 968 2324 hujus
981 2283 1068 2313 non

179 2333 264 2373 alia
297 2332 383 2374 fuit
420 2346 548 2387 quam
585 2333 842 2374 insatiabilis
877 2333 1067 2376 ambitio.

176 2399 291 2439 Nam
310 2403 360 2439 ut
385 2397 545 2449 Arabs,
565 2398 639 2451 qui
665 2397 832 2439 Timuri
862 2409 932 2438 res
960 2397 1066 2438 scri-

178 2461 283 2514 psit,
316 2466 516 2514 testatur,
548 2461 624 2501 illa
654 2461 915 2514 Scytharum
945 2460 1064 2514 regio

182 2537 372 2620 &lasti
393 2538 589 2622 ’ρξ’
614 2539 727 2615 05)
754 2539 887 2607 ’δ’ᾼὲ.
922 2547 1063 2590 Quam

177 2625 351 2678 quisque
369 2626 625 2678 subegisset,
650 2637 860 2668 summum
889 2640 936 2668 se
955 2628 1064 2669 mili·

175 2686 279 2728 tatis
297 2688 445 2740 glorias
476 2688 684 2730 verticem
713 2688 908 2742 attigisse
937 2696 1060 2744 puta-

178 2748 269 2791 bat.
305 2750 437 2790 Hom.

230 2812 405 2865 Cecidit]
458 2812 659 2854 Secundo
685 2824 799 2856 anno
829 2821 1058 2870 postquam

171 2876 432 2928 Tarquinius
452 2876 673 2928 Superbus
690 2878 840 2920 Romae
870 2892 1058 2933 regnare

171 2943 377 2992 coeperat.
432 2939 643 2992 Sulpicius.
726 2942 854 2985 Quod
903 2950 1057 2986 contra

168 3003 478 3055 Hieronymum
506 3009 552 3043 et
577 3004 825 3046 Eusebium.
881 3006 1055 3050 Cecidit

167 3077 279 3106 anno
313 3066 458 3106 aetatis
490 3077 598 3108 Lxx.
669 3067 932 3111 Monarchiae
966 3081 1050 3113 vu.

169 3128 402 3180 completo,
430 3127 609 3180 Imperii
634 3130 700 3171 sui
732 3131 920 3173 universi
937 3143 1050 3174 xxx.

169 3191 409 3243 Chmolog.
463 3191 535 3232 De
568 3193 718 3234 mortis
758 3207 918 3248 genere
950 3210 1049 3239 eum

166 3255 343 3307 Nepote
388 3254 668 3296 consentiunt
708 3257 961 3301 Herodotus
998 3273 1049 3302 ae

163 3318 377 3360 Justinus.
445 3315 533 3357 Sed
570 3317 818 3360 Herodotus
851 3326 1051 3375 testatur,

167 3382 274 3421 alios
292 3380 346 3421 de
367 3380 472 3433 Cyri
490 3385 630 3421 morte
655 3392 875 3423 sermones
900 3381 1049 3425 fuisse.

165 3444 386 3485 Diodorus
414 3442 667 3485 crucifixum
688 3444 855 3486 scribit.
903 3448 1050 3489 Xeno·

167 3505 280 3558 phou
299 3506 528 3547 et'Ctesias
544 3507 814 3550 vulneratum
826 3508 868 3550 in
886 3510 1052 3563 praelio,

986 305 1203 355 REGES,
1245 305 1379 345 cAr.
1417 292 1468 345 1.

1925 292 2034 344 629

1151 426 1197 461 et
1215 422 1359 474 paullo
1390 427 1486 475 post
1510 434 1564 463 ex
1584 423 1760 463 vulnere
1790 420 2036 473 decessisse,

1150 489 1198 523 et
1223 485 1267 524 in
1300 485 1563 537 Pasargadis
1592 485 1824 537 sepultum.
1878 483 2036 525 Strabo

1150 558 1228 588 xv.
1261 547 1431 588 Deinde
1445 547 1694 589 Alexander
1707 547 1751 587 in
1765 547 2034 598 Pasargadas

1149 609 1283 655 venit,
1304 610 1377 650 ubi
1395 616 1493 651 erat
1521 611 1701 663 antiqua
1719 621 1868 662 regum
1897 611 2035 651 sedes.

1149 671 1218 712 Ibi
1237 673 1342 725 Cyri
1356 674 1619 726 sepulturam
1632 673 1806 725 vidit,dv
1816 672 2033 726 παραδείσῳ

1146 734 1312 789 πύργον,
1334 737 1381 776 οὐ
1408 736 1616 789 μέγαν,τῷ
1641 736 1750 778 δάσει
1766 740 1846 778 τῶν
1872 738 2033 791 δένδρων

1147 798 1535 852 ἐναποκεκρυμμένον,
1571 812 1668 840 cum
1701 801 1782 841 hac
1817 802 2036 854 inscripti-

1146 874 1228 904 one
1247 876 1260 903 ε
1287 868 1576 905 ΩΑΝΘΡΩΠΕ
1594 867 1691 905 ΕΓΩ
1720 868 1885 906 ΚΤΡΟΣ
1918 870 2029 905 EIMI

1146 931 1181 966 Ο
1205 931 1309 968 ΤΗΝ
1335 931 1508 968 ΑΡΧΗΝ
1531 929 1651 968 Tol}
1670 931 1884 970 ΠΕΡΣΑῙΣ
1912 932 2031 968 KTH-

1144 992 1388 1031 ΣΑΜΕΝΟΣ
1434 995 1522 1031 ΚΑΙ
1559 993 1659 1032 ΤΗΣ
1698 993 1851 1032 Ama}
1896 994 2030 1032 ΒΑΣΙ-

1143 1055 1283 1094 ΛΕΥΣ·
1303 1057 1378 1093 ΜΗ
1398 1057 1500 1093 ΟΥΝ
1515 1055 1790 1094 ΦΘΟΝΗΣΗΣ
1817 1057 1913 1093 MOI
1934 1058 2032 1094 ΤΟΥ

1143 1118 1442 1158 ΜΝΗΜΑΤΟΣ.
1472 1116 1562 1157 ΑΙίἰ
1579 1116 1901 1168 inscriptionem
1916 1117 2029 1157 hanc

1138 1178 1273 1220 fuisse
1320 1178 1539 1221 referunt:
1572 1178 1728 1219 'Evocoe’
1773 1179 1853 1230 ἐγὼ
1896 1181 2025 1230 κεῖμαι

1141 1243 1266 1295 Κῦρος
1308 1240 1496 1289 βασιλεὺς
1534 1241 1750 1290 βασιλήων.
1822 1241 1935 1282 Vide
1971 1243 2029 1282 sis

1141 1305 1295 1358 Magni
1325 1306 1524 1347 salmasii
1556 1305 1778 1347 Plinianas
1805 1305 2029 1347 Exercita-

1141 1368 1279 1410 tiones
1295 1369 1351 1409 ad
1369 1369 1502 1410 Solini
1521 1369 1811 1422 Polyhistora.

1147 1425 1153 1427 ἶ
1194 1431 1402 1472 Senectute
1416 1432 1522 1472 diem
1535 1432 1632 1472 obiit
1643 1432 1883 1485 supremam]
1915 1433 2025 1474 Cum

1138 1500 1364 1545 regnasset
1394 1506 1526 1535 annos
1546 1506 1678 1536 xxxi.
1709 1500 1758 1536 et
1785 1495 1878 1535 dies
1907 1506 2023 1537 xxx.

1138 1561 1403 1609 aegrotasset.
1476 1557 1643 1599 Ctesias
1679 1569 1712 1600 1.
1760 1558 2026 1609 Herodotus,

1138 1630 1265 1672 quem
1284 1625 1457 1661 secutus
1471 1620 1707 1674 Sulpicius,
1724 1621 1845 1674 regni
1864 1621 1930 1661 sui
1950 1634 2025 1661 an-

1135 1694 1213 1723 nos
1248 1687 1448 1723 numerat
1483 1694 1646 1725 xxxvl.
1713 1683 1879 1727 Quibus
1908 1696 2023 1725 com-

1134 1744 1324 1785 muniter
1351 1738 1516 1786 addunt
1534 1757 1617 1787 vn.
1654 1758 1840 1799 menses,
1867 1747 2022 1801 quibus

1132 1806 1256 1859 Magi
1294 1818 1472 1860 reguum
1517 1813 1766 1851 tenuerunt.
1832 1811 1892 1851 Et
1930 1816 2022 1850 tum
2088 1870 2091 1872 q

1135 1880 1320 1913 xxxvu.
1363 1874 1478 1913 sunt.
1518 1873 1753 1925 Chronolog.
1818 1873 2021 1914 Tradunt

1133 1933 1266 1987 cippo
1312 1935 1529 1988 sepulchri
1574 1936 1845 1989 inscriptum,
1904 1937 2019 1989 quod

1134 1996 1269 2036 bonus
1306 2002 1500 2048 venator,
1542 2009 1623 2039 nec
1658 1999 1800 2040 minor
1845 2004 2021 2051 potator

1131 2056 1281 2109 fuerit,
1311 2060 1496 2109 κυνηγεῖν
1526 2059 1727 2113 ἐκράτουν,
1760 2060 1863 2103 οἶνον
1891 2060 2019 2101 πολὺν

1129 2121 1253 2163 πίνειν
1265 2121 1469 2175 ἐδυνάμην,
1487 2123 1553 2165 καὶ
1568 2126 1708 2167 τοῦτον
1724 2125 1851 2179 φέρειν
1874 2128 2018 2168 καλῶς.

1128 2185 1304 2239 Strabo,
1320 2185 1571 2228 Athenaeus.

1184 2271 1362 2325 Xerxes]
1380 2271 1434 2312 In
1449 2272 1547 2314 Tar.
1568 2266 1832 2344 ²13Q8
1852 2273 2016 2327 Isphan·

1125 2368 1228 2410 dier.
1282 2368 1337 2410 In
1353 2370 1489 2411 saeris
1507 2369 1651 2410 annal.
1681 2368 1936 2414 ΨῚἸῚΨΠΒ,
1966 2373 2016 2407 ut

1125 2442 1181 2472 ex
1213 2432 1384 2473 nomine
1417 2432 1578 2485 probat
1605 2431 1811 2484 Scaliger.
1869 2430 2016 2482 Χέρξης

1124 2494 1307 2536 denotat
1324 2496 1541 2545 Martiam,
1555 2495 1624 2536 vel
1641 2495 1872 2545 bellicosum,
1886 2507 2013 2547 quem

1124 2558 1273 2600 Graeci
1286 2558 1416 2612 ἀρήϊον
1427 2564 1597 2600 vocant.
1625 2559 1678 2601 In
1690 2559 1837 2610 lingua
1853 2558 2014 2600 Graeca

1123 2622 1406 2675 aequipollent
1450 2622 1535 2663 tria
1581 2621 1775 2663 nomina:
1835 2623 2014 2674 Δαρεῖος,

1120 2684 1302 2738 Ἐρξείης.
1355 2683 1513 2739 Ξέρξης,
1551 2682 1714 2737 Ἀρήΐος.
1758 2682 2011 2737 Ἀρτοξέρξης,

1120 2747 1245 2798 μέγας
1264 2747 1425 2801 Ἀρῆῖυς.
1463 2747 1548 2788 Sed
1567 2746 1803 2788 notandum
1824 2758 2010 2788 commu·

1119 2822 1176 2853 ne
1185 2811 1295 2854 illud
1311 2814 1477 2865 Regum
1493 2812 1723 2852 Persarum
1734 2821 1891 2850 nomen
1907 2808 2010 2851 fuis-

1117 2886 1182 2921 se,
1209 2885 1295 2915 non
1323 2886 1448 2916 secus
1480 2885 1531 2915 ac
1564 2872 1668 2926 Cyri
1709 2877 1784 2913 aut
1817 2871 2009 2914 Assueri.

1119 2937 1325 2978 Keachen.

1170 2998 1418 3052 Macrochir]
1484 2997 1571 3041 Qui
1613 2998 1699 3040 alio
1740 2998 1912 3040 nomine
1957 3000 2001 3039 in

1113 3074 1226 3117 libro
1244 3075 1405 3117 Esther
1419 3074 1678 3121 vl'mvmk,
1696 3073 2004 3117 Aethusa-bueron.

1112 3167 1333 3222 Μακρόχειρ
1373 3167 1420 3208 in
1465 3166 1617 3209 Tan-ich
1661 3165 1823 3206 dicitur
1874 3152 2003 3232 ἔξω

1114 3259 1254 3318 (5042
1281 3269 1316 3311 θ
1347 3260 1434 3300 Καὶ
1470 3259 1670 3309 Bahman,
1716 3265 2001 3311 cognomento

1112 3326 1247 3366 Durus
1267 3324 1394 3376 Dasl,
1414 3323 1456 3364 id
1472 3329 1555 3374 est,
1572 3323 1830 3375 longimanus.
1885 3324 2001 3368 Quia

1114 3393 1203 3428 tam
1231 3387 1370 3439 longis
1408 3385 1592 3427 brachiis
1627 3392 1740 3440 erat,
1774 3392 1824 3429 ut
1864 3393 2000 3437 stans,

1113 3453 1343 3502 rectusque
1358 3448 1553 3490 manibus
1560 3461 1702 3502 genua
1711 3450 2003 3502 contingeret.

1112 3512 1269 3555 Strabo
1285 3523 1362 3554 xv.
1392 3508 1488 3565 Vel,
1503 3513 1603 3567 quia
1612 3512 1809 3556 dextram
1825 3513 1997 3555 sinistra
