2306 3900
307 219 415 273 648

307 351 487 392 Petron.
508 352 650 403 Satyr.
690 351 840 392 Senec.
862 352 1065 392 Controv.
1104 352 1187 392 Au·

308 419 417 466 gust.
438 414 508 454 lib.
529 425 597 454 111.
614 417 681 455 20.
711 414 926 455 Caeterum
943 419 1189 466 expugnata

308 482 376 518 est
389 476 516 527 Urbs,
531 488 641 516 anno
659 481 759 528 post
774 477 952 517 Romam
971 477 1189 518 conditam

308 549 485 579 Dxxxv.
514 538 628 578 bello
654 538 821 579 Punico
853 539 1053 580 secundo.
1102 540 1187 580 Re-

309 606 441 653 cepta
467 613 584 651 vero,
604 613 714 642 anno
737 612 932 643 nxxxlx.
954 603 1077 654 pulso
1105 604 1189 642 Pu-

308 665 406 706 nico
427 665 642 718 praesidio,
660 664 921 706 testefLivio
942 675 1041 706 xxr.
1076 666 1189 705 Vide

310 729 530 778 orosium,
566 728 812 769 Orchestrae
849 728 924 769 lib.
948 740 1013 770 tv.
1050 731 1114 769 14.
1143 732 1190 768 et

307 791 525 845 Sigonium
543 791 586 830 in
605 790 679 832 lib.
699 800 800 832 xxr.
821 791 946 832 Livii.
981 791 1134 832 Schott.

367 855 463 895 Tres
480 854 688 895 'exercitus
718 854 909 895 maximos
931 854 1189 907 comparavit]

311 918 488 972 Equites
520 918 636 958 mille
664 917 888 968 ducentos,
907 918 1099 970 peditum
1118 917 1190 958 de-

310 993 406 1025 cem
444 987 489 1022 et
525 986 693 1033 septem
735 981 882 1031 millia,
919 981 1190 1032 octingentos

310 1045 623 1099 qninquaginta
655 1043 833 1097 reliquit
864 1044 908 1084 in
942 1042 1106 1093 Africa,
1144 1047 1193 1083 ut

313 1112 457 1148 esseut
470 1107 716 1159 Carthagini
734 1113 779 1147 et
792 1106 956 1147 Africae
974 1106 1192 1158 praesidio.

311 1170 478 1212 Adhaec
505 1170 770 1213 Hasdrubali
792 1170 836 1210 in
863 1170 1079 1222 Hispania
1105 1181 1193 1210 ma-

313 1245 417 1274 nere
429 1234 553 1286 jusso
569 1233 852 1275 tradebantur
864 1234 1192 1286 quinqueremes

313 1296 635 1350 quinquaginta,
655 1296 946 1350 quadriremes
976 1288 1087 1346 duae,
1118 1295 1191 1335 tri-

313 1370 451 1400 remes
488 1359 691 1412 quinque,
724 1359 917 1412 equitum
947 1358 1032 1398 duo
1060 1358 1193 1398 millia

313 1427 361 1464 et
378 1423 617 1476 quingenti,
634 1422 813 1463 elefanti
834 1422 984 1474 viginti
1007 1427 1053 1462 et
1071 1434 1194 1473 unus,

315 1485 512 1537 peditum
540 1485 735 1526 undecim
763 1486 911 1536 millia,
928 1486 1120 1538 equitum
1138 1486 1192 1526 ad
1210 1536 1213 1539 ι

314 1560 470 1589 novem
502 1549 648 1590 millia.
704 1549 861 1601 Polyb.
895 1548 1008 1589 Vide
1039 1548 1095 1589 sis
1127 1549 1195 1589 Li-

314 1611 446 1652 vium.

372 1676 441 1715 Ex
464 1674 525 1715 his
546 1687 662 1715 unum
680 1674 724 1715 ia
740 1674 941 1727 Africam]
971 1674 1196 1716 Tredecim

315 1736 467 1788 millia,
492 1739 762 1790 octingentos
789 1737 1096 1790 quinquaginta
1123 1749 1198 1790 pe-

318 1799 431 1850 dites
465 1805 671 1851 cetratos,
709 1798 945 1840 funditores
980 1801 1198 1841 Baleares

318 1863 590 1915 octingentos
610 1863 904 1916 septuaginta,
916 1864 1082 1917 equites
1100 1864 1199 1905 mis-

317 1935 388 1967 tos
419 1938 471 1966 ex
501 1927 646 1968 multis
678 1927 878 1980 gentibus
906 1928 1023 1969 mille
1042 1928 1199 1970 ducen-

317 1995 400 2032 tos.
442 1990 537 2032 Liv.
738 2025 740 2028 .

371 2054 555 2094 Alterum
584 2066 672 2094 cum
713 2054 963 2096 Hasdrubale
983 2055 1121 2103 fratre
1155 2056 1200 2096 in

320 2116 522 2168 Hispania
555 2116 732 2169 reliquit]
770 2118 1033 2159 Hasdrubali
1057 2118 1201 2170 fratri,

318 2180 411 2220 viro
443 2179 627 2232 impigro
658 2180 910 2233 Hispaniam
939 2183 1201 2234 provinciam

319 2241 537 2284 destinat:
605 2241 834 2297 firmatque
889 2257 983 2286 eam
1041 2246 1202 2287 Africis

318 2306 500 2346 maxime
519 2306 758 2357 praesidiis;
789 2305 980 2357 peditum
998 2307 1201 2349 Afrorum

319 2367 522 2408 undecim
556 2367 742 2407 millibus
783 2368 1040 2421 octingentis
1079 2371 1200 2424 quin-

321 2430 554 2483 quaginta3
594 2429 824 2482 Liguribus
854 2432 1081 2482 trecentis;
1119 2433 1202 2473 Ba-

319 2492 511 2534 learibus
525 2492 787 2545 quingentis.
814 2492 884 2533 Ad
898 2494 989 2535 haec
1005 2495 1201 2547 peditum

319 2557 484 2599 auxilia
508 2557 644 2598 additi
668 2558 834 2610 equites
857 2558 1202 2613 Libyphoenices,

319 2620 493 2662 mistum
529 2619 742 2659 Punicum
774 2618 892 2661 Afris
937 2634 1087 2673 genus,
1121 2627 1203 2663 tre-

318 2684 460 2724 centi:
485 2688 530 2724 et
548 2683 763 2734 Numidae,
777 2684 1021 2738 Maurique,
1041 2687 1202 2728 accolae

320 2746 504 2797 Oceani,
525 2745 580 2786 ad
598 2746 713 2786 mille
733 2747 1023 2799 octingentos,
1042 2755 1086 2789 et
1106 2761 1204 2803 par-

317 2821 374 2850 va
389 2809 627 2861 Ilergetum
645 2821 793 2849 manus
813 2821 868 2849 ex
888 2810 1100 2863 Hispania
1126 2811 1204 2851 du-

318 2873 435 2913 centi
453 2873 650 2925 equites;
688 2878 733 2912 et
755 2884 811 2913 ne
834 2873 949 2926 quod
983 2874 1201 2915 terrestris

319 2935 492 2976 deesset
522 2934 670 2974 auxilii
701 2946 849 2986 genus,
885 2935 1066 2977 elefanti
1098 2948 1204 2989 qua·

320 2996 586 3039 tuordecim:
617 2997 765 3037 classis
794 3002 1008 3049 praeterea
1026 2998 1130 3039 data
1148 2998 1202 3039 ad

321 3060 526 3102 tuendam
554 3060 806 3101 maritimam
833 3073 968 3111 oram,
991 3062 1102 3114 ,quia
1119 3074 1206 3114 qua

323 3129 447 3177 parte
481 3123 580 3164 belli
613 3124 820 3173 vicerant,
847 3135 899 3163 ea
926 3129 1017 3164 tum
1037 3136 1204 3177 quoque

323 3199 413 3228 rem
447 3192 643 3240 gesturos
681 3187 894 3227 Romanos
929 3186 1048 3226 credi
1082 3192 1204 3239 pote-

323 3255 416 3291 rat:
491 3250 803 3304 quinquaginta
863 3249 1204 3303 quinqueremes,

326 3303 614 3365 quadriremes
639 3314 751 3365 duoe,
777 3311 974 3354 triremes
997 3313 1206 3367 quinque;

327 3375 405 3417 sed
435 3381 550 3428 aptae
583 3376 891 3429 instructaeque
919 3377 1100 3431 remigio
1135 3378 1207 3418 tri·

326 3439 449 3493 ginta
477 3443 522 3479 et
544 3437 641 3478 duae
658 3439 981 3491 quinqueremes
1004 3446 1141 3493 erant,
1162 3447 1207 3482 et

688 234 866 274 NoTAE
907 232 1241 274 VAmoRUM
1283 233 1349 273 ιΝ
1391 235 1445 274 c.
1487 208 1748 273 uaporis

1249 353 1445 394 triremes
1463 354 1665 407 quinque.
1707 353 1832 393 Idem.

1304 416 1456 456 Saltum
1485 417 1718 468 Pyrenaeum
1745 413 1927 466 transiit]
1942 412 2047 465 ’¹¹¹7‘
2065 414 2128 455 διὰ

1249 479 1327 518 τῶν
1344 478 1559 531 Πυρηναίων
1583 477 1803 529 λεγομένων
1829 478 1938 531 ὄρῶν.
1969 478 2128 530 Polyb.

1251 542 1484 594 Postquam
1501 554 1579 594 per
1599 543 1851 595 Pyrenaeum
1872 543 2026 582 saltum
2046 548 2129 583 tra-

1252 602 1351 643 duci
1386 604 1600 644 exercitus
1632 609 1800 658 coeptus
1833 610 1914 645 est.
1967 604 2129 646 Livius.

1252 665 1364 706 Vide
1378 666 1564 719 Appian.
1575 666 1808 721 Ἀννιβαῖκῇ.
1821 667 1960 709 Lamb.
1978 669 2132 708 Ttans·

1252 729 1289 770 it
1318 735 1461 771 autem
1502 743 1579 783 per
1604 732 1759 772 saltum
1796 733 2056 785 Pyrenaeum
2083 736 2132 772 et

1252 792 1388 843 ipsam
1419 793 1643 845 Celticum,
1675 806 1772 846 quae
1807 807 1922 842 nunc
1953 800 2131 836 vocatur

1254 854 1424 905 Gallia3
1451 860 1500 895 ut
1530 856 1632 896 olim
1662 858 1886 908 speciatim
1914 859 2130 899 Romanis.

1254 917 1415 957 Saltum
1425 917 1682 969 Pyrenaeum
1697 924 1824 960 vocat
1838 920 2132 974 Nepos,quem

1256 979 1517 1021 Ptolemaeus
1535 980 1749 1034 Πυρήνηαν,
1774 982 1817 1022 id
1845 988 1928 1034 est,
1946 989 2134 1024 montem

1257 1041 1392 1092 illum,
1409 1043 1481 1095 qui
1500 1043 1749 1096 Hispaniam
1769 1056 1794 1084 a
1813 1044 1950 1085 Gallis
1965 1040 2137 1097 dividit,

1257 1109 1305 1145 et
1334 1106 1388 1145 ad
1426 1107 1754 1148 occidentalem
1792 1108 1879 1148 late
1911 1108 2134 1149 Oceanum

1257 1178 1303 1207 se
1340 1169 1554 1210 extendit.
1613 1170 1807 1222 Legendi
1841 1171 1993 1224 passim
2027 1170 2136 1212 anti-

1257 1231 1447 1284 quissimi
1479 1233 1742 1286 Geographi.
1798 1234 1928 1286 Apud
1955 1234 2136 1286 Stepha-

1257 1308 1358 1336 num
1387 1303 1454 1337 est
1485 1296 1656 1350 Πυρήνη,
1674 1298 1787 1337 unde
1813 1297 1920 1338 Silio
1947 1297 2135 1350 Pyrene.

1258 1359 1472 1401 Caeterum
1488 1361 1648 1402 accidit
1659 1361 1727 1403 hic
1740 1361 1989 1403 Hannibalis
2003 1367 2140 1404 trans·

1257 1421 1343 1462 itus
1370 1435 1449 1474 per
1481 1424 1632 1464 saltum
1663 1426 1781 1465 illum
1811 1432 1926 1477 post·
1946 1426 2137 1478 dejectos

1259 1486 1502 1528 Celtiberos
1522 1493 1567 1528 et
1587 1488 1732 1540 Afros,
1761 1495 1810 1530 ut
1838 1489 1988 1530 videre
2010 1490 2137 1531 estin

1259 1549 1460 1602 Appiano
1480 1555 1527 1591 et
1545 1551 1656 1593 aliis.
1696 1553 1895 1593 Kenchen.

1318 1613 1418 1654 Cum
1450 1614 1625 1654 omnibus
1658 1614 1794 1655 incolis
1825 1615 2025 1669 conflixit]
2054 1615 2139 1655 Ex·

1259 1681 1347 1716 stat
1376 1676 1499 1728 hujus
1535 1677 1597 1717 rei
1634 1677 1763 1730 longa
1797 1677 1990 1718 narratio
2023 1678 2139 1730 apud

1259 1739 1489 1791 Polybium
1508 1739 1582 1782 lib.
1600 1752 1672 1781 111.
1687 1746 1732 1780 et
1750 1740 1917 1781 Livium
1935 1750 2071 1782 xxx}-

1313 1802 1454 1854 Alpes]
1483 1803 1593 1845 Quae
1614 1803 1807 1844 Poeninae
1827 1803 1882 1844 ab
1898 1802 2142 1844 Hannibale

1262 1865 1545 1907 denominatae
1562 1870 1674 1907 sunt.
1692 1894 1695 1897 -
1729 1866 1844 1907 Plin.
1862 1866 1967 1906 Nat.
1981 1865 2141 1920 Histl.

1262 1941 1334 1970 111.
1356 1932 1421 1970 17.
1478 1930 1547 1969 Εεἰ
1567 1929 1730 1969 Paulus
1757 1927 2053 1969 Warnefridus
2084 1928 2140 1969 de

1263 1993 1395 2043 gestis
1413 1991 1606 2044 Longob.
1625 1991 1700 2032 lib.
1725 2003 1777 2032 11.
1797 1995 1864 2032 18.
1886 1989 1976 2032 ait:
2006 1989 2142 2044 Alpes

1262 2053 1502 2108 Apenninae
1527 2054 1655 2095 dictae
1675 2059 1774 2094 sunt
1794 2066 1820 2094 a
1839 2053 2034 2104 Punicis,
2059 2052 2142 2094 boc

1264 2122 1346 2168 est,
1356 2116 1598 2158 Hannibale
1607 2121 1654 2158 et
1666 2116 1761 2169 ejus
1776 2116 1983 2170 exercitu.
2001 2117 2144 2157 Ernst.

1265 2181 1434 2233 Rejecit
1451 2179 1724 2221 tamenhanc
1743 2179 1985 2232 opinionem
1997 2179 2143 2221 Livius

1259 2235 1364 2286 [xm.
1380 2248 1445 2285 88.
1473 2244 1633 2286 Rosius.

1321 2307 1420 2352 Quae
1455 2306 1618 2347 Italiam
1660 2305 1709 2345 ab
1748 2304 1883 2345 Gallia
1911 2304 2143 2357 seiungunt]

1266 2369 1405 2412 Quam
1427 2369 1471 2409 in
1486 2367 1776 2421 promontorio
1796 2366 1980 2420 quodam
1997 2367 2143 2408 militi·

1265 2431 1344 2472 bus
1370 2432 1456 2472 suis
1488 2431 1749 2472 ostentabat.
1783 2430 1943 2471 Livius.
2012 2429 2144 2483 Apud

1265 2494 1559 2535 Herodianum
1577 2507 1588 2534 :
1629 2491 1802 2544 μέγιστα
1820 2492 1947 2533 ἐκεῖνα
1963 2493 2049 2545 ὅρη,
2079 2493 2146 2533 καὶ

1265 2555 1329 2598 οἶα
1342 2556 1412 2598 οὐκ
1430 2555 1537 2597 ἄλλα
1565 2556 1606 2597 ἐν
1628 2557 1679 2609 τῇ
1710 2555 1791 2595 καθ’
1809 2554 1994 2609 ἧμᾶςγῇ,
2011 2555 2147 2597 evnt-

1265 2634 1362 2671 χους
1379 2618 1556 2671 σχήματι
1579 2619 1805 2673 περίκειται,
1832 2617 1897 2661 καὶ
1924 2617 2146 2672 προβέβλη-

1264 2698 1332 2725 ται
1346 2682 1529 2724 Ἰταλίας.

1321 2748 1479 2788 Proeter
1493 2746 1704 2787 Herculem
1720 2744 1907 2797 Graium]
1933 2744 2146 2786 Ammian.

1265 2809 1343 2852 lib.
1363 2821 1439 2852 xv.
1465 2809 1478 2833 ‘
1499 2810 1692 2850 Primam
1725 2809 1826 2861 [per
1854 2807 1990 2860 Alpes
2014 2806 2147 2860 viam]

1264 2873 1491 2914 Thebanus
1516 2871 1762 2922 *Hercules,
1802 2871 1854 2911 ad
1901 2871 2147 2923 Geryonem

1267 2933 1625 2987 exstinguendum
1659 2939 1705 2974 et
1735 2933 1982 2974 Tauriscum
2011 2934 2148 2974 lenius

1268 2998 1484 3050 gradiens,
1501 3009 1638 3049 prope
1658 2997 1888 3037 maritimas
1907 2997 2150 3048 composuit

1268 3059 1433 3113 Alpes!
1502 3060 1629 3100 Silius
1661 3060 1764 3100 Ital.
1791 3061 1804 3083 ‘
1825 3059 1997 3100 Primus
2028 3059 2149 3100 inex·

1269 3127 1417 3175 pertas
1434 3121 1540 3162 adiit
1554 3117 1805 3174 Tyrinthius
1826 3134 1949 3162 arces
1965 3121 1992 3162 :'
2034 3121 2148 3162 unde

1269 3185 1386 3237 apud
1418 3185 1583 3225 Livium
1617 3197 1662 3225 se
1708 3186 1905 3225 aemulum
1947 3182 2149 3225 Herculis

1268 3248 1470 3289 itinerum
1501 3247 1703 3300 jactabat
1735 3246 1966 3288 Hannibal.
2035 3244 2149 3285 Her-

1270 3312 1356 3353 culi
1381 3314 1394 3335 ‘
1417 3323 1485 3352 res
1504 3323 1556 3352 ea
1574 3310 1747 3352 virtutis
1760 3308 2086 3350 admirationem
2102 3313 2149 3347 et

1269 3375 1603 3417 immortalitatis
1633 3373 1761 3415 fidem
1792 3371 1914 3412 dedit
1927 3371 1953 3411 :'
2008 3376 2057 3410 ut
2087 3371 2149 3411 lo-

1270 3437 1415 3490 quitur
1447 3437 1672 3485 ‚lustinum
1714 3439 1760 3475 et
1787 3434 1799 3456 ‘
1818 3431 2043 3474 Annibalis
2069 3442 2148 3485 per
