2306 3900
269 222 357 278 lx..

322 363 499 404 relictum
528 362 604 408 xiv,
624 366 659 409 6,
678 361 742 412 (in
761 373 838 413 quo
858 360 1083 413 subjectum
1095 369 1154 402 est

322 425 337 443 ‘
350 432 390 457 se
403 418 577 456 relictum
597 414 710 461 esse,’
725 415 975 467 praedicatum
990 416 1002 438 ‘
1019 416 1098 456 exit
1112 416 1154 455 in

321 470 499 511 turbam!
542 468 725 508 Similiter
755 475 799 507 ut
818 481 881 520 ap.
909 469 1017 509 Suet.
1037 468 1154 509 Galb.

322 529 390 566 20.
436 529 447 547 “
463 523 608 563 exierat
642 523 683 561 in
730 521 866 574 vulgus
910 523 1154 576 respondisse

322 578 442 618 eum.'
483 576 595 616 aliter
612 575 717 616 Gell.
746 576 814 622 xii,
834 579 885 616 12
928 582 940 599 ‘
958 589 1005 616 ea
1035 578 1154 617 resin

322 633 462 683 vulgus
499 629 644 671 exivit.'
673 629 812 671 Cicero
831 641 901 682 pro
919 628 1040 670 Rosc.
1059 644 1153 670 con-

313 685 452 738 jungit
482 691 493 708 ·
509 684 613 724 exire
631 683 727 723 etin
755 683 894 735 vulgus
926 684 1155 737 emanare.')

321 741 378 779 nil
410 738 619 791 gloriosum
647 737 744 778 exiit
771 751 819 776 ex
838 750 904 776 ore
934 736 1020 788 ejus
1048 752 1110 784 xx,
1127 742 1154 779 4

320 793 483 846 (Cicero
501 792 542 832 in
557 790 760 832 Vatinium
771 804 860 844 cap.
872 795 911 832 2.
926 797 937 815 ⁴
951 791 1044 831 Non
1058 797 1154 844 puto

320 847 379 887 sas
404 860 501 893 esse,
531 846 690 885 verbum
709 859 757 883 ex
785 858 864 884 ore.
883 846 987 884 exire
1022 844 1155 898 cujus·

321 914 455 953 quam,
489 900 597 953 quod
630 912 711 938 non
721 898 944 950 jucundum
971 903 1012 938 et
1028 899 1154 938 hono-

321 955 470 999 rificum
489 954 540 993 ad
555 965 665 1000 aures
681 959 766 991 tuas
784 952 964 992 accidat.'
983 952 1095 992 Idem
1114 954 1155 991 in

322 1008 433 1048 Orat.
474 1013 485 1031 ‘
502 1013 547 1047 ut
575 1007 735 1046 verbum
765 1019 813 1045 ex
830 1019 895 1046 ore
913 1005 1064 1045 nullum
1081 1006 1156 1046 nisi

322 1070 392 1102 aut
409 1062 566 1114 elegans
584 1068 652 1100 aut
665 1073 782 1113 grave
801 1059 951 1113 exeat’)

267 1116 406 1157 Exitus
423 1130 432 1155 :
461 1117 566 1156 hunc
583 1115 729 1154 exitum
746 1113 922 1167 plerique
938 1114 1158 1154 habuerunt

317 1171 394 1224 (de
424 1170 502 1210 fine
533 1169 646 1222 vitre)
673 1168 752 1215 xix,
769 1171 795 1209 4
823 1168 970 1222 (Ρ10110
987 1167 1021 1222 2)
1039 1169 1157 1208 talem

320 1225 413 1268 vitae
425 1224 571 1263 exitum
591 1222 740 1262 habuit·
763 1221 871 1269 xviii,
892 1225 941 1262 13
971 1220 1097 1262 exitus
1114 1222 1157 1261 in

321 1277 502 1318 omnibus
520 1276 695 1329 partibus
720 1274 878 1316 aedificii
894 1275 1037 1316 habere
1054 1276 1103 1330 (i.
1120 1290 1156 1317 e.

315 1331 481 1384 januas)
509 1330 616 1378 xxiii,
635 1333 687 1371 12

268 1385 412 1429 Existit
421 1387 476 1424 vis
495 1383 729 1438 (eleganter,
747 1396 832 1435 pro,
846 1382 1037 1436 cooritur)
1051 1382 1116 1430 vii,
1131 1388 1155 1424 3

267 1439 523 1480 Existimare:
555 1439 632 1477 hoc
657 1437 773 1489 quale
791 1438 856 1484 sit,
886 1436 1038 1476 facilius
1057 1438 1157 1476 exis-

323 1493 475 1534 timabit
489 1493 536 1540 is,
552 1491 620 1544 qui
637 1491 711 1531 810.
730 1491 779 1545 (i.
797 1505 835 1531 e.
853 1490 1157 1544 animadvertet)

322 1561 414 1594 xxv,
450 1550 505 1588 20
553 1552 596 1584 ut
627 1545 742 1586 facile
775 1544 982 1585 existimari
1018 1545 1157 1595 possit,

322 1601 572 1654 prudentiam
600 1612 686 1638 esse
700 1598 990 1651 quodammodo
1005 1598 1156 1637 divina·

323 1655 472 1693 tionem
489 1653 538 1705 (i.
556 1665 592 1692 e.
612 1652 758 1704 colligi,
772 1651 966 1703 judicari)
993 1663 1084 1697 xxv,
1104 1655 1158 1692 16

321 1707 479 1761 (Caesar
496 1708 546 1750 de
563 1706 613 1746 B.
634 1705 688 1747 G.
730 1711 740 1728 ‘
757 1704 968 1744 existimari
986 1717 1066 1743 non
1085 1717 1159 1756 po-

321 1769 436 1808 terat,
450 1762 512 1800 an'
532 1760 605 1800 &c.
617 1759 682 1799 Sic
700 1772 805 1812 saepe
821 1759 980 1798 Terent.
1000 1765 1042 1798 et
1055 1758 1157 1811 alii).

320 1816 399 1855 hoc
429 1828 508 1854 non
541 1813 700 1852 minoris
732 1813 1008 1864 existimamus,
1040 1825 1157 1865 quam

323 1869 399 1909 &c.
418 1868 469 1921 (i.
498 1882 534 1908 e.
567 1866 824 1919 aestimamus)
870 1866 973 1914 xxiv,
994 1871 1015 1907 1
1059 1866 1152 1906 Sic:

322 1923 456 1975 magni
491 1921 578 1974 ejus
614 1934 734 1974 opera
766 1919 985 1960 existimata
1015 1926 1080 1960 est
1113 1921 1156 1960 in

322 1976 458 2029 praelio
478 1976 526 2030 (i.
554 1989 590 2016 e.
617 1973 842 2028 aestimata),
877 1973 979 2013 ibid.
1024 1974 1156 2013 existi-

321 2044 427 2070 mare
456 2031 508 2070 de
539 2029 672 2082 aliquo
703 2028 804 2068 male
837 2027 1054 2081 (sermones
1072 2035 1155 2067 not.

321 2083 541 2137 sequiores)
568 2097 608 2131 x,
625 2088 650 2124 7
691 2082 760 2135 (ut
775 2096 840 2134 ap.
858 2082 997 2122 Senec.
1029 2082 1157 2134 Epist.

321 2143 390 2180 31.
409 2145 451 2179 et
466 2139 516 2178 de
530 2137 589 2177 ira
612 2137 670 2184 iii,
689 2141 756 2178 22.
784 2142 981 2176 auctorem
1010 2136 1156 2188 dialogi

322 2194 374 2231 de
392 2192 517 2233 causis
533 2196 702 2243 corrupt.
721 2190 852 2242 eloqu.
881 2202 970 2242 cap.
1001 2189 1030 2236 i,
1046 2193 1086 2230 3.
1115 2195 1157 2229 et

320 2247 500 2286 Macrob.
543 2250 583 2287 2.
610 2245 764 2284 Saturn.
792 2250 832 2285 4.
860 2243 945 2282 Ita:
974 2243 1076 2283 bene
1105 2244 1158 2283 de

321 2299 454 2351 aliquo
487 2299 719 2344 existimare,
759 2310 825 2349 ap.
857 2297 942 2336 Cic.
978 2297 1029 2335 ad
1064 2297 1157 2336 farn.

321 2353 402 2400 xvi,
422 2356 462 2393 4.
490 2353 556 2391 Sic
573 2350 810 2390 Suetonius:
841 2349 992 2400 opinari
1012 2350 1063 2388 de
1088 2350 1160 2388 ali-

321 2419 400 2458 quo
421 2406 536 2451 male,
571 2405 614 2443 111
630 2403 736 2457 Aug.
755 2417 844 2456 cap.
863 2406 929 2443 51.
968 2401 1074 2442 Vide
1101 2403 1157 2443 ibi

322 2461 493 2500 Casaub.
520 2464 560 2498 et
579 2456 706 2518 Calig.
739 2456 815 2510 27)

267 2513 514 2559 Existimatio
543 2511 635 2564 (pro
659 2510 831 2562 judicio,
850 2510 1155 2565 aestimatione):

319 2565 615 2606 existimationis
648 2564 760 2603 malae
796 2563 950 2605 veniam
978 2565 1158 2617 gratiam-

318 2635 396 2673 que
429 2619 655 2674 postulavit,
692 2617 755 2664 Fr.
789 2621 815 2658 3
868 2617 970 2670 (Sic,
1001 2617 1158 2658 Tacitus

321 2676 429 2717 Hist.
465 2674 519 2721 iv,
535 2677 576 2720 7,
597 2677 637 2714 3.
667 2678 677 2695 ‘
699 2671 932 2712 existimatio
964 2671 1159 2715 Senatus!

321 2729 415 2768 add.
451 2728 626 2768 Gronov.
649 2726 699 2765 ad
720 2726 805 2765 Liv.
823 2725 878 2772 iv,
896 2728 964 2766 41.
1004 2726 1157 2766 Eodem

321 2795 438 2822 sensu
455 2783 594 2823 Cicero
613 2795 623 2819 :
671 2786 683 2803 ‘
699 2779 851 2823 artificii
881 2778 999 2818 alieni
1025 2779 1157 2820 existi-

319 2836 473 2883 mator,'
486 2837 536 2876 de
550 2832 680 2896 Orat.)
725 2833 970 2872 Existimatio
982 2832 1072 2887 (pro
1086 2835 1155 2873 bo-

316 2903 369 2928 na
383 2889 529 2942 fama):
558 2887 852 2928 existimationis
869 2886 1019 2926 nullum
1038 2888 1156 2927 detri-

316 2950 491 2983 mentum
526 2942 621 2982 fecit
645 2941 791 2988 xxiv,2
835 2953 943 2980 suam
960 2941 1155 2981 existima-

318 2999 465 3036 tionem
484 2996 524 3035 in
543 3009 592 3035 ca
609 3009 648 3035 re
665 2996 728 3047 agi
747 2995 911 3047 putabat
925 3008 938 3044 ;
967 3007 1044 3046 qua
1058 2995 1155 3035 nihil

318 3051 490 3091 habebat
506 3049 628 3090 carius
657 3061 744 3095 xxv,
766 3053 815 3089 15
863 3049 1006 3087 bonam
1023 3048 1156 3087 existi-

318 3105 530 3150 mationem
567 3101 863 3156 opulentissimo
899 3115 1019 3154 reguo
1055 3115 1155 3155 prae·

317 3159 446 3211 posuit
473 3158 567 3205 xvii,
585 3161 611 3198 4

265 3212 466 3251 Exordiri:
487 3219 532 3251 ut
559 3209 766 3263 explicem,
784 3223 872 3263 quae
886 3222 1043 3250 exorsus
1069 3223 1154 3250 sum

314 3265 425 3317 (quae
453 3266 603 3318 suscepi
633 3265 836 3305 scribenda
852 3263 979 3303 Graec.
1009 3263 1155 3316 ἐπιχει-

318 3318 433 3371 ρεῖν),
454 3319 567 3358 Praef.
612 3318 696 3357 Ita:
716 3319 766 3357 de
785 3331 864 3371 quo
882 3317 1007 3358 exorsi
1026 3331 1157 3369 sumus

317 3372 480 3412 scribere
507 3372 584 3418 xvi,
602 3376 623 3412 1
654 3371 854 3426 (conserz)
881 3372 950 3411 sed
981 3371 1073 3411 satis
1104 3373 1156 3412 de

315 3424 608 3476 11003101101105
623 3424 816 3463 ordiamur
843 3425 909 3472 vii,
932 3429 979 3466 ll

258 3481 475 3535 Expectare
490 3493 501 3519 ι
517 3479 609 3520 huic
624 3477 760 3527 suasit,
774 3484 1010 3533 expectaret,
1027 3481 1159 3533 quoad

1095 231 1297 277 lNDEx

1269 361 1482 402 Alexandri
1513 361 1614 402 filius
1645 370 1804 415 regnum
1824 363 2102 415 adipiscentur

1269 416 1377 464 xviii,
1404 421 1431 458 6
1463 418 1654 469 putabant
1689 419 1989 469 expectandum,
2003 419 2098 457 dum

1271 483 1312 509 se
1343 469 1429 522 ipsa
1464 484 1524 511 res
1555 471 1721 523 aperiret
1765 471 1839 524 (de
1873 471 2102 511 omittendis

1232 563 1236 566 ,
1272 524 1578 578 suspicionibus)
1633 526 1686 571 iv,
1720 529 1744 565 3
1802 524 1899 564 illud
1943 531 2098 577 tempus

1271 579 1558 629 expectandum
1578 579 1846 625 decreverunt,
1859 590 1947 631 quo*
1957 579 2101 619 exisset

1270 632 1337 678 vii,
1355 636 1382 672 4
2046 656 2050 659 -

1215 682 1448 737 Expectatio
1466 699 1530 726 ma
1555 699 1608 725 na
1625 686 1701 725 fuit
1715 685 1802 739 ejus
1819 686 1972 726 visendi
1987 685 2056 732 vii,
2072 688 2100 726 6

1215 737 1411 790 Expedite
1426 753 1506 780 rem
1547 741 1598 779 de
1617 740 1780 792 ancipiti
1792 739 1974 793 negotio)
1993 739 2100 785 xviii,

1268 797 1295 833 9
1323 793 1484 844 (Cicero
1514 794 1565 832 de
1584 793 1668 833 Off.
1687 797 1728 833 2.
1754 793 1959 846 conjungit
1992 799 2004 816 ⁴
2020 806 2102 832 rem

1268 846 1466 897 expedire'
1502 851 1544 884 et
1580 845 1814 886 ‘consilium
1842 860 1891 887 ex
1927 850 2101 898 tempore

1268 899 1435 951 capere.’
1464 899 1624 952 Lamb.)
1672 900 1856 952 expedire
1879 914 1929 939 *se
1946 900 2102 952 ((10ιο0.
2135 897 2142 911 ”

1270 953 1338 1004 qui
1393 953 1641 994 multitudine
1684 954 1975 993 circumventus
2018 954 2102 1006 est)

1271 1006 1379 1053 xviii,
1397 1013 1421 1048 5
1461 1008 1514 1047 de
1544 1008 1678 1048 clauso
1713 1007 1887 1048 locorum
1916 1007 2105 1060 angustiis

1270 1060 1379 1108 xxiii,
1399 1066 1422 1101 5
1451 1074 1475 1100 e
1493 1061 1656 1101 vinculis
1693 1061 1749 1108 iv,
1764 1065 1789 1101 3
1831 1061 2015 1114 expedire
2031 1061 2105 1100 ali·

1271 1128 1388 1167 quem
1402 1114 1723 1168 (proscriptorum
1736 1128 1897 1155 numero
1914 1114 2105 1167 eximere)

1270 1182 1360 1215 xxv,
1380 1173 1433 1210 12
1459 1169 1832 1222 (Expedire,'neutr.
1847 1168 1886 1222 ·)
1901 1181 1981 1209 11011
1998 1168 2104 1208 idem

1271 1223 1347 1274 ipsi
1379 1229 1421 1262 et
1449 1224 1545 1262 mihi
1574 1224 1735 1276 expedit
1764 1223 2106 1277 (dediversaflut

1272 1276 1391 1317 hodie
1408 1277 1634 1330 loquuntur,
1651 1278 1800 1317 ratione
1811 1276 1958 1330 status)
1975 1277 2006 1324 i,
2022 1279 2048 1318 3

1217 1329 1462 1382 Expeditus:
1499 1331 1679 1383 impediri
1713 1345 1795 1371 non
1829 1336 1996 1383 poterat,
2023 1343 2104 1383 quo

1273 1385 1402 1424 minus
1420 1385 1471 1423 ad
1488 1385 1753 1425 dimicandum
1771 1395 1928 1427 manum
1946 1384 2107 1424 haberet

1273 1438 1496 1489 expeditam
1523 1438 1601 1484 xiv,
1619 1442 1646 1479 6
1686 1439 1760 1491 ((10
1787 1438 2106 1490 militibus'cape.

1272 1499 1314 1532 et
1344 1491 1518 1544 intellige
1542 1492 1768 1532 facultatem
1793 1491 2007 1532 dimicandi
2023 1505 2106 1531 non

1272 1546 1502 1597 impeditam
1539 1545 1627 1585 loco
1670 1552 1740 1585 aut
1775 1546 1987 1598 praecisam.
2039 1545 2106 1585 Sic

1273 1599 1380 1650 apud
1388 1599 1568 1638 Tacitum
1576 1599 1632 1638 H.
1651 1599 1694 1646 ii,
1705 1603 1748 1646 8,
1767 1597 1832 1652 3.)
1845 1598 2108 1651 expeditiores

1273 1652 1414 1691 milites
1432 1651 1583 1705 (minus
1610 1652 1789 1705 impediti
1817 1652 1870 1692 ad
1890 1651 2105 1693 dimicand-

1273 1707 1446 1758 pondere
1464 1718 1557 1748 arm.
1576 1706 1674 1759 &c.)
1701 1707 1756 1754 xi,
1774 1710 1797 1747 1
1852 1716 1854 1718 ’
1899 1728 1903 1733 ·

1219 1758 1425 1812 Expellere
1454 1773 1501 1800 ex
1533 1773 1621 1800 arce
1650 1761 1723 1812 (de
1751 1761 1792 1799 vi
1809 1759 1924 1814 bell.)
1969 1775 2034 1807 u,
2054 1764 2108 1801 lo

1273 1827 1321 1854 ex
1363 1813 1522 1854 civitate
1548 1815 1622 1865 (de
1650 1814 1795 1868 exilio)
1819 1814 1888 1862 vii,
1904 1817 1933 1855 6
1976 1814 2108 1856 Alibi:

1272 1867 1414 1919 ejicere
1451 1881 1474 1908 e
1510 1867 1668 1914 civitate
1706 1868 1750 1916 ii,
1789 1872 1816 1909 8
1871 1867 2014 1920 ejicere
2056 1881 2107 1909 ex

1274 1921 1439 1984 republ..
1455 1921 1578 1985 ‘’fig-{1
1605 1921 1750 1974 pellere
1777 1921 1904 1985 patria
1919 1922 2108 1976 (subaud.

1273 1974 1581 2077 ffffissssiss‘sssfli’
1602 1981 1766 2084 {1331}ss
1790 1976 1889 2078 ῑῑῗέξ
1907 2005 1920 2054 2
1936 1975 2107 2083 ,3⁹:232

1274 2089 1441 2124 extorres
1461 2084 1611 2136 expulit
1630 2082 1802 2137 patria').
1831 2085 1976 2136 expelli
2001 2083 2109 2137 (sine

1278 2149 1371 2178 casu
1390 2144 1430 2177 et
1448 2138 1648 2189 praeposit.
1674 2138 1813 2177 eodem
1831 2137 1971 2191 sensu)
2007 2137 2065 2185 iii,
2085 2141 2108 2178 1

1273 2191 2110 2298 11131111ξὲ1·13.ς“·.ἓ,,ἑῑῑέ’ξ,;ἑς;εῑᾳ

1220 2297 1696 2403 Εκῗῖἶξὲἷᾛῆᾞιῖἷὴέξ
1713 2303 1775 2393 io
1820 2351 1943 2404 (inter
1977 2352 2106 2405 elogia

1273 2405 1441 2444 mortui:
1470 2404 1604 2457 quales
1660 2405 1930 2446 raedicationes
1959 2412 2019 2446 est
2050 2407 2108 2447 vi-

1273 2458 1366 2498 dere
1384 2459 1491 2509 apud
1504 2458 1598 2498 Tac.
1657 2484 1668 2496 .
1683 2458 1726 2506 ii,
1744 2463 1811 2500 73.
1829 2460 1991 2499 Sueten.
2009 2460 2107 2499 Otb.

1275 2515 1340 2552 12.
1379 2511 1529 2551 Herod.
1559 2512 1608 2550 *in
1641 2512 1848 2553 Commod.
1888 2512 1945 2561 iii,
1971 2517 2039 2556 ll.
2065 2520 2108 2554 et

1274 2565 1418 2616 passim
1437 2565 1543 2618 apud
1562 2565 1680 2618 alios)
1958 2595 1961 2602 f
2074 2579 2076 2582 ·

1220 2618 1447 2671 Expensum
1489 2619 1651 2663 sumtui
1678 2619 1777 2659 ferre
1827 2619 1890 2673 (in
1937 2620 2106 2662 tationes

1274 2686 1407 2713 eorum
1434 2673 1589 2720 referre,
1618 2685 1708 2726 quae
1732 2686 1935 2726 erogamus
1964 2682 2006 2715 et
2040 2689 2107 2716 ex-

1273 2727 1502 2780 pendimus)
1518 2741 1606 2774 xxv,
1626 2727 1744 2778 13(v.
1766 2727 2108 2769 Buchn.'1*11oe.in

1270 2780 1490 2833 Acceptum
1502 2788 1542 2821 et
1553 2781 1749 2834 Expensa,
1758 2788 1799 2821 et
1811 2781 1981 2823 Loccen.
1993 2782 2108 2836 Iud.)

1222 2833 1398 2886 Experiri
1415 2835 1614 2874 inimicum
1629 2835 1808 2889 (sentire,
1841 2835 1925 2889 pati
1951 2837 2108 2876 hostilia

1274 2888 1346 2939 ab)
1373 2888 1462 2935 figo
1500 2888 1631 2929 omnia
1666 2889 1831 2941 primum
1863 2889 1938 2929 &c.
1973 2886 2053 2938 xiv,
2079 2895 2107 2931 2

1271 2942 1354 2991 (est
1379 2943 1573 2983 sententia
1601 2948 1642 2982 et
1677 2943 1826 2994 phrasis
1859 2943 2042 2985 Terenu'
2062 2944 2106 2983 in

1273 2995 1455 3035 Eunuch.
1483 3001 1560 3036 act.
1583 2999 1626 3036 4.
1665 3009 1720 3035 sc.
1749 2999 1790 3036 7.
1826 2998 1983 3036 ‘omnia
2000 2997 2107 3049 prius

1271 3050 1435 3101 experiri
1451 3050 1591 3097 verbis,
1614 3062 1731 3102 quam
1744 3050 1872 3098 armis,
1890 3051 2107 3104 sapientem

1271 3103 1437 3156 decet').
1452 3102 1616 3155 experiri
1632 3102 1835 3143 Romanos
1852 3104 1964 3157 (cum
1987 3104 2038 3146 iis
2054 3107 2109 3145 de

1270 3157 1432 3209 imperio
1446 3157 1613 3209 certare)
1641 3157 1736 3204 xxii,
1771 3161 1797 3198 4
1838 3159 1975 3198 Lamb.
1997 3159 2106 3211 quali

1269 3210 1469 3251 locutione
1505 3210 1632 3251 Poeta
1668 3211 1769 3250 dixit
1859 3212 1945 3252 hs.
1975 3216 2105 3262 vs..28

1273 3269 1286 3287 ‘
1295 3264 1367 3304 Vis
1374 3278 1465 3317 ergo
1479 3264 1578 3305 inter
1591 3278 1677 3312 nos,
1687 3265 1782 3317 quid
1796 3266 1918 3316 possit
1930 3271 2106 3316 uterque,

1273 3318 1440 3359 vicissim
1451 3318 1703 3370 Experiamur
1715 3318 1743 3357 2’
1755 3325 1797 3358 et
1803 3318 1898 3358 AEn.
1910 3322 1949 3358 7.
1961 3331 2015 3357 vs.
2023 3321 2106 3359 434

1272 3374 1455 3412 ‘tandem
1497 3373 1668 3412 Turnum
1702 3373 1918 3423 experiatur
1963 3371 2005 3410 in
2045 3386 2106 3413 ar-

1271 3425 1394 3480 mis’).
1421 3425 1584 3478 experiri
1600 3426 1752 3477 legibus
1765 3439 1828 3470 xx,
1848 3429 1873 3464 5
1903 3424 1999 3476 (est,
2019 3426 2107 3479 lege

1271 3493 1361 3521 cum
1397 3480 1528 3534 aliquo
1557 3492 1686 3532 agere,
1713 3484 1757 3518 ut
1785 3477 1930 3520 Noster
1959 3478 2105 3520 ibidem
