2306 3900
344 270 452 324 546

344 402 600 444 lexandrum
621 402 674 442 ab
695 402 822 443 Alex.
842 402 918 444 lib.
937 413 971 443 1.
991 405 1058 444 20.

406 466 498 506 Hoc
533 467 712 506 exercitu
741 479 890 507 moram
923 466 1232 507 Lacedoemonio-

343 543 432 571 rum
477 528 704 581 intercepit]
759 530 850 571 Alii
896 530 972 572 lib.
1015 529 1230 580 interfecit.

342 593 508 634 Schott.
565 592 692 635 Quod
725 605 855 645 supra
885 593 1063 645 probavi
1090 599 1136 634 et
1155 605 1229 634 ex-

341 654 503 708 plicavi
529 655 573 695 in
602 655 806 701 Aristide.
837 655 1038 697 Gebhard.
1095 656 1229 697 Utra-

342 731 426 772 que
444 719 576 759 lectio
601 720 772 770 elegans
799 725 880 761 est.
909 719 1074 760 Sauara.
1131 719 1227 759 Mo-

341 794 406 829 ra,
425 794 509 823 vox
528 783 685 825 Graeca
704 788 797 834 est;
825 783 906 824 hoc
923 781 1133 834 primum:
1153 781 1228 821 de-

339 846 444 886 inde
461 846 580 886 valet
597 846 712 886 idem
744 845 858 899 quod
888 846 1018 897 μοῖρα,
1045 844 1124 885 hoc
1143 847 1228 894 est,

340 922 458 963 pars,
487 910 598 964 quod
632 910 689 951 sit
713 922 812 964 pars
834 911 1063 951 exercitus.
1121 909 1228 950 Ute-

338 973 499 1015 bantnr
516 979 661 1014 autem
684 973 763 1015 hac
783 985 890 1014 voce
910 972 1229 1014 Lacedaemonii

338 1038 525 1078 maxime
540 1043 588 1079 et
602 1038 756 1091 Dores.
797 1039 855 1078 Et
870 1037 1100 1078 constabat
1116 1035 1229 1090 μόρα,

337 1102 423 1149 vel,
442 1107 492 1142 ut
510 1100 683 1155 quidam
707 1101 870 1152 volunt,
886 1099 1132 1153 quingentis
1152 1099 1227 1140 mi-

335 1164 513 1215 litibus;
533 1165 614 1216 vel,
632 1170 682 1206 ut
703 1164 792 1216 alii,
806 1163 1123 1217 septingentis3
1143 1163 1227 1215 vel,

336 1232 387 1268 ut
407 1228 494 1279 alii,
509 1227 751 1279 nongentis.
807 1226 1023 1268 Diodorus
1056 1227 1225 1268 Siculus

334 1291 412 1332 lib.
431 1302 529 1332 xiv.
585 1291 631 1331 Si
645 1291 796 1332 eadem
817 1303 885 1332 res
905 1290 964 1332 ibi
983 1303 1009 1332 a
1027 1290 1225 1331 Diodoro

335 1359 550 1407 narratur,
583 1368 678 1409 quae
710 1355 779 1395 hic
799 1367 825 1395 a
846 1354 990 1396 Probo
1010 1353 1227 1407 significa·

336 1424 424 1468 tur,
458 1417 571 1471 μέρος
609 1419 816 1470 appellat.
872 1418 944 1460 Sic
980 1419 1226 1461 Diodorus:

336 1482 450 1523 Μετὰ
479 1481 524 1524 δέ
539 1498 646 1524 τινας
663 1481 804 1535 ἡμέρας
824 1483 903 1522 τῶν
925 1481 1226 1533 Λωσεδαιμονίων

333 1544 447 1598 μέρος
463 1547 536 1595 τῆς
554 1547 741 1599 στρατιᾶς
754 1544 850 1600 διῄει
863 1546 925 1587 διὰ
936 1548 1008 1595 τῆς
1028 1546 1226 1600 Κορινθίας

333 1609 478 1663 χώρας.
520 1607 577 1652 οἷς
631 1608 854 1662 Ἰφικράτης
893 1609 958 1651 καί
995 1624 1099 1651 τινες
1144 1612 1225 1652 τῶν

333 1671 549 1724 συμμάχων
584 1672 852 1724 ἐπιπεσόντες,
891 1671 983 1714 τοὺς
1014 1672 1224 1714 πλείστους

331 1737 498 1778 ἀνεῖλον.
552 1737 844 1778 Andromach.
873 1736 964 1776 sive
990 1743 1144 1777 auctor
1159 1738 1222 1777 in-

333 1805 480 1842 certus
526 1800 844 1852 Etymologici:
901 1799 1026 1853 Μύρα,
1063 1801 1222 1854 inquit,

331 1862 468 1914 τάγμα
503 1863 784 1916 στρατιωτικὸν
812 1864 918 1917 παρὰ
950 1865 1220 1915 Λακεδαιμονί-

331 1941 411 1976 ους,
431 1925 532 1966 οὕτω
545 1925 774 1977 λεγόμενον,
793 1926 859 1967 καὶ
881 1927 1028 1980 εἴρηται
1051 1928 1156 1981 παρὰ
1171 1927 1220 1968 τὸ

328 1989 444 2042 μείρω
460 1989 572 2042 μόρα,
592 1990 654 2029 ἐπὶ
671 1988 808 2043 μέρους
827 1989 976 2043 ὄχλων,
1006 1991 1057 2031 ὡς
1079 1991 1219 2044 φθείρω

329 2052 467 2106 φθορά.
512 2052 599 2093 ἔστι
627 2052 669 2093 δὲ
687 2053 714 2102 ἦ
741 2051 853 2106 μόρα,
872 2051 980 2105 τάξις
1006 2055 1047 2105 ἐξ
1074 2055 1219 2108 ἀνδρῶν

328 2117 608 2166 πεντακοσίων,
622 2115 648 2164 ἢ
664 2115 918 2166 ἑπτακοσίων,
934 2116 960 2165 ἢ
974 2118 1217 2170 τριακοσίων.

331 2182 443 2223 Haec
475 2182 562 2223 ille.
592 2181 834 2233 Xenophon
869 2181 996 2233 hujus
1029 2182 1216 2223 cohortis

329 2256 474 2285 casum
497 2251 542 2286 et
562 2244 727 2284 cladem
757 2243 903 2284 multis
929 2243 1068 2284 verbis
1083 2256 1215 2297 expo·

324 2307 390 2347 nit
411 2307 465 2348 de
485 2308 578 2348 reb.
599 2307 677 2347 Gr.
713 2307 787 2348 lib.
815 2317 880 2348 ιν.
912 2312 956 2347 et
976 2307 1114 2348 utitur
1131 2309 1213 2349 hoc

326 2371 423 2423 ipso
461 2371 672 2412 vocabulo
706 2371 882 2420 Graeco,
903 2369 1017 2422 qnod
1038 2382 1214 2423 usurpa-

325 2434 390 2477 vit
407 2434 592 2475 Probus.
651 2433 883 2475 Pausanias
912 2433 956 2474 in
985 2434 1212 2475 Laconicis

326 2502 372 2537 et
388 2499 526 2550 μοῖραν
560 2498 754 2550 appellat
784 2494 936 2545 ταύτην
971 2496 1047 2545 τὴν
1076 2500 1213 2551 μοῖραν

324 2559 539 2612 ἐπιθέμενοι
569 2561 654 2601 καθ’
685 2560 775 2601 ὁδὸν
806 2561 1012 2611 Ἀθηναῖοι,
1030 2559 1095 2601 καὶ
1119 2561 1211 2613 Ἰφι-

323 2624 469 2678 κράτης
510 2623 734 2678 διέφθειραν.
809 2625 1124 2666 Commemorat
1167 2632 1213 2668 et

322 2689 430 2729 hanc
470 2689 700 2741 Iphicratis
736 2700 826 2729 rem
855 2692 1019 2740 gestam
1040 2688 1211 2731 Plutar-

323 2753 428 2794 chus
447 2752 491 2792 in
523 2752 682 2804 libello,
707 2750 870 2804 πότερον
895 2751 1100 2803 Ἀθηναῖοι,
1126 2755 1209 2795 &c.

321 2816 367 2855 in
401 2820 613 2866 extremo,
649 2821 696 2856 et
739 2815 962 2856 AEschines
998 2816 1043 2855 in
1081 2815 1209 2858 Orat.

322 2877 424 2919 κατὰ
456 2883 630 2929 Κτησιφ.
663 2877 804 2920 Lamb.
857 2878 926 2918 De
959 2890 1078 2919 mora
1113 2891 1210 2920 con-

321 2942 414 2982 sule
440 2942 571 2983 Joan.
600 2941 838 2982 Meursium
858 2941 1046 2983 Atticar.
1064 2942 1208 2983 Lecti-

320 3016 391 3045 on.
411 3002 487 3045 lib.
505 3015 539 3045 1.
560 3007 625 3044 15.
645 3002 757 3043 adde
777 3008 824 3044 et
839 3003 1033 3055 Hesych.

373 3066 524 3107 Iterum
560 3067 690 3107 eodem
721 3065 838 3118 bello]
885 3066 980 3107 Nec
1005 3065 1094 3117 ubi,
1124 3078 1206 3108 nec

319 3129 492 3182 quando
522 3129 607 3169 hoc
629 3128 822 3181 praelium
843 3129 1112 3169 commissum
1134 3128 1207 3179 sit,

318 3203 495 3245 usquam
525 3183 720 3244 reperio:
751 3191 830 3232 nisi
851 3189 966 3232 forte
985 3190 1028 3232 id
1048 3189 1207 3243 signifi·

321 3259 408 3303 cat,
438 3255 551 3307 quod
571 3261 720 3296 narrat
738 3255 980 3307 Xenophon
1000 3254 1055 3294 de
1077 3254 1205 3295 rebus

318 3315 463 3357 Graec.
483 3317 556 3357 lib.
577 3329 640 3359 v1.
673 3330 758 3358 non
786 3319 912 3370 longe
933 3317 1162 3358 admodum
1181 3330 1207 3359 a

319 3378 560 3430 principio:
593 3380 858 3432 Iphicratem
894 3382 1044 3422 decem
1083 3383 1206 3423 trire-

318 3440 474 3491 mibus,
493 3443 563 3494 qui
585 3455 608 3482 a
630 3444 836 3495 Dionysio
864 3444 1204 3485 Lacedaemoniis

319 3503 636 3557 AnippoDuce
675 3506 863 3549 subsidio
902 3508 1204 3561 mittebantur,

730 285 910 325 NOTAE
950 283 1288 325 vARmRUM
1331 285 1394 325 IN
1436 287 1489 326 G.
1534 286 1800 327 NEPOTIS

1295 414 1379 443 non
1424 405 1554 456 longe
1588 417 1614 444 a
1653 404 1931 458 Cephalenia,
1967 417 2051 446 una
2081 419 2179 448 cum

1294 467 1395 508 viris
1415 467 1609 509 omnibus
1638 468 1911 520 interceptis,
1937 474 1984 511 et
2001 470 2180 511 navibus

1293 531 1528 582 nonaginta
1561 543 1616 572 ex
1647 532 1836 584 Corcyra
1858 533 2104 585 assumptis,
2133 535 2180 575 in

1293 593 1601 645 cephaleniam
1636 595 1879 647 navigasse,
1909 601 1957 636 et
1985 595 2040 636 ab
2065 595 2180 637 illius

1290 654 1442 697 insulae
1479 657 1742 707 civitatibus,
1777 659 1984 711 pecunias
2018 660 2179 712 partim

1290 717 1524 761 libentibus
1554 720 1812 772 obtinuisse,
1842 721 2003 773 partim
2029 722 2177 767 invitis

1289 780 1538 829 obtorsisse‚
1569 783 1706 837 iisque
1733 784 1860 825 rebus
1880 785 2028 837 gestis,
2053 796 2178 836 agros

1291 844 1716 888 Lacedaemoniorum
1740 848 1994 900 populatum
2013 861 2105 889 esse
2124 862 2178 892 ac

1289 913 1497 959 vastasse,
1548 909 1781 963 urbeisque
1830 910 2176 954 adversariorum

1289 971 1626 1014 Atheniensibus
1636 973 1899 1014 voluntarias
1907 974 2150 1028 adjunxisse
2160 989 2175 1026 ς

1290 1047 1384 1088 quae
1413 1036 1632 1078 noluerint
1664 1049 1709 1077 se
1740 1036 1918 1089 dedere,
1941 1037 1992 1078 iis
2018 1037 2175 1079 benum

1288 1099 1496 1142 intulisse.
1552 1101 1650 1144 Quo
1677 1103 1774 1143 loco
1803 1101 2036 1154 Iphicratis
2068 1102 2175 1144 belli

1289 1163 1469 1215 gerendi
1505 1164 1730 1216 rationem,
1765 1170 1812 1206 et
1849 1165 2074 1206 scientiam
2110 1167 2175 1207 rei

1287 1225 1486 1267 militaris
1505 1227 1656 1268 laudat
1673 1227 1930 1280 Xenophon.
1971 1227 2041 1268 Sic
2059 1229 2173 1269 enim

1287 1289 1359 1330 ille
1378 1303 1389 1330 z
1417 1290 1521 1341 Ἐγὼ
1543 1289 1675 1341 μέντοι
1703 1289 1854 1340 ταύτην
1865 1291 1941 1339 τὴν
1956 1291 2173 1344 στρατηγί-

1287 1367 1336 1393 αν
1363 1354 1436 1394 τοῦ
1458 1353 1700 1407 Ἰφικράτους
1726 1354 1814 1406 οὐχ’
1846 1355 1990 1404 ἥκιστα
2015 1355 2172 1396 ἐπαινῶ.

1287 1416 1472 1460 Lambin.

1343 1481 1475 1526 Quum
1506 1481 1773 1533 Artaxerxes]
1811 1481 2031 1523 Mnemon.
2059 1480 2173 1522 vide

1287 1546 1419 1587 Diod.
1464 1546 1655 1588 Siculum
1684 1546 1761 1586 lib.
1782 1556 1860 1586 xv.
1916 1545 2084 1586 Bellum
2107 1544 2171 1586 in·
2194 1579 2197 1582 Α

1286 1610 1387 1650 tulit
1412 1610 1469 1652 Q.
1501 1611 1671 1661 Crasso,
1694 1610 1811 1650 Serv.
1841 1609 1970 1650 Corn.
1991 1609 2067 1662 Sp.
2086 1610 2172 1650 Pa·

1286 1673 1425 1725 pyrio,
1447 1673 1552 1714 Fab.
1571 1672 1672 1714 Alb.
1703 1672 1887 1714 tribunis
1907 1674 2171 1725 proconsuli·

1285 1734 1380 1776 bus.

1336 1800 1530 1852 AEgyptio
1547 1799 1672 1852 Regi]
1701 1798 1849 1839 Acori.
1878 1799 2062 1840 laabin.

1336 1863 1500 1904 Bellum
1517 1861 1669 1912 inferre
1681 1863 1884 1915 voluisset]
1905 1862 2050 1902 Editio
2063 1862 2170 1903 Vul-

1283 1932 1399 1980 gata,
1413 1929 1550 1969 voluit.

1337 1990 1490 2031 Petivit
1506 1991 1661 2043 ducem]
1681 1990 1866 2031 Diodor.
1882 1990 1956 2031 lib.
1975 2001 2053 2031 xv.
2069 1990 2117 2030 Ὁ
2133 1989 2168 2030 δ’

1279 2052 1375 2106 ἀνὴρ
1392 2049 1506 2095 οὗτος
1521 2051 1794 2104 μετάπεμπτος
1824 2052 1887 2092 ἐπὶ
1905 2052 1980 2101 τὴν
1994 2066 2165 2105 στρατη·

1278 2116 1370 2167 ’γίαν
1387 2117 1460 2158 ὑπὸ
1477 2119 1548 2161 τοῦ
1564 2114 1759 2164 βασιλέως
1783 2115 1935 2168 ἐτάχθη
1952 2116 2015 2158 διὰ
2031 2116 2106 2166 τὴν
2122 2117 2167 2156 ἐν

1277 2183 1335 2233 τῳ·
1351 2184 1587 2234 στρατηγεῖν
1604 2180 1759 2235 ἀρετήν.
1800 2181 2003 2222 Gebhard.

1333 2245 1546 2285 Exercitui
1562 2243 1817 2296 conductitio]
1856 2244 1929 2284 Sic
1946 2245 2054 2284 Mss.
2070 2254 2164 2284 rec-

1277 2312 1338 2348 te.
1394 2307 1570 2360 Vulgati
1603 2309 1802 2348 conducto.
1859 2308 1911 2348 In
1949 2306 2162 2347 Chabria:

1274 2371 1288 2394 ⁴
1308 2369 1467 2423 fugatis
1481 2371 1575 2423 jam
1592 2371 1647 2410 ab
1664 2383 1716 2410 eo
1735 2370 2011 2412 conductitiis
2027 2376 2166 2411 cater-

1276 2435 1338 2474 vis
1354 2434 1379 2485 3’
1405 2434 1448 2474 id
1471 2439 1557 2484 est,
1574 2433 1774 2474 mercede
1792 2433 2036 2484 conductis,
2052 2445 2163 2475 mer-

1274 2497 1476 2548 cenariis,
1499 2502 1549 2537 ut
1583 2497 1676 2549 ipse
1707 2497 1894 2550 loquitur
1918 2497 1962 2536 iu
1980 2496 2163 2537 Timole-

1274 2566 1392 2601 onte.
1434 2559 1598 2601 Sanam.
1674 2560 1899 2600 conducere
1942 2571 2047 2611 ergo
2092 2564 2161 2599 est

1274 2624 1527 2666 Graecorum
1542 2624 1774 2675 ξενολσγεῖν,
1789 2624 1858 2663 vel
1867 2620 2004 2674 Έένους
2020 2625 2160 2671 μισθώ-

1273 2691 1426 2729 σασθαι.
1484 2684 1604 2729 Infra
1622 2685 1840 2728 Datame:
1869 2688 1963 2727 ‘Ex
1983 2686 2161 2733 Graeeia

1273 2751 1584 2792 conductorum
1622 2750 1708 2791 tria
1755 2747 1919 2790 millia!
1985 2749 2160 2790 Curtius

1271 2814 1344 2855 lib.
1363 2825 1435 2856 ιιι.
1479 2813 1493 2836 ‘
1516 2812 1584 2853 Ad
1612 2811 1942 2853 conducendum
1959 2822 2013 2850 ex
2033 2811 2159 2852 Pelo-

1272 2889 1463 2930 ponneso
1477 2876 1657 2918 militem
1681 2875 1895 2917 Cleandro
1913 2887 2010 2916 omn
2028 2886 2158 2928 pecu-

1270 2941 1344 2982 nia
1361 2941 1517 2982 misso:
1571 2940 1685 2981 Ibid.
1706 2952 1803 2992 cap.
1815 2943 1857 2980 6.
1885 2939 2156 2992 ‘Argentum

1268 3005 1385 3046 istud
1401 3004 1456 3045 ad
1470 3003 1795 3045 conducendum
1808 3002 1987 3044 militem
2001 3004 2155 3045 mitte!

1274 3067 1477 3109 Gebhard.
2011 3105 2013 3107 .

1323 3132 1541 3173 Duodecim
1566 3132 1753 3184 minium]
1781 3132 1918 3174 Immo
1952 3143 2032 3173 xx.
2065 3133 2156 3174 mil-

1268 3193 1388 3246 lium,
1407 3205 1461 3235 ex
1482 3194 1621 3235 Diod.
1637 3195 1798 3237 Siculo.
1827 3189 2009 3237 Lmoin.

1324 3258 1656 3303 Quemadmodum
1680 3261 1870 3311 quondam
1890 3259 2062 3300 Fabiani
2078 3261 2152 3301 mi-

1268 3322 1357 3362 lites
1375 3323 1547 3363 Romani
1564 3325 1751 3376 appellati
1767 3329 1873 3375 sunt,
1892 3325 1948 3364 sic
1977 3325 2154 3376 Iphicra-

1267 3390 1395 3425 tenses
1420 3387 1524 3437 apud
1555 3386 1732 3438 Groecos]
1776 3388 1886 3428 Quae
1925 3387 2152 3430 ambitiosa

1268 3446 1352 3487 fuit
1371 3448 1623 3498 Principum
1643 3448 1848 3499 κενοδοξία,
1866 3455 1914 3489 ut
1933 3462 1959 3489 a
1977 3451 2148 3491 nomine

1268 3524 1343 3552 suo
1370 3511 1527 3552 milites
1545 3511 1676 3552 etia-m
1702 3512 2019 3565 insignirentur.
2075 3509 2148 3552 Ab
