2306 3900
780 275 1003 315 RERUM
1048 274 1124 315 ΕΤ
1166 275 1531 323 VERBORUM.

234 393 412 438 Blandus
426 395 608 450 (disting.
620 398 670 439 'ab
684 398 854 452 affabili)
881 399 948 446 vii,
970 403 991 440 1

234 449 341 489 Blito
365 449 562 503 Sulpicius
591 451 816 506 (historicus
849 451 967 492 Rom.
997 454 1038 494 in
1075 468 1115 507 q.

288 504 380 542 edd.
408 510 449 544 et
461 505 542 544 Ms.
561 505 720 558 Boecl.)
749 504 857 552 xxiii,
875 510 925 546 13

235 555 378 601 Boeotii
391 558 653 612 (siveBoeoti)
669 573 732 606 xv,
743 563 769 600 8
781 559 923 599 bellum
936 559 1118 600 indicunt

289 610 596 651 Lacedaemoniis
638 612 692 658 ix,
725 617 766 653 2.
803 612 896 659 xvii,
923 618 950 654 4
1010 616 1116 666 apud

288 664 534 704 Mantineam
583 665 732 706 sortiter
771 673 950 718 pugnant
994 681 1058 714 xv,
1091 671 1118 708 9

289 718 411 769 magis
430 717 602 758 firmitati
618 718 805 771 corporis,
837 733 954 772 quam
970 720 1120 773 ingenii

287 770 460 810 acumini
476 771 691 812 inserviunt
717 772 785 820 vii,
801 777 851 815 11
882 774 1010 826 (quod
1026 774 1121 814 alibi

288 824 346 863 sic
362 825 541 877 effertur)
561 827 648 878 plus
667 826 705 866 ei
723 827 831 879 genti
850 827 986 866 virium
1003 827 1122 874 inest,

288 890 407 930 quam
420 878 570 931 ingenii
596 894 661 926 xv,
675 886 699 920 5
730 882 790 932 (v.
807 887 891 921 not.
907 883 959 920 ad
975 887 1122 920 utrum-

288 943 367 983 que
386 932 462 972 loc.
501 938 544 971 et
572 934 675 973 adde
708 934 773 974 Jo.
804 933 953 974 Ruald.
984 934 1027 974 in
1043 935 1123 974 vita

290 984 492 1025 Plutarchi
505 999 541 1025 c.
563 987 611 1039 3)

238 1036 374 1078 Bonus
391 1038 488 1078 civis
505 1040 791 1092 (significanter
820 1041 871 1080 de
889 1054 953 1087 eo,
972 1042 1041 1093 qui
1056 1042 1125 1080 ha-

291 1091 397 1131 bitus
424 1099 626 1146 statusque
651 1094 777 1134 civilis
810 1108 959 1141 amans,
989 1095 1126 1135 officiis

287 1145 467 1186 civilibus
502 1146 634 1193 servit,
644 1147 810 1200 Boecl.)
854 1148 909 1195 xi,
928 1152 952 1188 3
1001 1155 1128 1201 pater-

291 1199 456 1239 familias
482 1213 572 1247 xxv,
604 1205 655 1241 13
702 1203 759 1240 vir
775 1215 868 1248 xxv,
889 1205 942 1242 12
989 1202 1128 1241 Bonus

289 1252 1127 1362 §.ag-fgzzffizfflf‘}⁸G?223¹{‘;¹„}'‡¹32·

657 1337 669 1355 5
1117 1338 1129 1355 5

290 1361 399 1412 quod
418 1361 588 1402 Loccen.
616 1375 686 1414 pro
712 1362 846 1402 leniet
875 1363 1045 1414 benigno
1063 1376 1129 1402 ca-

291 1413 482 1464 piendum
499 1413 709 1462 existimat,
729 1417 927 1466 quomodo
939 1415 1077 1467 Nepos
1101 1416 1130 1462 i,

294 1470 322 1507 8
362 1467 548 1506 bonitatis
581 1481 677 1508 voce
707 1481 799 1507 usus
817 1476 877 1508 est
894 1469 991 1521 &c.)
1027 1470 1129 1508 bono

288 1520 424 1560 animo
453 1521 581 1560 facere
614 1521 802 1574 (consilio
831 1535 911 1561 non
943 1521 1131 1575 scelesto)

293 1573 389 1622 xvii,
406 1579 434 1616 6
474 1575 567 1614 boni
597 1588 732 1615 omnes
758 1576 992 1615 comitantur
1014 1577 1132 1615 funus

295 1627 423 1668 Attici
451 1642 540 1675 xxv,
560 1632 613 1669 22
659 1630 847 1668 bonarum
878 1642 1001 1669 rerum
1021 1631 1132 1682 igno-

294 1683 420 1721 rantia
450 1681 681 1735 (ἆβελτερία
706 1682 766 1721 vel
785 1682 1015 1736 ἆβελτηρία,
1043 1696 1133 1722 nam

294 1740 338 1774 et
381 1734 532 1775 Graecis
562 1734 774 1788 ἀβέλτερος
811 1737 1042 1789 explicatur,
1085 1735 1135 1776 τὸ

294 1785 458 1834 βέλτιον
473 1788 528 1839 μὴ
550 1789 772 1843 γινώσκων)
799 1790 893 1836 xvii.
907 1794 934 1830 8
962 1791 1136 1843 (constat

297 1847 430 1881 autem
462 1843 537 1882 hoc
567 1843 706 1882 vitium
732 1844 948 1883 rusticitate
966 1850 1008 1882 et
1025 1843 1138 1883 sinis·

296 1896 452 1936 teritate
498 1909 708 1947 sensuum3
744 1897 922 1950 ἀγροικίᾳ
975 1896 1140 1950 ἀκρισίᾳ,

296 1949 536 2003 ἀναισθησίᾳ.
584 1950 722 1991 Boecl.
749 1965 788 1990 v.
815 1958 898 1990 not.
932 1951 1086 1990 Lueret.
1113 1952 1142 1997 i,

298 2006 381 2044 728
408 2004 515 2056 regio
547 2004 662 2045 rebus
688 2003 822 2056 opima
836 2004 960 2044 bonis.
1014 2003 1068 2043 Et
1085 2004 1142 2051 iii,

303 2060 426 2098 1018.
444 2057 606 2110 explere.
619 2059 731 2097 bonis
745 2058 881 2111 rebus)

246 2110 363 2150 Bono
392 2112 565 2164 quodam
594 2112 762 2151 naturali
790 2112 1016 2151 lucrifacere
1035 2124 1143 2163 quae-

298 2164 390 2203 dam
410 2163 517 2217 (scil.
542 2165 770 2204 obtinendas
785 2167 892 2217 apud
909 2179 1044 2204 omnes
1058 2177 1142 2217 gra-

301 2216 391 2271 tiae)
419 2217 505 2264 viii,
526 2221 549 2258 1
579 2219 685 2257 bona
710 2219 834 2258 multa
851 2220 902 2258 ab
919 2225 1057 2257 natura
1075 2221 1145 2257 ha·

301 2271 393 2310 bere
424 2271 559 2325 (dotes
589 2271 710 2310 animi
736 2272 1009 2325 corporisque)
1048 2285 1087 2317 x,
1120 2275 1143 2312 1

302 2324 426 2364 animi
446 2323 608 2364 virtutes
637 2339 704 2372 xv,
723 2328 749 2365 8
779 2326 884 2364 bona
911 2324 1078 2376 alicujus
1097 2325 1146 2376 (i.

303 2391 342 2417 e.
359 2378 647 2431 possessiones)
667 2378 866 2431 publicare
893 2379 963 2426 vii,
981 2382 1022 2419 4.
1037 2377 1146 2424 xxiii,

304 2435 330 2473 7
361 2431 533 2484 alicujus
550 2433 722 2472 vendere
751 2446 840 2480 xxv,
861 2436 912 2474 12
951 2434 1027 2485 (sc.
1060 2438 1147 2470 tan-

306 2497 427 2537 quam
446 2484 692 2538 proscripti).
737 2487 842 2525 bona
877 2499 1007 2538 neque
1037 2485 1150 2537 plura

305 2537 522 2584 reminisci,
541 2551 672 2589 neque
691 2538 839 2590 majora
857 2538 1044 2590 consequi
1060 2551 1150 2590 pos-

309 2596 371 2631 set
388 2591 469 2637 hic,
489 2603 606 2642 qnam
632 2590 693 2630 vel
725 2592 882 2631 fortuna
914 2592 976 2632 vel
1013 2598 1152 2630 natura

305 2642 391 2737 gei)
414 2643 556 2683 tribuit
572 2645 645 2698 (de
663 2644 815 2684 eximiis
834 2650 982 2684 naturae
999 2657 1045 2686 ac
1063 2644 1154 2683 fort.

338 2697 440 2738 otib.
457 2698 566 2750 quib.
595 2697 730 2737 Alcib.
757 2698 997 2751 excellebat)
1036 2696 1106 2744 vii,
1126 2701 1153 2737 2

261 2750 429 2794 Bonitas
450 2751 646 2794 excellens
666 2751 834 2792 hominis
851 2751 994 2805 (virtus
1012 2758 1054 2791 et
1070 2764 1155 2789 mo-

243 2833 245 2836 .
309 2804 462 2845 deratio
490 2804 632 2858 animi)
659 2819 723 2852 xx,
744 2810 768 2845 5
818 2805 1002 2845 bonitatis
1033 2804 1156 2844 Attici

313 2859 539 2911 exemplum
578 2859 749 2911 (morum
787 2859 999 2899 facilitatis.
1046 2859 1158 2897 Indi·

313 2918 426 2953 catur
473 2910 522 2952 τὸ
550 2911 684 2960 ἠθικὸν
709 2911 774 2953 καὶ
811 2912 1003 2963 emaum,
1048 2912 1155 2965 quod

313 2965 653 3020 Porphyrogeniti
671 2967 911 3006 characteres
930 2967 982 3006 Ul
1014 2967 1065 3006 ssi
1093 2964 1160 3003 tri·

312 3020 455 3059 bunut.
485 3019 644 3072 Boecl.)
673 3033 763 3066 xxv,
792 3024 843 3060 10
870 3020 959 3060 Sic:

325 3072 520 3124 consequi
537 3072 688 3125 aliquid
717 3088 806 3120 xxv,
825 3079 875 3115 21
923 3073 1075 3113 bonitas
1093 3085 1163 3111 na-

322 3124 457 3164 turalis
508 3133 697 3178 perpetua
744 3127 815 3180 (τὸ
866 3126 1047 3168 εὐσταθὲς
1095 3127 1167 3172 τῆς

322 3176 551 3230 φρονήσεως
569 3185 696 3226 notat,
715 3187 757 3219 et
772 3181 964 3221 moderati
984 3180 1168 3230 cautique

317 3231 464 3284 judicii
482 3233 764 3284 constantiam)
782 3247 871 3280 xxv,
889 3238 916 3274 9
955 3234 1060 3273 conf.
1080 3245 1170 3276 xxv,

320 3290 345 3326 7
376 3284 602 3338 (θαυμαστὴ
614 3285 720 3337 παρὰ
749 3285 822 3326 τὰς
836 3287 878 3326 ἐν

322 3338 551 3388 μεταβολὰς
592 3337 618 3387 ἦ
634 3337 849 3379 εὐστάθεια.
903 3340 937 3379 P
955 3340 1102 3378 utarch.
1135 3338 1176 3375 in

322 3391 485 3432 Aristid.
515 3391 672 3444 Boecl.)
701 3393 874 3432 bonitate
902 3393 1066 3432 retinere
1107 3403 1178 3442 po-

324 3451 505 3487 testatem
533 3446 739 3498 (aequitate
767 3446 890 3485 civilis
920 3444 1087 3497 imperii,
1120 3444 1176 3483 le·

259 3560 263 3564 ι
328 3496 471 3549 nitate)
501 3499 527 3545 ἰ,
548 3505 573 3539 Β

1041 3019 1163 3058 nitate

1951 268 2055 323 xix

1175 401 1322 441 Boreas
1346 408 1485 442 ventus
1512 399 1601 454 (qui
1618 407 1734 442 antea
1751 399 1891 442 Latine
1908 402 2063 456 aquilo)

1230 456 1259 501 i,
1278 459 1305 495 2

1178 509 1298 547 Borni
1307 508 1478 561 (castelli
1486 521 1627 549 nomen
1641 508 1934 549 in'Chersoneso
1941 509 2062 549 Thra-

1232 561 1304 600 ciae
1336 562 1387 600 ad
1420 562 1714 613 Propontidem.
1773 562 1944 602 Ortelius
1961 562 2065 602 inter

1235 615 1415 667 Pactyen
1433 620 1475 653 et
1492 615 1723 668 Bysanthen
1748 616 1937 668 collocat)
1958 617 2026 663 vii,
2038 621 2064 657 7

1180 667 1298 707 Brevi
1312 667 1605 721 (ἐλλειπικῶς)
1632 669 1676 716 ii,
1691 673 1716 710 4
1757 669 1953 722 (Integre)
1980 671 2069 708 bre·

1236 721 1275 759 vi
1303 728 1478 773 tempore
1504 722 1532 768 i,
1547 726 1586 762 2.
1599 723 1641 768 ii,
1662 727 1683 763 l
1726 721 1832 775 (sub.
1850 724 1906 769 in,
1924 723 1987 762 vel
2006 722 2067 775 a.)

1179 775 1328 815 Brutus
1345 775 1408 814 M.
1433 775 1680 827 (interfector
1704 776 1888 829 Caesaris)
1915 776 2068 816 adoles-

1236 841 1331 874 cens
1358 828 1596 868 familiariter
1627 829 1748 867 utitur
1772 829 1906 869 Attico
1940 833 2070 876 xxv‚8

1238 881 1495 935 proficiscitur
1521 882 1562 921 in
1587 882 1759 928 exilium,
1773 882 1869 921 ibid.
1908 882 1995 935 ejus
2012 882 2071 921 fa-

1240 935 1398 974 miliaris
1416 936 1463 975 C.
1482 934 1651 983 Flavius,
1664 936 1758 974 ibid.
1774 935 1953 975 interitus
1982 949 2072 981 xxv,

1245 993 1293 1030 11
1323 988 1479 1041 abjecto
1511 989 1705 1041 Italiaque
1741 991 1897 1028 cedenti
1931 1002 2074 1041 pecun.

1242 1042 1362 1081 mittit
1389 1042 1475 1081 Att.
1522 1056 1611 1088 xxv,
1643 1047 1668 1082 8
1697 1056 1817 1096 penes
1845 1043 1988 1082 Brutos
2014 1049 2075 1082 est

1243 1096 1415 1148 respubl.
1434 1095 1554 1135 Rom.
1582 1095 1677 1134 ibid.

1190 1150 1318 1203 Byrsa
1344 1149 1523 1203 (interior
1551 1162 1640 1202 pars
1654 1148 1939 1202 Carthaginis),
1968 1148 2031 1188 Fr.
2050 1151 2075 1187 3

1189 1204 1422 1257 Bysanthen
1483 1203 1539 1242 sic
1570 1203 1749 1243 nonnulli
1799 1204 1876 1254 leg.
1910 1202 1976 1242 ubi
2011 1201 2076 1240 alii

1245 1257 1428 1308 Byziam,
1498 1256 1610 1303 izam,
1649 1257 1706 1296 vel
1727 1257 1858 1296 Biram
1874 1254 2079 1307 exhibent)

1243 1310 1371 1349 munit
1393 1309 1622 1350 Alcibiades
1658 1310 1871 1364 (oppidum
1890 1323 1922 1353 s.
1940 1308 2079 1349 castel-

1246 1364 1326 1402 lum
1339 1362 1536 1415 Thraciae)
1563 1363 1632 1410 vii,
1648 1367 1674 1403 7

1192 1417 1432 1471 Byzantium
1466 1416 1581 1469 (urbs
1610 1415 1801 1463 Thraciae,
1827 1415 1946 1455 hodie
1974 1415 2081 1455 con-

1247 1469 1544 1523 stantinopolis)
1570 1469 1625 1516 iv,
1644 1474 1671 1510 2

1194 1522 1383 1576 Byzantii
1401 1523 1504 1562 bello
1522 1523 1676 1563 subacti
1693 1522 1819 1569 xiii,.1

1194 1577 1324 1631 Byzia
1353 1575 1526 1630 (castelli
1554 1576 1720 1629 nomen)
1760 1575 1827 1622 vii,
1846 1580 1871 1617 ’1
1910 1575 1973 1629 (in
1991 1573 2084 1614 edd.

1249 1630 1355 1682 vulg.
1410 1630 1488 1669 Sed
1506 1629 1564 1669 ibi
1591 1630 1762 1670 Ortelius
1780 1637 1822 1669 et
1849 1628 2012 1669 Vossius
2031 1628 2086 1668 le-

1253 1690 1352 1736 gunt
1368 1683 1622 1736 Bysanthen)

1623 1843 1672 1884 C.

1206 1950 1358 1992 Cadere
1375 1949 1512 2003 praelio
1528 1949 1600 2003 (de
1616 1955 1740 1989 morte
1758 1948 1899 1988 bellica
1917 1946 2095 2001 proprie)

1258 2005 1313 2052 iv,
1329 2009 1351 2044 1
1382 2005 1425 2043 in
1443 2003 1548 2042 bello
1581 2002 1659 2050 xiv,
1676 2007 1698 2044 1
1742 2001 1784 2040 in
1803 2002 1938 2054 praelio
1973 2002 2054 2048 xiv,
2067 2006 2096 2041 6

1260 2058 1370 2097 cadit
1385 2058 1522 2096 horum
1551 2055 1705 2108 imperii
1724 2055 1905 2107 majestas
1934 2055 2097 2108 (everti-

1260 2118 1322 2151 tur
1352 2109 1579 2163 imperium)
1609 2110 1687 2156 xvi,
1705 2113 1731 2149 2
1778 2108 1840 2162 (in
1872 2109 1965 2147 edd.
1991 2108 2099 2161 vulg.

1261 2166 1332 2204 sed
1351 2165 1428 2216 leg.
1447 2170 1521 2210 est,
1547 2162 1743 2215 concidit)
1759 2174 1818 2202 res
1835 2162 1944 2201 cadit
1960 2168 2101 2214 praeter

1263 2217 1490 2270 opinionem
1508 2217 1572 2270 (id
1591 2223 1666 2263 est,
1692 2214 1847 2268 evenit)
1870 2216 1900 2262 i,
1917 2219 1944 2255 2
1985 2214 2100 2267 (Me-

1263 2273 1370 2324 taph.
1403 2284 1427 2310 a
1452 2272 1540 2310 lusu
1555 2271 1680 2310 aleae:
1709 2283 1746 2307 v.
1775 2269 1891 2307 Thes.
1922 2268 2101 2320 Buchn.)

1263 2325 1402 2365 cadere
1433 2325 1474 2363 in
1501 2324 1764 2376 suspicionem
1795 2321 1963 2373 alicujus
1999 2321 2103 2374 (sus-

1265 2386 1424 2432 pectum
1445 2377 1548 2430 fieri)
1575 2378 1628 2424 iv,
1648 2381 1674 2417 2
1702 2376 1787 2429 (Sic
1807 2375 1892 2415 Cic.
1914 2387 1984 2426 pro
2011 2374 2106 2414 Mil.

1264 2439 1305 2472 et
1317 2431 1490 2483 Philipp.
1506 2435 1523 2470 1
1534 2435 1569 2470 1.
1581 2429 1742 2482 Lamb.)
1758 2435 1851 2467 aetas
1863 2427 1950 2479 ejus
1963 2427 2108 2467 cecidit

1264 2486 1306 2524 in
1326 2498 1374 2524 ea
1392 2491 1567 2535 tempora
1595 2483 1704 2528 xviii,
1724 2487 1746 2523 1
1768 2481 1866 2534 (nbi.
1879 2488 2009 2521 tamen
2025 2480 2110 2531 alii,

1269 2537 1492 2586 incidisset)

1214 2591 1409 2632 Cadorum
1477 2588 1746 2641 magnitudine
1805 2587 2004 2639 amphorae
2064 2599 2111 2625 ex

1219 2642 1671 2741 Catiilrsigaiuir'eivgatilmia,
1687 2693 1774 2749 (arx
1790 2691 1994 2740 Thebana,
2009 2692 2116 2731 dicta

1275 2763 1299 2790 a
1320 2748 1472 2790 Cadmo
1500 2749 1704 2788 conditore
1734 2746 1977 2799 Thebarum)
1995 2759 2114 2785 oceu-

1277 2810 1394 2856 patur
1411 2815 1435 2842 a
1449 2803 1644 2842 Phoebida
1662 2800 1808 2840 Laced.
1836 2800 1920 2847 xvi,
1939 2804 1960 2840 1
2005 2811 2117 2839 recu-

1279 2864 1472 2909 peratura
1485 2855 1680 2907 Pelopida
1707 2854 1785 2900 xvi,
1798 2856 1837 2894 3.
1856 2867 1921 2900 xv,
1939 2856 1990 2894 10
2010 2853 2118 2905 apud

1280 2923 1366 2950 eam
1384 2916 1581 2962 pugnatur
1594 2921 1683 2948 cum
1702 2907 1848 2947 Laced.
1875 2919 1940 2953 xv,
1959 2910 2012 2946 10

1225 2964 1483 3007 Caduceum:
1505 2959 1746 3016 (κηρυκεῖον)
1771 2960 1993 3001 tabellarius
2031 2972 2119 2997 cnm

1280 3018 1456 3058 caduceo
1483 3016 1754 3070 (caduceator,
1785 3011 2046 3071 nhpvaxiii.
2065 3015 2114 3073 ¹.⁴¹

1282 3072 1368 3166 &De
1399 3071 1522 3110 forma
1551 3069 1735 3114 caducei,
1762 3073 1854 3119 post
1882 3067 1979 3103 alios
2011 3065 2120 3104 Phil.

1321 3123 1418 3163 aroli
1434 3125 1484 3163 ad
1505 3123 1682 3163 Curtium
1698 3121 1753 3166 iii,
1776 3125 1814 3160 1.
1841 3118 1926 3170 Ego
1946 3118 1987 3156 in
2004 3130 2121 3156 num-

1286 3178 1358 3216 mis
1372 3182 1414 3216 et
1426 3176 1562 3228 sigillis
1579 3181 1673 3214 vett.
1691 3171 1817 3213 varias.
1827 3170 2048 3213 observavi:
2069 3171 2121 3210 de

1288 3230 1397 3282 quib.
1415 3230 1545 3270 forsan
1563 3227 1689 3276 alias).

946 3289 967 3299 ⁶
993 3285 1173 3336 πολιτείᾳ
1238 3282 1399 3324 Cadusii
1417 3282 1537 3335 (inter
1555 3292 1658 3320 mare
1685 3276 1871 3330 Caspium
1888 3282 1930 3316 et
1949 3276 2120 3318 Pontum

1293 3337 1368 3374 sita
1383 3334 1498 3386 gens)
1523 3334 1604 3379 xiv,
1626 3336 1646 3372 1
1677 3335 1741 3384 (v.
1770 3330 1898 3370 Strab.
1916 3330 1972 3370 xi.
1988 3330 2125 3382 Steph.

1295 3395 1337 3427 et
1355 3388 1461 3427 Plin.
1482 3385 1535 3425 N.
1554 3385 1608 3424 H.
1627 3384 1680 3430 vi,
1698 3382 1772 3436 1⁷)

1246 3441 1426 3484 Caecilius
1441 3439 1494 3486 Q.
1510 3451 1631 3492 eques
1646 3436 1699 3476 R.
1717 3436 1864 3477 difficili
1883 3442 2021 3476 natura
2034 3448 2122 3483 xxv,

1302 3500 1325 3537 5
1345 3500 1575 3535 testamento
1588 3492 1750 3544 adoptat
1768 3490 1958 3536 Atticum,
1976 3489 2072 3532 ibid.
