2326 3944
743 289 801 329 v.
864 263 1174 338 emonam,
1214 285 1351 326 οΑΡ.
1387 271 1439 324 2.

182 419 369 450 sororem
414 407 593 460 curarit,
643 413 768 449 notat
812 404 1062 448 Athenaeus.

183 471 348 523 Longon.
401 471 586 524 Proprie
617 478 664 512 et
687 472 938 524 eleganter:
965 481 1062 510 nam

182 534 435 575 vocabulum
464 535 656 586 nuptiale
687 534 872 585 conditio,
903 534 960 574 de
979 545 1065 586 quo

183 596 322 637 multa
346 597 466 638 docti
496 599 575 637 viri
605 602 653 638 et
684 597 728 637 in
760 598 910 650 primis
929 597 1065 639 Juris-

180 659 385 699 consulti.
439 658 561 699 Infra
593 658 760 711 Attico,
782 660 904 700 ‘cum
936 671 1065 712 prop-

178 726 253 761 ter
283 733 400 762 suam
430 723 610 775 gratiam
640 728 686 762 et
713 724 894 764 Caesaris
914 726 1064 775 poten-

183 784 287 825 tiam
311 785 467 825 nullius
498 785 756 826 conditionis
773 797 857 825 non
887 784 1067 825 haberet

181 847 473 900 potestatem!
555 847 764 900 Apuleius
821 847 1063 900 Apologia:

181 910 193 933 ‘
214 911 352 954 Quam
391 910 680 952 conditionem
714 924 810 952 cum
848 910 1065 951 obstinate

180 973 445 1025 propositam
477 974 647 1032 videret
675 974 829 1014 mulier
863 973 1064 1026 sapiens.'

180 1035 295 1078 Ibid.
334 1037 346 1058 ‘
366 1037 440 1076 Sin
470 1037 564 1077 haec
597 1043 802 1089 reputans
834 1035 981 1077 formae
1019 1041 1066 1077 et

181 1099 426 1163 divitiarum
444 1100 584 1152 gratia
608 1112 678 1141 me
696 1101 751 1141 ad
770 1100 898 1141 aliam
917 1101 1065 1141 condi-

182 1163 340 1203 tionem
355 1163 650 1206 reservarem!
678 1165 707 1207 J
711 1164 836 1206 nstin.
849 1164 923 1206 lib.
943 1176 1006 1205 xx.
1024 1168 1065 1206 7.

181 1226 194 1248 ‘
211 1226 316 1266 Tam
345 1223 524 1278 pulchra
548 1227 739 1269 conditio
773 1227 913 1280 prima
944 1228 1066 1281 regni

181 1288 368 1331 felicitas
383 1289 640 1332 videbatur-3.
670 1289 871 1331 Gebbaffl.

238 1353 503 1405 Quoniamque
534 1353 738 1405 prohibere
781 1352 930 1405 posset]
977 1351 1066 1392 Alii

178 1413 280 1457 libri
297 1416 550 1469 quoniamque
562 1414 805 1469 prohiberet,
823 1427 979 1469 nempe
997 1416 1066 1457 Ci-

179 1489 298 1528 mon,
314 1489 369 1519 ne
382 1479 567 1519 nuberet
583 1479 747 1520 Calliae.
779 1478 867 1519 Alii
885 1479 1066 1530 quoniam

228 1542 237 1544 “
277 1540 383 1582 ibere
395 1545 539 1594 posset,
557 1554 684 1595 quam
703 1543 960 1594 scripturam
978 1554 1066 1582 ma-

295 1616 388 1646 esse
413 1609 591 1658 negant.
643 1605 847 1659 Denique
864 1605 936 1646 alii
950 1605 1066 1646 codi-

181 1678 272 1718 ces,
283 1666 532 1733 proferente
543 1668 765 1721 Lambino,
781 1668 988 1721 Elphiniee
1000 1681 1065 1709 ne-

177 1731 306 1783 gavit
322 1719 366 1772 s‘e
389 1744 595 1784 passuram
613 1731 817 1773 Miltiadis
841 1731 1067 1784 progeniem

180 1795 224 1835 in
240 1795 408 1835 vinculis
434 1794 601 1846 publicis
629 1795 807 1845 interire,
825 1794 1017 1846 quoniam
1022 1794 1067 1834 id

178 1856 383 1909 prohibere
412 1861 566 1910 posset.-
607 1869 722 1909 seque
757 1857 897 1898 Callioe
926 1860 1067 1908 nuptu-

182 1933 283 1962 ram.
335 1922 428 1972 Ego
446 1921 622 1972 vulgata
639 1921 683 1960 in
702 1921 888 1961 lectione
905 1920 1066 1961 nullam

182 1994 277 2026 esse
295 1983 593 2025 difficultatem
614 1983 755 2024 video.
785 1985 911 2024 Idem.

234 2050 346 2100 Cn.
363 2052 403 2090 2.
432 2049 618 2089 Habebat
635 2049 739 2089 enim
763 2047 864 2089 satis
893 2047 1065 2099 eloquen

178 2110 270 2169 tia]
310 2111 539 2153 Sallustius
573 2112 627 2152 de
662 2111 877 2152 Catilina.
918 2111 930 2134 ‘
950 2111 1066 2151 Satis

179 2174 456 2229 eloquentiae,
483 2169 709 2227 sapientiae
729 2185 892 2226 parum.
896 2172 910 2191 '
963 2172 1066 2213 Vid.

180 2237 239 2278 N.
272 2237 318 2278 in
349 2236 499 2277 Sidon.
530 2235 605 2277 lib.
625 2246 690 2276 lx.
719 2247 790 2288 ep.
813 2239 855 2276 9.
898 2235 1063 2276 Savaro.

181 2296 467 2341 suidas-illum
485 2299 640 2340 librum
658 2298 955 2352 ἱποσκοπικὸν,
980 2299 1062 2340 hoc

179 2367 261 2414 est,
274 2363 323 2402 de
338 2362 520 2403 curandis
536 2362 660 2414 equis,
677 2361 984 2414 conscripsisse
1003 2362 1065 2402 in·

177 2425 341 2478 signem
371 2431 420 2467 et
451 2426 688 2466 mirandum
720 2425 884 2467 scribit.
938 2424 1064 2466 Atta-

178 2500 278 2530 rnen
296 2488 604 2531 Stesimbrotus
630 2489 748 2542 apud
766 2489 1064 2541 Plutarchum,

179 2562 322 2604 neque
339 2551 546 2593 musicam
579 2564 717 2606 neque
736 2553 845 2593 ullas
865 2552 1064 2594 liberales

178 2620 295 2655 artes
341 2614 542 2656 didicisse
574 2615 694 2657 illum
729 2622 1060 2658 commemorat:

179 2675 473 2727 Στησίμβροτος
499 2675 542 2718 δὲ
572 2678 594 2718 ὁ
619 2676 764 2720 edom.-
794 2686 916 2731 φησιν
945 2679 1065 2720 αὐτὸν

179 2739 271 2779 οὔτε
283 2738 482 2791 μουσικὴν,
510 2740 590 2780 οὕι)
615 2740 722 2783 ἄλλό
747 2757 790 2782 τι
811 2740 969 2793 μάθημα
986 2745 1065 2783 τῶν

181 2800 417 2854 ἐλευθερίων,
430 2800 496 2843 καὶ
507 2804 591 2844 τοῖς
596 2801 772 2853 Ἕλλησι
791 2805 1066 2857 ἐπιχωριαζόν-

179 2878 270 2917 rw,
290 2864 571 2917 ἐκδιδαχθῆναι.
590 2866 755 2919 Lougoi.
785 2868 871 2908 Sed
888 2869 1066 2910 alterius

138 2965 149 2977 ,
180 2928 390 2981 opinionis
415 2933 516 2969 sunt
548 2929 676 2971 Plato
713 2930 759 2972 in
793 2930 983 2985 Theage‚
1020 2941 1067 2974 et

180 2990 395 3033 Aristides
411 2991 611 3044 Sophista
628 2994 672 3034 in
689 2992 885 3037 Cimone.

233 3054 438 3106 &nimam
462 3055 756 3111 liberalitatem]
782 3058 835 3100 In
855 3071 938 3113 qua
956 3070 1065 3112 prae-

179 3117 306 3171 cipue
324 3118 598 3160 Pisistratum
617 3120 808 3164 imitatus
826 3128 907 3164 est.
953 3122 1063 3163 Vide

178 3181 499 3234 Theopompum
519 3182 634 3234 apud
648 3183 809 3227 Athen.
829 3185 904 3227 lib.
919 3197 1008 3226 x11.
1024 3189 1064 3228 8.

179 3249 226 3285 et
246 3243 466 3285 Plutarch.
485 3244 530 3284 in
549 3245 742 3289 Cimone.
771 3249 973 3289 Erucius.

236 3308 337 3348 Cum
356 3307 465 3358 juris
491 3308 635 3362 civilis,
660 3314 745 3351 tum
775 3312 835 3352 rei
858 3311 1064 3364 militaris]

179 3370 564 3412 Plutarchusillum
572 3373 795 3427 Juvenem,
803 3374 1065 3427 aliquamdiu

180 3444 392 3474 armorum
410 3435 690 3487 experientias
715 3437 978 3490 imperitum,
994 3448 1065 3478 re-

181 3496 259 3538 bus
277 3496 418 3551 potius
437 3497 609 3542 urbanis
628 3499 920 3553 praecelluisse
938 3499 1064 3544 dicit.

1898 271 2006 324 473

1124 407 1243 456 Mag.
1290 396 1390 446 Cum
1399 404 1505 455 juris
1517 403 1662 457 civilis]
1686 403 1856 458 Nempe
1872 402 2008 444 Athe·

1124 468 1306 509 niensis:
1353 481 1449 508 nam
1497 467 1665 522 quoties
1712 479 1797 508 non
1836 466 2011 507 additur

1126 541 1283 571 nomen
1302 530 1425 582 cujus
1444 531 1500 571 sit
1518 530 1708 571 civitatis
1731 530 1821 582 jus,
1839 530 1932 582 ejus
1953 529 2012 571 ci·

1125 593 1274 633 vitatis
1305 592 1567 644 significatur
1587 593 1640 633 de
1661 604 1744 645 qua
1774 605 1912 633 sermo
1945 593 2009 633 in-

1128 655 1324 696 stituitur
1354 656 1390 707 §.
1409 655 1485 695 sed
1507 656 1593 707 jus.
1613 659 1653 696 2.
1685 656 1792 697 Inst.
1825 656 1880 696 de
1907 656 2010 709 jure

1127 717 1231 758 Nat.
1251 713 1308 758 G.
1327 723 1385 757 et.
1405 717 1453 758 C.
1474 722 1516 758 et
1536 723 1656 760 recte
1667 717 1758 769 juri
1776 718 1893 758 civili
1910 730 2012 771 ope-

1126 791 1218 819 ram
1238 778 1360 819 dedit
1391 792 1488 819 cum
1520 785 1646 832 turpe
1678 780 1735 819 sit
1766 780 1947 831 patricio
1965 785 2013 822 et

1127 841 1260 881 nobili
1277 841 1367 882 viro
1386 846 1432 882 et
1444 854 1617 883 caussas
1631 843 1772 883 oranti
1784 843 1857 895 jus
1869 844 1911 882 in
1928 856 2011 895 quo

1126 909 1373 945 versaretur
1409 906 1626 958 ignorare,
1662 911 1712 946 ut
1748 907 1803 948 Q.
1837 906 2010 954 Mucius

1127 967 1189 1007 ait
1209 967 1323 1019 apud
1342 968 1550 1020 Pompon.
1582 969 1664 1010 JC.
1692 968 1737 1008 in
1766 969 1796 1010 l.
1813 980 1866 1009 11.
1886 969 1922 1021 ᾧ.
1939 971 2009 1008 43.

1127 1032 1185 1072 D.
1206 1031 1261 1072 de
1280 1031 1387 1082 orig.
1403 1032 1539 1073 Juris.

1182 1095 1234 1134 In
1263 1094 1457 1146 exercitu]
1486 1095 1571 1136 Ms.
1592 1094 1740 1137 Gifan.
1761 1099 1806 1136 et
1825 1096 1934 1136 Exc.
1956 1095 2012 1137 P.

1128 1157 1340 1210 Danielis,
1357 1158 1401 1202 iu
1414 1157 1660 1199 exercitibus.

1180 1219 1363 1260 Primum
1381 1220 1593 1272 imperator
1610 1221 1872 1274 apudflumen
1892 1221 2010 1274 Stry·

1126 1282 1259 1334 mona]
1289 1285 1448 1335 Πρῶτον
1463 1282 1536 1333 μὲν
1559 1282 1693 1324 Ἠϊόνα,
1707 1284 1781 1333 τὴν
1809 1284 1872 1324 ἐπὶ
1890 1288 2012 1338 Στρυ·

1125 1345 1214 1396 μόνι
1258 1345 1400 1394 Μήδων
1436 1345 1624 1400 ἐχόντων,
1664 1350 1748 1389 &e.
1817 1349 2010 1401 Thucyd.

1127 1409 1202 1462 qui
1238 1409 1351 1450 bella
1392 1422 1472 1462 per
1509 1422 1607 1450 eum
1645 1417 1767 1463 gesta
1811 1417 2014 1453 recenset

1126 1473 1202 1514 lib.
1222 1484 1255 1514 1.
1290 1474 1406 1525 Lege
1425 1474 1734 1515 Plutarchum·
1725 1486 1768 1514 ιιι
1788 1474 1891 1524 vita,
1910 1474 2013 1514 Dio-

1126 1537 1276 1578 dorum
1295 1537 1368 1578 lib.
1383 1548 1448 1578 xl.
1485 1536 1698 1578 Herodot.
1709 1536 2011 1636 Polyhymnia,

1127 1605 1173 1641 et
1189 1600 1473 1640 Pausaniam
1462 1612 1506 1640 m
1525 1599 1698 1642 Atticis.

1107 1672 1133 1702 ι·
1185 1663 1397 1715 Thracum]
1453 1663 1591 1704 Immo
1638 1664 1889 1715 Persarum,
1934 1662 2014 1704 nisi

1128 1725 1243 1767 forte
1262 1727 1395 1768 etiam
1420 1727 1638 1768 Thraces·
1627 1740 1669 1768 m
1689 1728 1886 1769 exercitu
1906 1727 2013 1768 Per-

1128 1803 1272 1831 sarum
1289 1790 1476 1832 fuerunt.
1510 1790 1691 1832 Lambin.

1180 1852 1467 1906 Amphipolim]
1525 1853 1685 1894 Urbem
1727 1854 1773 1893 in
1816 1853 2014 1907 Thracia,

1129 1929 1226 1970 quae
1243 1916 1363 1969 prius
1384 1915 1494 1956 ἐννέα
1512 1915 1592 1956 ὁδοὶ
1605 1915 1848 1967 dicebatur,
1868 1916 1911 1956 id
1930 1923 2014 1968 est,

1126 1992 1261 2021 novem
1275 1980 1364 2020 via».
1410 1979 1680 2031 Amphipolis
1697 1984 1840 2019 autem
1861 1985 2012 2030 postea

1128 2043 1261 2095 dicta,
1279 2042 1393 2095 quod
1413 2041 1616 2094 utrinque
1645 2055 1670 2082 a
1686 2042 1913 2093 Strymone
1932 2040 2010 2082 flu-

1127 2106 1196 2147 vio
1215 2107 1464 2147 allueretur.
1493 2106 1618 2146 Idem.
1674 2105 1820 2145 Hodie
1843 2106 2013 2158 Chryso-

1122 2171 1220 2222 poli.
1261 2169 1359 2211 Vid.
1389 2169 1628 2210 Meursium
1646 2170 1849 2210 Fortunae
1874 2167 2013 2210 Attic.

1127 2247 1224 2287 cap.
1243 2237 1284 2274 6.

1181 2298 1293 2339 Idem
1306 2297 1452 2338 iterum
1463 2298 1569 2350 apud
1582 2296 1797 2350 Mycalem]
1836 2296 2014 2337 Descri-

1125 2361 1233 2417 bunt
1251 2362 1332 2402 hoc
1364 2361 1558 2413 praelium
1589 2360 1721 2401 Diod.
1751 2360 1836 2400 Sic.
1856 2371 1923 2401 11.
1942 2363 2012 2400 61.

1126 2431 1173 2467 et
1191 2427 1310 2468 Plut.
1327 2426 1504 2466 Cimone
1518 2439 1562 2479 p.
1578 2429 1674 2466 486.
1688 2431 2013 2478 memorautque

1128 2495 1176 2530 et
1193 2489 1438 2542 Thucydid.
1459 2501 1492 2529 1.
1522 2489 1649 2529 Plato
1672 2489 1718 2528 in
1737 2490 1913 2530 Menex.
1930 2489 2015 2529 Po·

1125 2551 1255 2604 lyaen.
1282 2562 1316 2591 1.
1346 2551 1540 2592 Frontin.
1570 2563 1634 2591 1v.
1659 2554 1700 2593 7.
1719 2554 1787 2591 46.
1815 2556 1862 2592 et
1894 2551 2014 2591 Mela

1127 2626 1160 2655 1.
1182 2617 1249 2654 14.
1303 2612 1391 2654 Sed
1415 2613 1459 2653 hi
1479 2625 1625 2655 omnes
1644 2613 1699 2655 ad
1719 2614 2012 2667 Eurymedon-

1127 2683 1216 2719 tem
1226 2675 1418 2726 fluvium,
1430 2677 1518 2718 sive
1532 2689 1671 2730 prope
1686 2677 1893 2729 Cyprum,
1907 2690 2014 2729 pug-

1128 2745 1273 2781 natum
1293 2739 1490 2780 scribunt
1519 2741 1783 2792 (quanquam
1815 2739 1899 2780 n'on
1927 2752 2013 2781 uno

1126 2802 1253 2843 modo
1266 2814 1357 2842 rem
1375 2801 1597 2854 narrent):
1626 2814 1769 2853 nemo,
1786 2802 1842 2843 ad
1862 2803 2012 2855 Myca-

1126 2866 1212 2905 len.
1267 2865 1326 2905 Et
1357 2869 1476 2906 certe
1512 2864 1602 2906 sive
1633 2865 1840 2918 Mycalen
1871 2865 2011 2907 Cariae

1125 2927 1294 2978 urbem,
1321 2927 1445 2980 cujus
1475 2926 1720 2980 Stephanus
1749 2928 1805 2968 de
1830 2928 2010 2971 urbibus

1123 2991 1343 3041 meminit3
1369 2990 1459 3032 sive
1474 2995 1662 3032 montem
1678 2995 1752 3032 aut
1763 2998 2009 3044 promonto-

1125 3053 1251 3105 rium,
1269 3053 1349 3095 sub
1369 3065 1454 3107 quo
1474 3054 1620 3095 Persoe
1639 3055 1791 3095 eodem
1819 3054 1910 3107 die,
1925 3066 2010 3107 quo

1126 3116 1182 3159 ad
1211 3116 1417 3168 Plataeas,
1443 3116 1546 3158 victi
1567 3122 1693 3167 sunt;
1722 3128 1797 3156 seu
1826 3116 2011 3171 denique

1125 3178 1309 3220 insulam
1339 3178 1385 3218 iu
1417 3191 1493 3219 ora
1523 3179 1659 3220 Ioniae
1691 3178 1836 3218 Plinio
1868 3178 1928 3221 H.
1950 3170 2010 3223 N.

1124 3255 1167 3285 v.
1177 3247 1244 3286 31.
1258 3250 1554 3295 memoratam,
1572 3243 1804 3296 intelligas,
1816 3242 2010 3287 fieri'non

1125 3307 1282 3361 potuit,
1310 3313 1360 3348 ut
1390 3307 1539 3348 classis
1571 3306 1759 3358 Persica,
1778 3318 1889 3359 quae,
1907 3307 2011 3349 Dio·

1125 3372 1232 3412 doro
1251 3376 1297 3411 et
1317 3370 1552 3411 Plutarcho
1572 3369 1768 3422 testibus,
1796 3369 1851 3411 ad
1871 3371 2011 3423 Eury-

1123 3434 1370 3476 medontem
1414 3432 1642 3474 stationem
1686 3433 1854 3485 habuit,
1895 3433 2011 3486 apud

1125 3498 1328 3553 Mycalen
1345 3496 1678 3549 devinceretur3
1704 3496 1842 3539 multo
1867 3495 2008 3540 minus
