2306 3900
764 262 984 302 RERUM
1033 262 1107 300 ET
1155 262 1517 302 vaBORUM.

243 383 404 437 imperio
413 383 578 437 phalanx
588 391 668 423 erat
679 383 959 433 Macedbnum,
979 388 1074 427 ibid.

1851 252 2027 307 lxxii

1191 387 1349 442 Boecl.)
1378 389 1466 435 vi‚'1

243 441 296 478 ob
314 451 401 478 eam
415 451 493 477 rem
522 438 726 491 imperium
746 440 805 478 his
821 442 1077 493 abrogabatur
1137 441 1370 493 Imprudens
1400 440 1662 495 (inscium-vi,
1692 444 1733 482 4.
1765 442 1843 490 xiv,
1868 446 1909 484 4.
1928 441 2017 482 Ita:

242 491 320 542 (de
337 492 499 544 imperio
518 493 662 532 ducum
692 492 938 546 bellicorum)
966 509 1029 542 xv,
1050 501 1074 536 7

245 546 397 597 imperii
414 545 580 598 diligens
609 545 662 593 ix,
682 549 704 586 l
733 547 816 597 (Sic
831 546 874 585 in
891 547 1074 601 quibusd.

244 599 311 638 ed.
327 613 339 638 z
359 612 432 638 nos
446 612 535 638 vero
553 599 747 639 edidimus
766 607 778 623 ¹
793 600 1004 653 imperator
1014 603 1074 641 di-

243 652 417 704 ligeus’).
434 666 512 706 quo
530 653 691 707 imperio
710 654 913 707 plerasque
929 655 1075 695 insulas

244 707 296 744 ad
314 706 483 746 officium
500 706 626 746 redire
642 707 777 758 coe‘git
802 708 831 755 i,
847 713 874 750 7
909 709 1075 749 multum

245 760 287 798 in
311 760 480 811 imperiis
509 761 874 814 magistratibusque
903 770 1074 802 versatus

244 812 299 863 (si
317 813 489 866 genuina
504 821 565 853 est
582 813 721 867 lectio)
761 816 790 862 i,
805 820 831 856 8
870 816 1074 868 imperium

244 867 318 920 (de
337 867 520 919 praefecto
538 868 750 922 custodiae)
777 869 885 917 xviii,
900 873 947 911 11

189 920 397 973 Imperitus
414 921 508 960 belli
536 935 600 969 xv,
616 926 640 962 7

188 975 378 1027 Imperite
393 974 540 1028 aliquid
557 976 687 1016 facere
714 990 779 1023 xx,
791 980 816 1017 3

189 1028 462 1080 Impersonalis
491 1029 637 1069 locutio
666 1042 736 1082 pro
766 1031 986 1083 personali:
1016 1044 1072 1082 re·

212 1096 215 1099 ·
243 1082 370 1120 ditum
382 1091 455 1128 est,
475 1095 560 1134 pro,
574 1083 771 1122 redierunt
798 1098 861 1132 xv,
877 1089 904 1126 S

189 1134 382 1187 Impertiri
411 1136 530 1176 debet
548 1137 607 1176 his
629 1137 816 1177 doctrinis
834 1144 929 1178 aetas
946 1139 1075 1191 pueri·

244 1188 292 1228 lis
309 1188 528 1242 (impendi)
573 1204 662 1238 xxv,
681 1195 703 1231 1
752 1191 1000 1246 (περίφρασις
1016 1200 1076 1232 est

245 1242 404 1294 puerilis
421 1243 652 1295 disciplinas.
691 1245 757 1284 Sic
773 1246 900 1286 Tacit.
917 1246 969 1286 A.
996 1247 1074 1294 xiv,

247 1299 314 1343 16,
344 1300 369 1336 3
408 1302 419 1320 ¹
437 1297 639 1349 sapientiae
667 1299 891 1340 doctoribus
921 1306 1074 1352 tempus

244 1349 501 1402 impertiebat'
526 1350 602 1391 ὅτε.
628 1352 707 1399 xxi,
721 1357 748 1394 6
776 1360 788 1376 ‘
808 1366 919 1394 aures
935 1355 1075 1394 studiis

215 1419 218 1433 τ
242 1403 416 1443 honestis
433 1404 664 1458 impertire’)

189 1456 390 1509 Impetus:
419 1471 467 1497 eo
485 1459 634 1509 impetu
659 1465 785 1498 totum
801 1460 948 1500 bellum
965 1462 1073 1501 dele-

242 1511 302 1550 vit
317 1510 390 1564 (de
402 1513 605 1564 repentina
615 1514 867 1565 oppressione
881 1515 1073 1567 hostium)

242 1564 311 1612 vii,
331 1568 358 1604 8
419 1566 589 1619 impetus
631 1567 801 1606 hostium
853 1567 1074 1623 (incursus)

241 1619 310 1666 xii,
332 1623 354 1659 1
400 1619 445 1658 it.
486 1620 537 1659 de
568 1621 691 1659 hostis
710 1622 880 1673 urgentis
899 1621 938 1661 vi
975 1623 1027 1669 xi,
1047 1627 1073 1664 2

242 1672 433 1724 impetum
449 1673 575 1713 facere
601 1674 935 1728 (impressionem)
979 1677 1075 1724 xvii,

245 1729 270 1767 3
299 1727 340 1765 in
358 1727 528 1780 aliquem
555 1728 634 1774 ιίν,
649 1732 676 1769 9
704 1728 850 1782 impetu
873 1730 995 1782 primo
1014 1744 1074 1770 re-

242 1779 422 1820 sistentes
438 1781 550 1832 pellit
576 1780 653 1827 x‘iv,
670 1787 697 1823 6
738 1782 742 1785 ’

189 1833 361 1886 Impiger
390 1834 494 1888 (scil.
526 1835 567 1873 in
594 1835 762 1888 negotiis
792 1837 1074 1891 suscipiendis)

244 1887 326 1935 xiii,
343 1892 365 1929 1

189 1941 341 1995 Impius
358 1942 431 1996 (de
448 1942 665 1998 fratricida)
695 1958 768 1993 xx,
780 1949 810 1986 1·

187 1994 447 2048 Implacabile
467 1997 601 2037 odium
637 1999 717 2046 xiv,
737 2004 765 2040 9
795 1998 1070 2054 (ἆκατάλλακ-

238 2064 324 2090 τον.
349 2050 461 2090 Livio
488 2055 555 2093 25.
584 2059 625 2092 et
643 2053 729 2094 Cic.
744 2054 794 2093 de
810 2053 955 2108 Arusp.
969 2068 1071 2108 resp.

195 2118 219 2130 -·
243 2103 507 2156 ‘inexpiabile
524 2105 705 2159 bellum’)
888 2140 896 2148 .

190 2156 387 2209 Implicari
414 2160 456 2198 in
474 2161 647 2199 morbum
692 2174 733 2207 v,
752 2162 791 2201 3.
814 2160 893 2200 xvii
910 2166 936 2201 8
981 2161 1070 2215 (Li-

239 2212 340 2258 vius,
395 2212 614 2260 Lucretius,
662 2214 810 2267 aliique
863 2215 1068 2255 dixerunt:

241 2267 378 2305 morbo
413 2266 637 2320 implicari).
680 2267 892 2320 implicitus
918 2269 1070 2322 magnis

198 2340 202 2341 ν
218 2325 220 2327 ’
241 2318 356 2358 rebus
373 2319 444 2374 (ex
461 2320 691 2360 difficultate
707 2328 923 2373 coeptorum
945 2323 987 2362 in
1004 2336 1072 2362 va-

241 2373 316 2413 rias
353 2375 578 2427 emergendi
612 2375 811 2428 angustias
846 2375 1071 2430 conjectus)

243 2427 296 2474 iv,
320 2429 348 2468 4
393 2427 614 2480 implicatus
654 2435 819 2482 utraque
863 2430 1073 2484 tyrannide

198 2503 201 2506 >
242 2479 525 2542 Dionysiorum
573 2482 911 2536 (necessitudinis.
929 2497 983 2523 sc.
1032 2491 1073 2523 et

241 2533 451 2574 familiarit-
468 2534 638 2588 ratione)
665 2549 705 2582 x,
726 2540 748 2575 1

190 2586 397 2640 Imponere
412 2588 613 2628 custodem
633 2588 674 2627 in
692 2588 812 2628 hortis
829 2588 976 2629 fructus
996 2603 1074 2631 ser·

243 2642 362 2681 vandi
377 2643 499 2695 gratia
517 2646 605 2694 -v,4
631 2642 831 2696 imponere
859 2642 978 2683 alicui
1006 2657 1074 2684 va·

242 2695 459 2736 dimonium
497 2696 545 2750 (i.
580 2709 616 2736 e.
649 2697 918 2737 necessitatem
955 2699 1074 2738 vades

244 2750 388 2804 dandi)
414 2764 479 2798 xx,
499 2755 523 2790 5
554 2750 775 2803 impositum
796 2750 916 2791 telum
935 2751 1076 2806 (infos-

245 2816 346 2852 sum,
378 2810 432 2852 et,
460 2810 506 2843 ut
521 2803 639 2857 paulo
665 2811 756 2844 ante
774 2805 959 2858 loquitur,
977 2807 1074 2846 ‘ob-

245 2858 403 2905 rutum,'
429 2871 485 2899 sc.
520 2857 638 2910 terra)
677 2859 755 2906 xiv,
783 2863 833 2900 11
875 2860 927 2898 im
983 2873 1074 2900 nere

245 2911 360 2951 alicui
378 2911 516 2966 (verba
532 2913 639 2959 dare,
653 2912 786 2952 fucum
801 2913 927 2953 facere
967 2914 1075 2961 xviii,

243 2970 269 3006 ⁵
289 2964 377 3019 (Sic
393 2965 533 3007 Cicero
550 2967 600 3006 ad
620 2966 674 3013 Q.
687 2966 750 3006 Fr.
764 2970 805 3007 2.
817 2972 830 2990 ‘
843 2967 908 3007 cui
921 2968 1076 3021 egregie

245 3019 432 3072 imposuit
450 3020 553 3059 Milo
570 3020 730 3060 noster.’
758 3021 895 3060 Lamb.
936 3021 1008 3061 Est
1037 3035 1074 3061 a.

247 3073 396 3113 locutio
426 3072 614 3126 elliptica,
650 3073 692 3114 in
724 3087 804 3136 qua
845 3074 1075 3115 Buchnerus

245 3126 363 3166 Thea.
377 3140 417 3166 v·
433 3126 560 3166 Pono.
578 3134 840 3168 accusativum
859 3135 871 3154 ⁶
884 3129 1075 3168 fraudem'

247 3180 507 3219 subaudiend.
536 3186 677 3232 putat;
703 3181 882 3222 Sanctius
918 3188 933 3206 ⁴
952 3182 1076 3222 clitel-

248 3234 334 3281 las,'
352 3232 465 3285 cujus
490 3233 710 3277 Minervam
737 3234 829 3275 vide
857 3249 949 3289 pag.
981 3240 1076 3276 291.

247 3287 410 3327 Vossius
428 3288 478 3327 de
506 3287 728 3328 Construct.
751 3300 839 3340 cap.
862 3292 931 3329 23.
976 3289 1076 3328 arbi-

247 3343 418 3381 trabatur
446 3346 458 3364 ‘
487 3340 615 3388 onus,'
654 3341 718 3380 vel
747 3346 758 3363 ‘
776 3341 931 3381 ridiculi
960 3342 1076 3395 quip-

233 3395 368 3447 -piam'
386 3394 472 3436 κατ’
494 3393 668 3447 ἔλλειψιν
685 3393 946 3447 subtractum)

195 3449 396 3500 Inpotens
430 3449 646 3489 dominatio
680 3447 751 3496 (de
787 3447 1078 3501 intemperantis

245 3500 403 3555 ‚imperii
427 3503 634 3544 insolentia
662 3509 703 3543 et
728 3503 849 3543 abusu
877 3502 1078 3555 potestatis

1191 496 1258 534 illo
1278 496 1426 535 sciente
1444 508 1495 534 an
1518 496 1765 548 imprudente
1791 498 1842 536 sit
1857 497 2019 543 factum,

1191 549 1398 588 addubitat
1423 550 1474 596 ix,
1494 554 1518 588 5
1556 551 1840 600 imprudentem
1867 551 2021 590 hostem

1192 601 1408 654 opprimere
1448 602 1543 654 (nec
1580 603 1827 656 opinantem)
1855 604 1962 651 xviii,
1993 609 2019 645 8

1189 656 1475 708 imprudentem
1506 668 1626 708 parva
1653 669 1770 696 manu
1803 658 2020 710 opprimere

1190 709 1268 756 xiv,
1282 714 1307 749 4
1320 709 1437 761 (opp.
1452 723 1462 747 t
1484 715 1658 762 paratum
1674 722 1815 762 magno
1833 713 2019 758 exercitu.

1191 762 1310 815 ibid.)
1326 764 1556 814 imparatum
1574 763 1937 817 imprudentemque
1948 765 2020 805 ali-

1189 828 1305 868 quem
1323 816 1523 856 offendere
1549 817 1641 864 xvii,
1660 820 1687 858 2

1137 869 1406 922 Imprudentia
1417 877 1622 922 praetorum
1640 883 1705 917 xv,
1718 874 1743 911 7
1761 870 2022 924 imprudentia

1191 922 1348 964 alterius
1362 937 1403 963 se
1417 936 1562 963 arrnare
1578 924 1636 975 (v.
1656 922 1786 976 Arm.)
1813 939 1851 971 x,
1872 929 1898 965 8

1138 976 1372 1029 Impugnare
1404 978 1508 1030 prior
1535 977 1660 1016 voluit
1676 978 1748 1031 (de
1773 979 1935 1031 singulis
1952 979 2021 1032 qui

1191 1031 1300 1070 alteri
1323 1031 1443 1070 ictum
1469 1031 1609 1070 inferre
1641 1032 1783 1083 priores
1810 1033 2021 1084 conantur)

1189 1085 1272 1131 viii,
1305 1088 1349 1125 2.
1374 1085 1602 1137 impugnare
1643 1085 1815 1137 aliquem
1850 1084 2022 1140 (advers.

1190 1138 1284 1190 aliq.
1300 1140 1494 1191 pugnare)
1520 1152 1584 1185 xv,
1605 1142 1657 1179 10
1996 1190 1999 1193 ¹

1136 1190 1314 1244 Impulsu
1346 1205 1628 1246 perpaucorum
1656 1205 1783 1232 arcem
1814 1194 2022 1246 occupavit

1192 1246 1270 1293 xvi,
1288 1249 1310 1286 1

1136 1297 1185 1336 In
1218 1299 1329 1352 (cum
1359 1298 1630 1352 accusativo):
1675 1300 1942 1341 admirandum
1979 1302 2020 1340 in

1188 1354 1350 1392 modum
1384 1354 1538 1404 patiens
1578 1367 1643 1399 xv,
1662 1357 1687 1394 3
1729 1354 1930 1394 bellumin
1948 1355 2022 1394 ali·

1190 1419 1306 1458 quem
1333 1419 1466 1458 gerere
1489 1407 1693 1458 (adversus
1709 1407 1900 1460 aliquem)
1928 1408 1980 1455 vi,
1996 1413 2020 1449 l

1189 1460 1231 1498 in
1250 1460 1372 1499 filium
1395 1459 1582 1500 saevitiam
1606 1473 1716 1499 suam
1739 1461 1913 1501 exercuit
1938 1475 1978 1509 x,
1995 1467 2022 1503 6

1188 1514 1355 1553 fundum
1389 1513 1432 1552 in
1462 1514 1566 1554 diem
1610 1527 1738 1554 emere
1777 1529 1867 1566 xxy,
1898 1518 1926 1556 9
1965 1517 2024 1569 (v.

1190 1566 1325 1620 Dies).
1353 1568 1506 1607 dolores
1528 1574 1755 1608 accrescunt
1773 1569 1812 1607 in
1827 1569 1912 1608 dies
1943 1559 2022 1623 (sc.

1189 1621 1386 1674 singulos)
1414 1635 1509 1668 xxv,
1535 1626 1586 1662 21
1616 1622 1658 1660 in
1676 1621 1852 1675 singulos
1869 1635 2021 1663 menses

1191 1688 1282 1721 xxv,
1315 1679 1366 1716 13
1407 1674 1457 1714 In
1480 1675 1590 1728 (cum
1609 1674 1800 1727 ablativo)
1823 1692 1832 1715 :
1862 1676 1905 1715 in
1922 1682 2023 1716 terra

1151 1753 1153 1755 ·
1191 1729 1376 1770 dimicare
1419 1729 1462 1776 ii,
1482 1733 1506 1770 3
1553 1729 1637 1781 pari
1662 1729 1818 1768 fortuna
1850 1729 1892 1768 in
1924 1736 2023 1770 terra

1191 1795 1285 1822 usus
1301 1789 1362 1822 est
1386 1795 1426 1829 V,
1444 1787 1471 1823 2
1509 1783 1552 1821 in
1570 1783 1672 1823 bello
1691 1789 1732 1822 et
1748 1783 1791 1822 in
1808 1795 1908 1836 pace
1931 1797 2022 1823 eum

1191 1837 1509 1876 desideraverunt
1546 1850 1587 1884 v,
1613 1841 1639 1877 4
1677 1837 1718 1876 in
1742 1836 1842 1876 Istro
1861 1837 2022 1878 flumine

1191 1896 1353 1942 pontem
1385 1890 1482 1930 fecit
1506 1891 1536 1937 i,
1561 1894 1587 1931 3
1638 1903 1756 1943 quem
1780 1897 1942 1944 pontem
1980 1892 2024 1931 in

1191 1944 1453 1997 Hellesponto
1480 1943 1628 1984 fecerat
1663 1944 1706 1991 ii,
1725 1949 1749 1984 6
1795 1945 1838 1984 in
1857 1946 2023 1997 epistola

1192 1998 1363 2051 aliquem
1392 1997 1615 2038 collaudare
1652 1998 1706 2046 iv,
1737 2002 1764 2039 2
1804 2011 1894 2039 cum
1925 1999 1962 2039 ei
1980 2000 2022 2038 in

1191 2053 1453 2106 suspicionem
1483 2051 1667 2098 venisset,
1709 2051 1858 2104 aliquid
1896 2052 1938 2091 in
1974 2065 2026 2093 ea

1191 2106 1359 2158 epistola
1372 2106 1424 2145 de
1439 2119 1481 2146 se
1493 2106 1770 2158 essescriptum
1794 2106 1889 2153 iv,4
1914 2113 2025 2146 erant

1188 2159 1230 2198 in
1247 2161 1386 2200 eadem
1404 2160 1586 2212 epistola,
1605 2171 1694 2212 quae
1713 2160 1764 2198 ad
1783 2172 1832 2199 ea
1849 2160 2018 2212 pertine-

1187 2214 1297 2261 bant,
1322 2213 1398 2254 &c.
1433 2214 1530 2253 ibid.
1572 2214 1614 2252 in
1633 2226 1698 2252 ara
1713 2214 1932 2262 considere,
1962 2226 2023 2254 se·

1186 2267 1295 2314 dere,
1317 2268 1414 2307 ibid.
1455 2267 1497 2306 in
1516 2267 1611 2307 urbe
1628 2266 1907 2320 comprehendi
1925 2268 1979 2315 iv,
1997 2274 2023 2309 6

1187 2320 1229 2360 in
1259 2322 1398 2362 itinere
1425 2321 1586 2360 insidias
1614 2322 1688 2360 sibi
1707 2321 1791 2361 fieri
1817 2322 2022 2370 intellexit,

1188 2374 1284 2414 ibid.
1325 2388 1415 2415 cum
1425 2374 1509 2427 jam
1529 2375 1570 2414 in
1589 2388 1637 2415 eo
1652 2381 1768 2422 esset,
1786 2381 1831 2414 ut
1846 2388 2023 2429 compre·

1188 2429 1437 2475 henderetur,
1465 2429 1562 2468 ibid.
1590 2429 1650 2482 (v.
1666 2428 1795 2482 Esse).
1841 2428 1890 2468 In
1922 2442 2022 2481 prae·

1190 2483 1316 2522 sentia
1328 2483 1399 2536 (eo
1424 2483 1620 2534 tempore)
1638 2482 1682 2529 ii,
1715 2486 1755 2522 8.
1775 2482 1842 2528 vii,
1875 2487 1927 2523 10
1958 2483 2023 2536 (et

1189 2535 1232 2573 in
1272 2536 1373 2575 Mss.
1399 2535 1510 2583 xxiii,
1539 2539 1579 2575 6.
1619 2547 1659 2574 v.
1694 2534 1943 2590 Praesentia).
1979 2536 2023 2575 in

1191 2589 1373 2640 praesenti
1392 2588 1470 2640 (sc.
1489 2587 1684 2641 tempore)
1711 2588 1778 2636 vii,
1792 2593 1833 2630 4.
1849 2602 1941 2636 xxv,
1970 2592 2023 2630 12

1188 2644 1248 2695 (v.
1273 2643 1481 2694 Praesens).
1514 2642 1556 2682 iu
1576 2642 1742 2695 pueritia
1759 2643 1902 2682 nobilis
1923 2642 2024 2682 fere-

1191 2697 1306 2737 batur
1329 2696 1448 2750 (puer
1477 2710 1567 2736 cum
1599 2696 1726 2748 esset)
1754 2710 1843 2744 xm,
1878 2700 1901 2737 1
1931 2696 2021 2737 Sic:

1192 2751 1298 2803 quod
1338 2751 1380 2790 in
1429 2756 1631 2790 senectute
1665 2751 1848 2790 adversus
1885 2750 2026 2803 populi

1191 2806 1398 2844 commoda
1409 2811 1568 2844 steterat
1595 2805 1675 2851 xix,
1692 2808 1718 2845 4
1746 2804 1912 2844 intanta
1926 2817 2025 2856 pau-

1191 2864 1343 2909 pertate
1373 2859 1554 2906 decessit,
1588 2864 1631 2897 ut
1647 2858 1722 2898 διο.
1754 2860 1853 2912 (tam
1872 2870 2025 2910 pauper

1191 2911 1289 2965 ὅτε.)
1318 2913 1374 2959 iii,
1395 2916 1420 2953 3
1466 2913 1555 2952 Sic:
1603 2912 1644 2951 in
1676 2925 1825 2951 summa
1856 2925 2024 2966 pauper-

1190 2971 1272 3005 tate
1319 2972 1518 3019 paternam
1560 2967 1658 3006 tueri
1702 2966 1864 3020 gloriam
1893 2966 1970 3012 xix,
1998 2970 2021 3006 1

1191 3019 1281 3060 Sic:
1309 3033 1438 3074 neque
1469 3021 1511 3059 in
1541 3020 1716 3060 sestertio
1746 3021 1863 3060 vicies
1887 3032 2023 3072 parum

1192 3086 1234 3113 se
1249 3074 1455 3126 splendide
1479 3072 1612 3126 gessit,
1642 3087 1771 3126 neque
1790 3074 1829 3112 in
1846 3073 2024 3112 sestertio

1192 3130 1339 3168 centies
1368 3128 1588 3168 affluentius
1618 3126 1713 3166 vixit
1758 3140 1846 3172 xxv,
1875 3129 1925 3166 14
1972 3138 2024 3165 ne

1192 3193 1271 3232 qua
1301 3182 1343 3220 in
1374 3194 1414 3221 re
1434 3180 1525 3233 jure
1556 3179 1787 3232 plecteretur
1815 3179 1921 3219 cavit
1949 3178 2023 3234 (ne

1193 3246 1310 3286 quam
1335 3236 1386 3274 ob
1415 3234 1516 3286 rem)
1544 3246 1634 3280 xxv,
1665 3237 1713 3273 11
1757 3232 1848 3273 Sic:
1887 3233 2024 3286 inquo

1193 3300 1282 3327 cum
1300 3289 1642 3339 reprehenderetur
1666 3299 1729 3334 ιν,
1751 3290 1802 3328 10
1838 3287 1881 3327 in
1899 3300 1947 3327 eo
1966 3301 2026 3327 re·

1194 3341 1407 3392 prehensus
1426 3347 1486 3380 est
1512 3341 1565 3386 iv,
1584 3344 1604 3382 1
1626 3341 1760 3393 quain
1781 3353 1823 3380 re
1840 3340 2025 3394 dignitati

1194 3400 1235 3432 et
1265 3393 1536 3457 tranquillitati
1560 3394 1750 3434 serviebat
1786 3407 1875 3441 τιν,
1907 3398 1934 3435 6
1981 3395 2022 3433 in

1193 3460 1272 3499 quo
1305 3447 1451 3487 divitiis
1473 3448 1623 3487 ornavit
1646 3447 1907 3489 Athenienses
1935 3448 1975 3492 ii.
1996 3452 2023 3488 2

1193 3501 1233 3541 in
1247 3514 1295 3542 eo
1313 3502 1501 3556 consequi
1519 3515 1559 3544 se
1579 3503 1742 3543 multum
1757 3503 1911 3543 dicebat
1931 3501 2023 3549 xvii,
