2306 3900
708 318 866 360 XXV.

186 453 302 481 mana
335 444 560 490 generatus.
616 438 849 479 Lambinus
884 451 987 479 vero
1020 438 1070 478 τὸ

186 509 395 556 generatus
405 502 748 555 expungendum,
765 502 1071 553 reponendum-

188 582 271 623 que
290 574 434 611 censet
449 579 672 619 generosus.
727 566 881 606 Bosius
901 566 1070 606 divisim

189 635 295 686 legit
309 645 451 685 genere
463 636 594 672 natus.
610 632 736 683 Casp.
754 630 960 670 Bartbius
980 629 1070 670 Ad-

184 710 294 738 vers.
311 697 385 737 lib.
404 707 520 736 xan.
540 698 607 735 29.
644 694 749 746 legit
765 693 816 734 ab
834 694 991 744 origine
1008 692 1069 732 ul·

185 762 284 801 tima
300 760 438 812 stirpis
466 760 518 799 R.
535 762 760 810 generatus,
792 758 981 811 illudque
1015 757 1069 798 R.

184 829 311 876 putat
329 822 568 875 significare
596 821 751 872 Regiae.
805 821 966 861 Verum
994 820 1069 860 hos

183 899 330 927 omnes
360 885 711 938 interpunctione
738 884 946 936 deceptos
975 895 1068 924 esse

182 949 366 990 affirmat
398 949 615 1000 schottus,
641 960 776 1002 eaque
803 948 958 988 omissa
974 948 1067 987 vul·

184 1017 328 1064 gatam
348 1017 510 1052 vtuetur
540 1011 802 1050 lectionem:
832 1022 871 1063 q.
892 1009 934 1050 d.
977 1010 1067 1050 Ne-

182 1089 276 1129 pos,
307 1075 478 1128 genitus
523 1087 598 1115 sen
634 1073 838 1114 oriundus
869 1085 895 1114 a
927 1073 1066 1125 prima

180 1141 408 1181 nobilitate
440 1140 648 1180 Romana.
703 1139 812 1179 Haec
845 1138 1067 1189 Schottns,

181 1204 334 1257 quibus
359 1209 501 1243 tamen
528 1214 609 1242 non
630 1202 842 1254 persuasit
871 1202 935 1243 Cl.
958 1202 1064 1243 Rut-
1114 1215 1123 1232 ⁴

181 1267 339 1320 gersio,
375 1272 424 1308 nt
460 1266 649 1319 opinioni
683 1266 774 1318 ejns
817 1265 1063 1317 accederet,

181 1330 283 1383 quin
318 1330 480 1380 mallet,
511 1328 559 1369 ab
587 1329 740 1380 origine
769 1329 909 1368 ultimo
926 1329 1064 1380 stirpis

179 1394 320 1434 Roma.»
348 1397 574 1444 generatus,
606 1393 675 1432 vel
713 1391 889 1431 Romano
918 1404 1063 1443 genere

177 1464 308 1511 natus,
320 1465 370 1499 ut
389 1456 551 1498 referat
563 1456 617 1496 ad
637 1457 837 1506 Numam,
857 1455 931 1496 lib.
948 1467 997 1496 11.
1019 1459 1067 1498 8.·

178 1520 346 1563 Variar.
377 1522 500 1562 Lect.
533 1519 760 1561 Sallustius
787 1518 861 1558 lib.
882 1530 914 1559 1.
944 1518 1060 1560 Hist.

177 1588 190 1609 ‘
211 1586 321 1626 Cato
348 1585 528 1626 Romani
564 1582 734 1636 generis
757 1581 1060 1622 disertissimus

177 1651 314 1690 multa
332 1649 478 1702 paucis
504 1645 716 1689 absolvit!
770 1645 940 1698 Nuperi
959 1646 1062 1686 Edi-

178 1720 294 1755 tores
313 1714 610 1766 conjecturam
638 1709 758 1750 Bosii
787 1722 872 1750 non
893 1716 979 1750 tam
999 1709 1060 1750 fa·

177 1777 259 1818 cile
277 1778 323 1817 in
341 1775 516 1816 codices
541 1786 567 1813 a
583 1785 629 1814 se
649 1778 907 1825 propagatos
925 1773 1060 1814 admi-

176 1840 280 1880 sisse
315 1837 548 1879 debebant.
590 1836 715 1876 Gebh.
770 1835 911 1875 Miror
944 1836 1059 1876 viros

177 1900 488 1943 oculatissimus
519 1900 564 1939 in
594 1910 643 1938 re
679 1903 766 1938 tam
802 1898 920 1938 clara
951 1898 1061 1940 adeo

177 1966 429 2017 caecntiisse,
457 1964 541 2004 alio
561 1963 800 2015 praesertim
818 1973 904 2002 non
920 1962 1059 2002 minus

179 2030 310 2070 docto
321 2028 460 2070 facem
479 2025 756 2081 praeferente.
810 2025 1058 2067 Delendum

175 2092 343 2133 scilicet
376 2090 426 2131 τὸ
458 2094 682 2142 generatus,
717 2089 855 2140 inepti
897 2088 1058 2129 librarii

175 2163 479 2207 commentum,
497 2155 608 2195 utin
637 2153 723 2194 suis
749 2152 804 2193 ad
822 2152 1058 2193 Ausonium

178 2221 291 2261 notis
308 2221 472 2261 Tollius
489 2217 666 2259 monuit.

230 2285 464 2336 Equestrem
489 2281 660 2322 obtinuit
694 2278 951 2331 dignitatem]
1003 2279 1056 2319 Ε-

174 2351 364 2400 questrem
382 2346 558 2386 ordinem
574 2357 685 2384 suum
712 2349 839 2385 vocat
870 2343 942 2385 lib.
971 2355 1056 2383 vu.

174 2411 300 2464 epist.
322 2414 361 2451 l.
393 2408 508 2461 apud
542 2407 810 2448 Ciceronem.
866 2406 963 2446 Hoc
982 2406 1057 2447 ho-

173 2486 278 2516 nore
294 2478 538 2525 contentus,
553 2471 815 2512 senatorium
831 2482 916 2511 non
930 2469 1057 2512 affec-

173 2538 297 2579 tavit.
351 2536 464 2577 Vide
511 2534 638 2576 infra.
678 2534 875 2575 Schottus.
930 2535 1058 2575 Prior

172 2601 363 2653 dignitas
390 2598 660 2640 adimebatur
688 2598 972 2650 posteriorem
992 2611 1057 2639 re-

172 2663 433 2705 cusantibus.
461 2660 708 2702 Suetonius.

229 2728 302 2778 Ee,
319 2731 362 2767 ut
381 2731 466 2766 tum
482 2729 596 2765 erant
615 2728 800 2775 tempora,
826 2723 924 2776 diti]
955 2725 1058 2765 For·

173 2791 289 2831 mula
316 2788 499 2842 antiquis
517 2787 675 2828 usitata
692 2792 739 2827 et
757 2788 942 2839 elegans.
987 2789 1058 2830 Ci-

173 2866 274 2895 cero
290 2853 332 2892 in
340 2854 484 2893 Bruto
500 2864 511 2891 ι
541 2851 554 2873 ‘
570 2850 777 2891 Decimus
789 2850 948 2890 Brutus
962 2857 1058 2892 erat

173 2930 270 2957 cum
290 2916 427 2957 literis
454 2913 635 2963 Latinis,
668 2917 759 2953 tum
789 2914 916 2953 etiam
936 2913 1057 2955 (ἂι-ω.

172 2980 248 3031 cis,
263 2987 312 3020 ut
327 2977 593 3030 temporibus
613 2975 713 3026 illis,
728 2975 949 3017 eruditus.'
970 2978 1056 3018 Ex·

175 3043 317 3094 empla
337 3041 492 3094 passim
512 3039 653 3080 obvia.
687 3038 839 3079 Schott.

227 3105 418 3145 Celeriter
446 3101 657 3155 acciperet]
705 3102 812 3143 Cum
849 3103 1056 3145 vocabulo

173 3171 352 3212 celeriter
398 3169 558 3209 rectius
595 3168 793 3220 congruit
840 3169 1056 3221 arriperet.-

173 3234 310 3287 magis
329 3233 442 3273 enim
463 3231 663 3271 Latinum
683 3237 764 3278 est,
796 3238 845 3272 ut
860 3233 940 3272 hoc
960 3233 1057 3273 loco

173 3310 224 3338 ex
243 3297 452 3338 Cicerone
472 3298 595 3334 notat
616 3294 669 3333 P.
690 3293 928 3335 Manutius.
962 3295 1057 3348 Sig-

171 3361 322 3402 nificat
337 3364 495 3411 antem‚
509 3355 663 3407 cupide
678 3356 897 3407 amplecti.
918 3357 1056 3397 Schot-

173 3427 250 3464 ωε.
308 3422 497 3463 Celeriter
515 3417 727 3471 acciperet]
755 3418 874 3458 Nihil
890 3424 1055 3460 mutan-

176 3486 290 3526 dum.
342 3485 458 3526 Hinc
494 3484 662 3534 ‘capax
700 3481 945 3533 ingenium?
992 3483 1055 3525 M.

174 3548 332 3606 Tullius
360 3549 525 3590 Catone
558 3546 755 3599 Majore:
799 3545 813 3568 ⁴
834 3545 966 3587 Pueri
987 3557 1055 3588 res

932 321 1237 372 A‘rrlcUM,
1278 320 1411 360 cAP.
1448 309 1500 361 2.

1134 451 1206 479 eas
1238 451 1321 480 non
1344 445 1432 480 tum
1453 439 1636 492 primum
1656 438 1853 491 accipere
1872 439 2020 479 viden-

1132 502 1231 542 tun-‚³
1265 502 1469 542 Gebhard.

1186 566 1436 606 Excellenter
1486 567 1780 619 pronunciaret]
1857 564 1978 606 Infra
2005 580 2016 605 ε

1131 632 1144 653 ⁸
1164 631 1303 671 Tanta
1324 632 1513 671 suavitas
1542 637 1639 671 erat
1674 630 1882 671 sermonis
1902 630 2019 670 Lati-

1131 692 1192 744 ni,
1209 699 1258 732 ut
1276 699 1523 745 appareret,
1543 694 1586 734 in
1608 706 1659 734 eo
1675 695 1865 734 nativum
1885 706 2018 746 quen-

1131 755 1228 796 dam
1279 757 1473 808 leporem
1511 768 1622 803 esse,
1657 768 1741 796 non
1790 757 2025 797 adscitum..

1132 821 1254 861 Idem
1275 820 1476 873 poemata
1491 821 1800 872 pronunciabat
1819 826 1866 861 et
1895 821 2020 861 Grae-

1133 895 1184 925 ce
1205 890 1248 924 et
1280 885 1453 935 Latine,
1473 885 1535 924 sic
1568 890 1616 924 ut
1643 897 1774 936 supra
1792 884 1897 924 nibil
1922 897 2018 936 pos-

1132 946 1229 987 set.’
1284 947 1365 987 Cui
1396 947 1547 987 virtuti
1581 953 1785 1000 quantum
1823 946 2017 987 tribuant

1130 1009 1362 1061 Rhetores,
1392 1010 1434 1049 in
1475 1011 1627 1062 vulgus
1661 1015 1824 1063 notum,
1863 1013 1931 1051 cui
1969 1016 2017 1051 et

1129 1075 1288 1127 primas
1307 1081 1353 1115 et
1372 1076 1582 1116 secundas
1601 1081 1645 1116 et
1665 1076 1818 1116 tertias
1836 1076 2015 1117 Demos-

1129 1139 1278 1180 thenes
1305 1140 1537 1183 tribuebat.
1595 1141 1794 1182 Sekottus.

1179 1205 1325 1245 Lucius
1361 1205 1596 1258 Torquatus]
1645 1204 1732 1245 Hic
1751 1206 1802 1245 L.
1822 1205 2017 1259 Manlius

1125 1266 1365 1320 Torquatus
1385 1268 1700 1320 appellabatur,
1721 1268 1822 1321 tinia
1838 1268 2012 1308 Manliae

1127 1331 1266 1382 gentis
1297 1332 1457 1372 Consul
1489 1331 1575 1373 fuit
1616 1344 1711 1373 cum
1744 1333 1793 1373 L.
1831 1331 2013 1372 Aurelio

1126 1393 1271 1444 cotta,
1303 1393 1473 1434 biennio
1504 1399 1604 1434 ante
1639 1394 1921 1434 Consulatum
1942 1394 2013 1435 Ci-

1125 1455 1306 1504 ceronis,
1320 1467 1431 1496 anno
1450 1455 1504 1496 ab
1521 1457 1575 1497 U.
1592 1456 1641 1496 C.
1659 1459 1756 1496 687.
1787 1457 1928 1497 Ernst.

1182 1519 1229 1559 C.
1247 1519 1421 1570 Marius,
1440 1519 1635 1572 (Lfih'usJ
1662 1521 1740 1560 Est
1773 1531 1875 1560 sane
1901 1521 2012 1561 auti-

1124 1585 1218 1637 quis
1236 1585 1387 1625 modus
1418 1584 1640 1638 loquendi,
1657 1585 1732 1637 qui
1751 1583 2014 1624 Ursino-eti·

1124 1658 1193 1688 am
1244 1648 1464 1701 probatur.
1534 1648 1756 1688 Manutius
1803 1647 1923 1699 legit,
1961 1648 2014 1688 C.

1124 1712 1254 1752 Marii
1252 1713 1384 1766 filius.
1412 1712 1623 1753 Ernstius.
1650 1710 1781 1763 Apud
1796 1710 2011 1750 Velleium

1124 1781 1205 1828 est,
1223 1777 1353 1818 Caius
1372 1776 1538 1817 Marius
1558 1776 1651 1816 Caii
1671 1775 1867 1817 Consulis
1882 1774 2010 1816 filius.

1123 1840 1250 1882 Solus
1283 1841 1509 1894 Appianas
1541 1839 1687 1880 fratris
1714 1839 1848 1880 filium
1868 1844 2011 1880 vocat.

1123 1906 1325 1949 Kenchen.

1179 1973 1290 2012 CAP.
1308 1973 1349 2010 2.
1380 1970 1430 2010 Ρ.
1450 1967 1638 2021 Sulpicii]
1658 1967 1773 2008 Clari
1791 1967 2008 2008 Oratoris.

1125 2038 1266 2077 Ernst.

1179 2098 1260 2145 Qui
1279 2096 1474 2138 Tribunus
1488 2095 1546 2146 pl.
1558 2093 1790 2143 interfectus
1805 2095 1882 2147 est]
1918 2094 2008 2135 An-

1121 2177 1176 2204 no
1213 2162 1321 2203 Urb.
1342 2160 1479 2202 Cond.
1500 2162 1595 2199 665.
1617 2164 1663 2198 et
1697 2158 1788 2199 Cic.
1822 2169 1921 2199 xix.
1954 2160 2007 2199 L.

1122 2229 1253 2268 Corn.
1278 2225 1396 2277 Sylla
1416 2229 1462 2263 et
1482 2223 1538 2264 Q.
1574 2222 1725 2274 Pomp.
1744 2221 1859 2262 Rufo
1883 2222 2007 2262 Coss.

1119 2303 1251 2345 quum
1271 2293 1449 2329 auctore
1480 2285 1623 2326 Mario
1655 2286 1917 2338 perniciosas
1945 2286 2006 2325 le-

1120 2367 1196 2408 ges
1215 2352 1344 2407 (quas
1363 2362 1442 2404 per
1457 2350 1542 2390 vim
1561 2349 1667 2389 latas
1685 2348 1804 2401 Sylla
1817 2348 2010 2400 dicebat,

1120 2421 1169 2455 ut
1197 2421 1265 2455 est
1298 2413 1490 2465 Philipp.
1518 2410 1644 2463 vm.)
1678 2413 2006 2464 promulgasset,

1121 2492 1171 2520 ac
1190 2477 1392 2531 Pompeii
1409 2475 1602 2518 Consulis
1618 2474 1770 2526 filium,
1782 2476 1915 2528 Syllae,
1933 2487 2007 2527 ge.

1121 2555 1288 2593 nerum,
1302 2540 1533 2582 occidisset
1549 2553 1575 2589 ;-
1594 2538 1665 2591 qui
1690 2551 1788 2578 cum
1809 2540 2005 2578 exercitu

1120 2607 1163 2646 in
1183 2606 1331 2646 urbem
1365 2603 1497 2654 venit,
1514 2615 1568 2643 ex
1598 2613 1733 2654 eaque
1764 2602 1938 2653 Sulpitii
1958 2609 2006 2642 et

1120 2669 1246 2712 Marii
1278 2667 1509 2707 factionem
1538 2664 1720 2717 expulit.
1778 2664 1840 2703 Ut
1858 2675 1911 2703 ex
1933 2664 2005 2703 Li-

1121 2735 1191 2774 vio
1209 2733 1285 2774 lib.
1306 2742 1481 2772 Lxxvn.
1515 2729 1692 2782 aliisque
1715 2734 1837 2769 notat
1859 2728 2007 2769 Fabri·

1119 2798 1223 2838 cius.
1277 2796 1383 2835 Tum
1426 2793 1547 2845 Sylla
1583 2791 1635 2832 P.
1669 2791 1902 2844 Sulpitium
1930 2803 2005 2843 op.

1121 2858 1294 2913 pressit,
1328 2856 1454 2909 eique
1474 2853 1588 2894 ferro
1621 2859 1774 2905 erepta
1803 2854 1891 2894 vita
1917 2861 2003 2895 est.

1120 2923 1274 2963 Cicero
1287 2918 1544 2960 Catilin.1u.
1560 2922 1605 2957 et
1616 2917 1687 2957 De
1704 2915 1825 2957 Orat.
1844 2916 1918 2956 lib.
1929 2927 2003 2956 m.

1124 2983 1325 3024 Ernstius.

1177 3047 1357 3088 Cinnano
1374 3042 1563 3095 tumultu]
1590 3041 1716 3083 Anno
1734 3042 1788 3084 U.
1809 3042 1859 3083 C.
1877 3046 1974 3083 666.

1173 3109 1332 3151 Studiis
1348 3107 1575 3159 obsequendi
1591 3105 1693 3156 suis]
1738 3106 1789 3146 Id
1810 3112 1892 3157 est,
1913 3118 2003 3146 ser·

1121 3172 1278 3214 viendi.
1332 3172 1445 3212 Nam
1464 3176 1511 3211 et
1529 3169 1684 3210 Cicero
1714 3169 1727 3190 ‘
1746 3168 1936 3221 obsequi’
1955 3175 2003 3211 et

1119 3237 1131 3258 ‘
1150 3236 1312 3277 servire
1331 3232 1578 3275 valetudini’
1599 3232 1724 3271 dixit.
1755 3232 1997 3274 Manutius.-

1171 3297 1349 3339 Athenas
1374 3308 1416 3336 se
1446 3293 1629 3345 contulit]
1677 3293 1764 3335 Ubi
1797 3295 2003 3337 nobilissi-

1118 3372 1234 3400 mum
1284 3359 1402 3399 orbis
1445 3364 1654 3397 terrarum
1706 3356 2002 3411 Gymnasium.

1119 3424 1287 3463 Cicero.
1341 3422 1438 3463 Quo
1469 3419 1752 3462 mittebantur
1783 3432 1838 3461 ex
1866 3425 2001 3463 omni-

1118 3484 1199 3525 bus
1218 3483 1335 3528 orbis
1367 3482 1562 3536 partibus
1595 3494 1736 3535 reges,
1768 3495 2000 3537 regumque

1117 3548 1209 3591 filii.
1265 3547 1393 3590 Unde
1422 3547 1496 3589 illa
1514 3547 1686 3589 nomina
1703 3548 1830 3601 plena
1849 3548 2003 3601 laudis,
