2306 3900
338 230 448 294 495

327 405 334 417 ,
380 367 486 408 Non
503 368 686 409 adversm
704 367 898 421 patriam]
927 368 1063 409 Immo
1082 368 1217 409 Lace-

334 427 568 471 daemonios
586 432 771 483 impulit,
793 430 1132 475 Atheniensibus
1137 431 1216 474 ad·

334 504 461 533 verso
497 494 647 545 praelio
686 494 885 547 turbatis,
914 495 1026 536 ultro
1055 494 1215 537 bellum

332 554 495 596 inferre
514 556 697 610 (Justin.
729 570 771 599 v.
802 558 862 612 1.)
890 559 963 612 qui
981 570 1062 599 non
1081 559 1214 610 magis

274 643 282 649 »
334 618 516 660 Athenis
549 621 653 674 ipsis
691 635 816 675 quam
854 623 1020 664 civibus
1067 636 1214 668 earnm

335 683 589 733 parcebant.
645 686 715 727 Sic
729 686 930 739 injuriam
945 687 1040 740 sibi,
1058 687 1123 728 uti
1143 699 1216 739 pa-

329 744 473 797 tebat,
503 747 666 788 illatam
699 748 846 790 alienis
882 749 1022 800 annis,
1054 761 1214 802 suoque

326 807 466 855 ⁴ductu
483 810 744 852 vindicatum
765 812 860 853 ivit.
888 812 1052 852 Loccen.

364 902 367 905 «
386 871 586 913 Deceliam
604 873 647 913 in
663 874 801 915 Attica
817 874 1055 926 munierunt]
1075 913 1082 918 ,
1101 874 1212 915 Nam

331 946 386 975 eo
418 942 546 987 pacto
578 935 910 978 Atheniensibus
936 936 1099 980 reditus
1118 949 1214 977 cum

335 1009 360 1038 e
380 999 554 1051 regione
577 1005 677 1042 ⁴tum
711 1011 768 1040 ex
793 999 1118 1052 argentifodinis
1143 1000 1212 1045 ‚in-

335 1061 640 1114 tercipiebant.
702 1062 899 1114 Polyaen.
929 1063 1002 1103 lib.
1035 1074 1066 1106 1.
1099 1061 1215 1104 Δεκέ-

330 1131 442 1165 λειαν
460 1125 592 1165 αὐτοῖς
609 1125 846 1177 ἐπιτειχίσαι
875 1126 945 1166 οὐκ
958 1126 1006 1167 ἂν
1020 1125 1079 1168 ἔτι
1091 1126 1214 1178 ,σχόν-

330 1202 422 1236 των,
441 1188 532 1229 οὔτε
548 1188 621 1230 τὰς
637 1189 715 1229 ἀπὸ
744 1192 818 1238 τῆς
834 1190 964 1242 χώρας
988 1190 1213 1243 προσόδους,

329 1250 420 1290 οὔτε
443 1250 515 1292 τὰς
544 1251 620 1292 ἀπὸ
644 1254 724 1292 τῶν
745 1252 947 1305 ἀργυρίων.
977 1255 1213 1301 Enarrator

329 1314 552 1366 Aristoph.
595 1315 782 1364 Φοβηθεὶς
811 1314 1059 1365 Ἀλκιβιάδης
1092 1332 1212 1366 μετα-

323 1379 450 1430 χωρεῖ
465 1377 558 1431 πρὸς
576 1379 906 1432 Λακεδαιμονίους,
935 1379 1000 1421 οὒς
1013 1380 1079 1421 καὶ
1091 1380 1212 1422 πείθει

325 1440 539 1489 Ἀθηναίοις
567 1442 817 1494 ἐπιτειχίζειν
847 1442 1073 1485 Δεκέλειαν*
1109 1444 1143 1493 ἥ
1167 1444 1210 1485 δὲ

326 1502 518 1544 Δεκέλεια
535 1504 645 1557 χώρα
670 1506 712 1546 ἐν
728 1506 902 1559 Ἀττικῇ,
926 1503 974 1553 ἧς
1005 1506 1210 1557 τειχισθεί-

327 1580 401 1616 am
428 1566 553 1619 μέγας
571 1571 592 1608 ὁ
609 1568 778 1610 κίνδυνος
795 1570 1006 1618 Ἀθηναίοις
1026 1570 1081 1620 μὴ
1099 1573 1210 1611 δυνα-

318 1629 452 1680 μένοις
486 1632 665 1682 ἐξελθεῖν.
695 1633 895 1673 Gebhard.
950 1634 1075 1685 Lege
1101 1647 1208 1686 prae-

325 1701 395 1735 ter
415 1695 518 1736 alios
537 1695 775 1736 Isocratem
794 1697 834 1735 in
852 1696 977 1736 Orat.
991 1696 1046 1736 de
1068 1697 1206 1747 Pace;

321 1758 583 1804 Plutarchus
602 1758 734 1799 tradit
758 1758 1027 1800 Alcibiadem
1048 1759 1207 1807 statim,

319 1825 375 1868 ‘ut
389 1821 700 1862 Lacedaemona
717 1822 852 1872 venit,
878 1821 961 1862 tria
981 1819 1205 1863 effecisse:

323 1884 522 1936 primum,
540 1890 587 1926 ut
600 1885 805 1937 Spartani
816 1885 1096 1936 Syracusanis
1108 1897 1208 1926 aux-

321 1947 565 1990 iliarentur.
619 1947 836 1999 Alterum,
859 1953 908 1988 ut
926 1948 1085 1989 bellum
1104 1949 1205 1989 inde

323 2012 367 2052 in
387 2010 668 2053 Athenienses
684 2010 981 2053 transferrent.
999 2012 1207 2072 Tertium,
1235 2068 1237 2070 -

324 2074 437 2128 quod
455 2076 636 2122 omnium
653 2074 1013 2127 gloriosissimum,
1042 2081 1092 2116 ut
1117 2077 1206 2115 De-

324 2140 476 2180 celiam
513 2139 744 2189 munirent,
772 2142 1069 2191 perpetuoque
1101 2151 1206 2190 prae-

315 2202 430 2248 sidio
450 2202 535 2242 illic
565 2201 722 2253 posito,
759 2199 980 2241 obsidione
1011 2199 1204 2242 Athenas

327 2270 537 2306 tenerent.

376 2328 636 2379 Averterunt]
695 2328 848 2368 Cicero
897 2339 977 2379 pro
1021 2328 1200 2369 Sextio:

320 2391 333 2413 ‘
350 2390 436 2434 Qui
453 2396 636 2430 mentem
659 2390 811 2442 optimi
829 2390 909 2431 viri
936 2389 1048 2431 fictis
1069 2395 1204 2432 terro-

320 2454 441 2495 ribus
456 2467 481 2494 a
499 2453 750 2494 defensione
777 2465 899 2494 meae-
911 2454 1061 2494 salutis
1081 2467 1202 2495 aver-

324 2517 499 2559 terant!

318 2606 321 2609 -
375 2581 486 2627 CAP
492 2585 544 2620 5
594 2581 699 2620 Nam
716 2592 830 2632 quum
852 2555 1054 2631 acerrimi]
1083 2549 1202 2622 Alias

320 2642 410 2683 odii
428 2649 473 2684 et
491 2643 654 2684 timoris
672 2656 822 2684 causas
841 2644 939 2684 vide
960 2644 1076 2696 apud
1101 2645 1200 2684 Plu-

318 2706 454 2747 tarch.
476 2712 522 2747 et
553 2706 745 2759 Thucyd.
774 2718 877 2747 vm.
925 2706 1051 2746 Adde
1068 2706 1200 2748 Justi-

322 2781 423 2810 num
443 2782 487 2811 v.
506 2773 545 2810 2.

366 2833 506 2884 Itaque
521 2836 670 2884 tempus
681 2831 763 2882 qius
773 2832 1052 2886 interficiendi]
1066 2832 1202 2884 Ἴσχυ-

318 2908 394 2934 σαν
425 2893 507 2945 οὖν,
543 2895 608 2934 καὶ
644 2894 894 2946 διεπράξαπο
926 2893 1019 2935 τοὺς
1055 2895 1203 2936 οἴκοθεν

319 2957 514 3009 ἄρχοντας
546 2958 763 2997 ἐπιστεῖλαι
797 2956 890 3007 πρὸς
910 2957 1069 3006 Ἰωνίαν,
1101 2957 1203 2999 ὅπως

317 3020 595 3062 ἀποκτείνωσιν
612 3019 741 3060 αὐτόν.
764 3021 881 3060 Plut.
918 3021 1100 3071 Tempus]
1117 3022 1202 3061 Oc·

318 3084 533 3125 casionem
554 3090 600 3124 et
630 3084 1007 3135 opportunitatem.
1065 3084 1201 3124 Anni·

314 3145 404 3194 bal.
433 3150 446 3170 ‘
462 3147 675 3198 Tempore
691 3145 794 3186 dato
821 3145 929 3185 adiit
954 3147 1006 3184 ad
1030 3147 1202 3197 regem!

316 3208 439 3248 Infra
471 3210 550 3249 hac
587 3209 683 3260 ipsa
720 3209 840 3248 vita:
890 3209 1102 3260 ‘Tempus
1138 3210 1200 3249 rei

319 3273 518 3323 gerendae
539 3284 624 3311 non
644 3270 832 3311 dimisit!

375 3335 479 3374 Erat
498 3335 601 3374 enim
619 3347 664 3374 ea
681 3333 915 3385 sagacitate]
944 3332 1086 3374 Aliter
1103 3335 1131 3376 J
1136 3347 1199 3375 us·

319 3396 400 3438 tiu.
447 3399 519 3451 qui
566 3411 644 3450 per
673 3411 848 3439 uxorem
885 3397 1037 3450 Agidis
1070 3400 1200 3451 regis,

317 3472 446 3514 qnam
479 3460 691 3512 adulterio
724 3466 1002 3515 cognoverat,
1028 3462 1199 3513 ideum

722 247 902 289 No'rAE
939 246 1275 289 VARIORUM
1315 249 1383 290 ΙΝ
1423 248 1777 291 0.NE1²0'1*18

1278 369 1501 411 rescivisse
1516 370 1590 412 ait.

1337 432 1646 485 Tissaphernem,
1675 431 1915 483 Proefectum
1941 433 2156 484 regi-⁴12³·

1275 495 1348 548 ria]
1374 494 1621 550 Τισσαφέρνη
1646 496 1718 536 τοῦ
1748 493 1943 542 βασιλέως
1974 495 2156 553 θανῇ-ῃ

1270 557 1365 599 ,δοὺς
1391 558 1541 601 ἑαυτόν.
1572 561 1687 602 Plut.
1741 559 1840 601 Vid.
1855 561 2066 614 Bernegg.
2079 572 2156 609 pn·

1277 625 1343 662 tas
1363 622 1418 662 ad
1438 623 1597 681 Justin.
1618 633 1663 663 v.
1683 627 1725 665 2.

1333 685 1453 734 Cuius
1487 698 1604 738 quum
1642 688 1687 727 in
1718 686 1901 728 intimum
1937 686 2155 728 amicum

1271 748 1527 799 pervenisset}
1553 749 1724 790 Morum
1750 749 1980 790 similitudo
1998 761 2060 792 sc.
2078 741 2154 792 eos

1276 810 1525 862 conjunxit:
1570 812 1717 864 itaque
1753 812 1824 865 (ut
1859 817 2007 852 narrat
2051 811 2156 853 Plu-

1275 873 1471 924 tarchus)
1497 872 1616 915 Εὐθὺς
1653 873 1702 922 ἣν
1740 875 1829 927 παρ’
1863 875 1969 926 αὐτᾷ
2003 877 2154 929 πρῶτος

1274 935 1339 976 καὶ
1355 934 1569 987 μέγιστος..
1583 937 1624 978 N
1629 940 1697 980 am
1715 942 1812 977 enm
1842 938 2152 992 Tissaphernes

1275 1005 1388 1042 esset
1419 1002 1653 1042 malitiosus
1685 1006 1729 1041 et
1764 1011 1905 1041 rernm
1940 1001 2152 1054 inproba-

1273 1072 1367 1105 rum
1398 1064 1533 1105 amori
1561 1063 1750 1116 deditus,
1791 1073 1932 1104 mores
1967 1062 2155 1105 Alcibia-

1274 1126 1340 1166 dis
1359 1127 1597 1176 versatiles,
1615 1132 1662 1166 et
1679 1125 1817 1166 varios
1843 1130 1896 1166 et
1918 1125 2152 1179 inaequabi'-

1273 1189 1355 1240 les,
1385 1195 1434 1230 et
1467 1190 1721 1242 singularem
1745 1187 1907 1240 ingenii
1933 1188 2152 1232 solertiam

1274 1253 1578 1294 admirabatur.
1605 1251 1784 1293 Lambin-
1832 1250 1965 1292 Adde
1988 1251 2150 1294 sustin.

1273 1327 1317 1357 V.
1336 1320 1376 1356 2.

1330 1381 1446 1431 Opes.
1454 1379 1668 1431 senescere]
1685 1377 1823 1419 Minui
1848 1389 1898 1419 ac
1917 1376 2151 1420 debilitari.

1271 1442 1405 1484 Diod.
1422 1443 1533 1483 dixit
1550 1442 1602 1483 τὰ
1618 1445 1695 1483 τῶν
1710 1440 1919 1490 Ἀθηναίων
1936 1439 2151 1494 πράγματα

1270 1505 1457 1547 πεσόντα.
1481 1542 1487 1548 .
1514 1507 1668 1547 Cicero
1704 1506 1814 1546 dixit
1853 1506 1865 1528 ‘
1885 1505 2054 1545 landem
2085 1517 2150 1545 se-

1270 1569 1549 1620 nescentem‚'
1569 1582 1662 1622 quae
1693 1569 1916 1609 decrescat
1941 1568 2010 1608 vel
2029 1566 2151 1608 obso-

1270 1633 1409 1673 lescat
1422 1632 1479 1675 de
1491 1632 1617 1674 Orat.
1637 1634 1648 1654 ‘
1666 1631 1854 1673 Laudem
1869 1630 2046 1683 alicujus
2055 1630 2150 1682 jam

1269 1707 1406 1746 prope
1426 1701 1717 1736 senescentem
1751 1694 1805 1734 ab
1835 1693 2048 1734 oblivione
2074 1693 2150 1733 ho-

1269 1757 1431 1798 minum
1445 1757 1677 1808 revocare)
1699 1758 1790 1798 Liv.
1808 1757 1880 1797 lib.
1899 1767 2045 1796 xxxv.
2072 1757 2085 1780 ⁴
2099 1761 2150 1797 nt

1269 1822 1512 1863 cunctando
1525 1825 1798 1862 senescerent
1809 1818 2014 1868 consilia?
2045 1818 2150 1859 Geb-

1267 1885 1382 1926 hard.
1437 1885 1547 1926 Vide
1566 1884 1761 1936 Thucyd.
1781 1894 1862 1923 vn.
1881 1886 1927 1922 et
1941 1892 2046 1922 vm.

1325 1949 1424 1988 Cum
1457 1949 1653 1989 Pisandro
1684 1945 1869 1999 proetore]
1918 1942 2152 1997 nswdaspos

1267 2010 1458 2051 Diodoro
1492 2021 1591 2052 xlv.
1628 2016 1699 2051 est
1736 2007 1958 2062 περιάρχος,
1988 2013 2040 2057 ut
2076 2009 2149 2050 alii

1266 2079 1486 2123 notarunt,
1501 2074 1718 2115 mendose.
1745 2074 1948 2124 Bongm.

1319 2138 1383 2178 Ab
1418 2138 1488 2178 hoc
1520 2136 1748 2188 destitutus]
1774 2135 1910 2177 Immo
1942 2147 1968 2176 a
1996 2134 2147 2176 Pisau-

1267 2198 1345 2240 dro
1362 2199 1576 2252 adjutum,
1608 2204 1758 2239 auctor
1774 2203 1842 2238 est
1859 2197 2148 2251 Thucydides.

1266 2263 1423 2304 Placet
1436 2263 1582 2315 itaque
1599 2274 1801 2314 germana
1820 2262 1993 2304 Codicis
2010 2264 2147 2310 nostri

1267 2326 1396 2367 lectio
1416 2338 1427 2365 :
1449 2325 1584 2366 Adhoc
1601 2325 1835 2371 destitutus,-
1856 2337 1948 2377 pro,
1966 2330 2146 2376 preater-

1266 2404 1316 2432 ea
1333 2392 1388 2432 ab
1422 2392 1566 2432 amicis
1603 2391 1815 2431 desertus.
1869 2391 2007 2431 Adime
2030 2391 2145 2437 euim

1265 2467 1344 2507 pro
1374 2455 1513 2494 adhuc
1531 2464 1759 2505 usurpasse
1778 2458 1962 2501 veteres,
1983 2453 2036 2493 ad
2056 2451 2145 2493 Au-

1264 2517 1343 2558 rel.
1375 2517 1596 2557 Victorem
1627 2514 1891 2564 notabamus,
1922 2521 1969 2556 et
1987 2515 2043 2556 ad
2059 2515 2145 2556 Lu·

1265 2586 1372 2622 eret.
1410 2579 1621 2621 Gifanius.
1658 2578 1808 2619 Seme.
1859 2578 2041 2626 Vocula,
2061 2578 2145 2619 hac

1264 2645 1307 2686 in
1345 2641 1676 2694 eofsignificatu
1713 2653 1796 2680 non
1833 2642 1967 2682 semel
2006 2640 2144 2681 utitur

1264 2708 1407 2748 Tacit.
1423 2706 1537 2747 Anu.
1553 2717 1584 2745 1.
1602 2709 1642 2745 6.
1674 2706 1686 2728 ‘
1703 2704 1835 2745 Multi
1848 2703 1984 2745 adhoc
1997 2715 2145 2744 nume-

1265 2772 1301 2811 ri
1339 2783 1363 2812 e
1398 2769 1657 2811 Germania)
1711 2767 1827 2807 Anu.
1856 2767 1932 2807 lib.
1959 2777 2045 2807 ιιι.
2074 2769 2144 2808 20.

1261 2836 1273 2857 ‘
1294 2834 1463 2886 Suscipi
1495 2833 1650 2873 bellum
1668 2831 1765 2871 avio
1784 2830 1952 2880 itinere,
1986 2830 2143 2881 impor-

1266 2903 1389 2938 tuoso
1420 2895 1557 2936 mari:
1606 2893 1742 2934 adhoc
1785 2903 1907 2944 reges
1943 2889 2144 2932 feroces?

1269 2959 1470 2999 Gebhard.

1318 3022 1403 3061 Per
1425 3019 1701 3071 Thrasybulum
1717 3017 1977 3071 Lycifilium]
2019 2996 2143 3070 Iches'

1264 3083 1423 3123 diserte
1437 3083 1693 3122 membranae
1713 3093 1874 3122 omnes.
1931 3081 2016 3124 Qui
2034 3081 2143 3123 Dio-

1265 3146 1368 3185 doro
1379 3158 1428 3185 ac
1437 3147 1471 3185 ’1
1472 3144 1673 3196 hucydidi
1685 3142 1875 3196 Στειριεὺς
1889 3151 1968 3186 est.
1987 3131 2140 3186 Seme.

1263 3208 1405 3248 Homo
1416 3209 1544 3260 juxta
1563 3207 1844 3249 Plutarchum
1865 3206 2142 3260 μεγαλοφωνό-

1257 3285 1576 3389 ''agga-filium]
1587 3328 1824 3386 'Excerpta
1840 3333 1975 3386 Lycei,
2004 3333 2143 3386 ἀρχαῖ-

1262 3402 1350 3441 κῶς.
1404 3402 1463 3440 Et
1494 3399 1558 3439 sic
1588 3399 1630 3438 in
1667 3398 1839 3448 optimis
1873 3397 1981 3436 Mss.
2025 3396 2141 3437 Nam

1261 3463 1381 3515 Lycei
1406 3475 1486 3515 pro
1512 3461 1611 3514 Lyci
1641 3459 1802 3522 dictum
1826 3456 2002 3520 διαλύσει
2020 3462 2141 3506 vete·
