2306 3900
782 250 1003 291 RERUM
1049 252 1125 290 ur
1167 252 1534 298 VERBQRUM.
1990 241 2031 293 li

259 372 328 411 sed
348 371 540 412 hortatum
558 385 643 412 esse
661 372 711 412 ad
738 373 912 425 pacem).
944 374 1087 414 ducere

258 431 411 478 tempus
441 439 558 478 quam
590 425 810 486 longissime
864 429 1086 467 cunctando

258 479 478 532 extrahere)
505 478 547 526 ii,
563 483 588 520 ⁷
634 480 712 532 (ita
737 478 823 520 Cic.
841 427 1012 519 (Verrin.
1047 485 1086 521 3.

257 532 352 572 Tac.
383 532 435 572 A.
464 533 507 580 ii,
540 536 609 580 34,
636 538 676 573 6.
719 533 862 573 Caesari
894 537 931 573 1.
962 534 1012 572 Β.
1034 534 1085 574 G.

258 591 319 625 est
330 590 342 609 ‘
357 586 461 626 diem
480 600 527 626 ex
541 586 606 625 die
622 586 997 640 trahere.’Loccen.)
1013 589 1086 626 du-

258 651 345 679 cere
362 652 522 680 uxorem
549 653 612 687 xv,
631 645 657 680 5

205 691 313 733 Duci
343 693 529 732 adversus
547 693 717 746 aliquem
746 693 825 747 (sc.
857 693 1086 744 militatum)

258 744 368 794 xviii,
385 749 410 786 3
456 745 550 787 duci
567 747 643 800 (sc.
678 760 768 787 cum
806 747 998 799 praesidio.
1031 747 1087 787 sic

259 798 365 852 vulg.
392 799 485 839 edd.
512 801 583 840 sed
602 813 674 840 nos
688 799 903 840 edidimus:
920 801 1086 854 deduci)

258 866 325 900 xv,
342 856 369 894 4
397 853 488 894 duci
507 854 558 893 ad
574 860 734 894 mortem
754 854 832 900 xix,
847 858 873 896 4
901 855 992 895 duci
1007 867 1087 894 non

259 905 383 959 magis
417 919 563 955 amore,
605 921 723 960 quam
756 920 861 947 more
902 908 1088 962 (impelli,

261 959 431 1014 moveri)
446 974 486 1008 v,
503 965 525 1001 1
543 962 603 1016 (v.
618 974 734 1013 supra
751 960 906 1015 Amor).
925 961 1088 1002 caritate

258 1013 396 1066 patriai
422 1013 491 1062 vii,
507 1020 532 1055 5
575 1016 704 1054 studio
723 1015 980 1068 philosophiae
1010 1014 1091 1068 (te-

260 1068 365 1121 neri)
391 1081 482 1116 xxV,
501 1072 553 1109 12
597 1067 820 1121 suspicione
855 1069 952 1109 falsa
979 1083 1018 1117 x,
1040 1073 1091 1110 10

261 1121 435 1161 omnium
463 1121 650 1174 opinione
664 1123 848 1162 victorem
863 1121 1005 1176 (credi,
1024 1136 1092 1162 ex-

259 1173 442 1228 istimari)
469 1175 561 1223 xvii,
580 1179 605 1216 3
650 1189 766 1228 poena
782 1176 944 1228 dignum
989 1175 1046 1223 iii,
1067 1180 1089 1216 1

262 1227 356 1268 duci
372 1228 611 1269 continentis
627 1230 759 1276 debet,
789 1243 869 1268 non
900 1230 1094 1281 intempe-

262 1288 391 1344 ranter
400 1283 674 1336 concupiscere
702 1297 790 1330 xxv,
811 1286 861 1324 13
890 1283 950 1336 (v.
969 1282 1093 1336 Ellip-

209 1334 365 1450 Diiglzssr
394 1389 544 1442 legatus
572 1389 764 1444 (fortassis
790 1390 971 1443 princeps
988 1390 1094 1443 lega·

265 1440 405 1494 tionis)
432 1457 496 1490 xv,
515 1446 543 1483 6
861 1471 863 1473 »

210 1494 367 1536 Ductus
386 1495 526 1550 (opera
556 1494 599 1535 in
627 1497 798 1548 gerendo
821 1496 1093 1536 administran-

264 1551 396 1602 doque
431 1549 585 1603 bello):
622 1549 702 1598 Sic,
730 1550 937 1590 Pausaniae
970 1552 1092 1591 ductu

263 1603 426 1644 Barbari
442 1605 548 1658 apud
567 1603 735 1643 Plataeas
753 1604 874 1644 deleti
903 1610 995 1644 sunt
1038 1604 1094 1651 iv,

267 1661 290 1698 l
347 1670 483 1698 uorum
502 1659 623 1697 ductu
641 1670 700 1696 res
719 1659 819 1697 male
851 1664 971 1708 gestae
1015 1658 1095 1704 xiV,

266 1715 291 1752 5
343 1711 476 1752 differt
492 1712 633 1751 ductus
651 1711 700 1750 ab
719 1710 916 1764 auspiciis,
946 1711 1096 1764 quippe

264 1766 442 1858 222?st
463 1778 660 1859 13:¹31}ss
678 1764 1096 1872 Ϋέζηὲῗῖῗὲἴιζὲἒὲἶ

267 1877 343 1920 tur,
358 1848 425 1912 ub’i
442 1872 547 1912 idem
565 1878 700 1912 auctor
717 1880 917 1924 actorque.
958 1872 1096 1912 Boecl.

266 1939 306 1965 v.
338 1926 512 1966 Brisson.
547 1926 660 1966 form.
692 1930 732 1968 4.
760 1926 853 1966 add.
886 1925 1022 1966 Boecl.
1043 1927 1095 1966 de

267 1980 415 2032 auspic.
433 1994 513 2033 reg.
540 1980 569 2028 i,
589 1979 662 2034 11)

215 2033 383 2096 Dulcius
399 2033 497 2074 nihil
516 2040 646 2086 potest
672 2046 757 2074 esse
788 2033 849 2073 his
884 2032 990 2074 libris
1023 2031 1099 2086 (sc.

215 2086 569 2195 Dfflgffigzessv:
587 2091 897 2194 leffpectandum,
930 2139 1024 2178 dum
1061 2151 1102 2178 se

270 2195 358 2248 ipsa
382 2208 441 2236 res
460 2194 627 2247 aperiret
670 2195 724 2242 iv,
742 2197 768 2234 3
814 2193 893 2247 (ita
910 2205 1016 2245 saepe
1034 2192 1103 2232 Ci-

271 2248 392 2300 cero).
411 2248 519 2288 Dum
537 2247 608 2302 (de
626 2261 666 2287 re
686 2246 915 2301 praesenti):
934 2247 1027 2285 dum
1045 2259 1105 2285 res

272 2303 544 2349 conficeretur,
574 2302 712 2354 procul
743 2301 784 2339 in
817 2299 999 2353 praesidio
1030 2299 1106 2338 fuit

272 2370 338 2405 xx,
359 2361 380 2397 1
430 2355 655 2409 (Terentius
692 2353 878 2394 dixisset:
925 2353 1107 2392 ‘interea

272 2411 368 2450 dum
385 2423 444 2450 res
461 2408 744 2456 conficeretur‚’
778 2407 854 2455 vel,
891 2412 902 2430 ‘
917 2407 1012 2446 dum
1048 2419 1107 2446 res

212 2499 216 2502 .
273 2464 543 2508 conficeretur,
561 2463 710 2502 interea
728 2461 892 2514 procul,'
910 2459 1009 2513 &c.)

220 2517 438 2570 Duplicare
472 2516 631 2554 modum
668 2516 790 2554 hastae
828 2514 973 2567 (duplo
1028 2513 1108 2552 fere

275 2570 469 2622 longiores
501 2569 630 2608 facere
673 2569 818 2614 hastas,
853 2580 971 2620 quam
1002 2566 1110 2605 fuere

274 2622 412 2676 antea)
440 2621 494 2670 xi,
515 2627 536 2663 1

222 2677 389 2731 Duplici
419 2675 587 2717 amiculo
606 2675 866 2716 circumdatus
894 2674 972 2721 xiV,
992 2676 1016 2714 3
1051 2672 1111 2725 (v.

274 2729 521 2784 Amiculum)
549 2731 551 2733 ’

221 2784 380 2825 Duritia
416 2784 494 2838 (sc.
530 2782 572 2822 in
591 2782 696 2822 victu
715 2780 925 2835 cultuque)
971 2780 1039 2829 vii,
1060 2783 1109 2821 ll

278 2837 365 2892 (Sic
384 2838 548 2878 Plautus
581 2836 758 2876 Mostell.
785 2836 814 2883 i,
834 2840 875 2883 2,
894 2839 947 2876 ⁷5
991 2841 1004 2859 ³
1023 2847 1110 2888 par-

278 2890 444 2932 simonia
476 2898 518 2931 et
561 2890 705 2930 duritia
753 2888 970 2942 disciplinas
1024 2887 1111 2928 aliis

279 2945 411 2986 cram.’
429 2944 623 2997 Loccen.)

224 2997 379 3039 Durum
393 2998 668 3039 adolescentiae
682 2995 836 3038 initium
854 2995 1056 3050 (asperum
1069 3003 1112 3036 et

281 3050 569 3105 calamitosum)
597 3065 637 3099 γ,
657 3056 678 3092 1

227 3104 323 3146 Dux
337 3117 476 3145 manus
507 3104 598 3158 (qui
616 3105 715 3156 parti
731 3104 930 3157 copiarum
949 3102 1111 3156 praeest)

281 3158 404 3206 xvi‚4
451 3158 568 3211 (opp.
595 3158 839 3210 Imperatori,
876 3158 944 3210 qui
981 3155 1113 3209 totis).

282 3213 363 3251 dux
393 3212 542 3263 Sparte
572 3211 619 3263 (a
641 3210 839 3263 Spartanis
856 3209 1112 3262 constitutus)

281 3265 335 3313 iv,
354 3269 380 3307 2
409 3266 489 3304 dux
505 3277 677 3303 summus
703 3264 756 3311 ix,
774 3268 802 3304 2
845 3265 923 3303 dux
941 3262 1114 3316 postula·

284 3326 388 3358 tusa
407 3318 617 3360 Corinthiis
658 3320 769 3364 xx,2
823 3318 903 3356 dux
935 3316 1044 3356 fortis
1076 3321 1117 3354 et

286 3374 457 3425 prudens
484 3372 538 3419 ix,
560 3375 586 3412 -i
614 3370 694 3410 dux
714 3369 805 3410 belli
825 3369 1024 3422 imperitus
1054 3381 1117 3416 xv,

284 3429 310 3466 ⁸1
338 3427 482 3466 ducum
512 3425 604 3464 vitia
649 3428 811 3472 xxv,16
852 3424 995 3463 ducum
1014 3423 1119 3475 prin·

286 3491 380 3535 ceps
397 3479 657 3534 (praecipuus)
701 3478 779 3528 xiv,
798 3482 823 3519 5
867 3478 945 3517 dux
965 3490 1044 3518 non
1063 3482 1122 3516 est

1203 388 1228 414 a
1245 374 1455 428 majoribus
1473 376 1585 415 rebus
1603 375 1655 414 ad
1673 388 1752 415 rem
1771 388 1928 429 parvam
1943 378 2030 416 abs-

1205 429 1428 476 trahendus,
1465 429 1561 468 ibid.
1617 428 1732 470 Duce
1768 436 1916 470 mutato
1947 443 2033 469 mu-

1203 487 1306 521 tatur
1323 483 1480 521 fortuna
1506 483 1574 529 vii,
1593 487 1632 523 5.
1649 483 1741 530 xxii,
1758 488 1780 524 1
1829 484 1941 524 ducis
1973 498 2032 524 re-

1203 542 1342 587 spectu
1380 536 1523 575 bellum
1558 536 1715 576 timetur
1758 536 1813 583 ix,
1830 541 1856 578 4
1921 537 2034 578 ducis

1203 589 1374 639 praeclari
1407 590 1582 628 absentia
1614 590 1709 642 quid
1743 596 1885 630 noceat
1923 591 1978 638 ix,
2009 596 2032 632 1

1203 641 1237 695 (‘
1254 641 1381 681 Ducis
1431 641 1622 694 pernicies
1671 650 1817 683 certum
1860 644 2035 684 victoriae

1204 695 1311 756 apud
1359 696 1488 734 hostes
1521 697 1786 743 momentum‚’
1835 711 1873 736 v.
1921 697 2036 737 Grut-

1203 748 1301 788 disc.
1320 749 1368 787 ad
1389 749 1486 787 illud
1502 749 1594 788 Tac.
1613 748 1716 789 Hist.
1735 749 1789 797 iv,
1818 754 1886 799 34,
1905 755 1945 792 9.
1962 757 1974 775 ‘
1990 765 2038 791 ac

1206 801 1305 842 forte
1354 800 1491 842 Civilis
1527 801 1638 854 lapsu
1681 804 1774 856 equi
1810 810 2038 856 prostratus,

1205 856 1353 895 credita
1370 868 1440 908 per
1465 861 1673 909 utrumque
1690 857 1902 897 exercitum
1919 858 2037 905 fama,

1206 909 1451 948 vulneratum
1479 916 1548 949 aut
1578 911 1840 958 interfectum,
1868 910 2037 951 immane

1206 969 1397 1015 quantum
1413 963 1493 1002 suis
1511 964 1679 1016 pavoris,
1707 971 1749 1005 et
1767 964 1940 1004 hostibus
1959 965 2039 1004 ala-

1207 1016 1355 1056 critatis
1373 1016 1569 1070 indidit’).
1602 1018 1702 1058 duce
1717 1018 1911 1058 Pausania
1928 1018 2039 1057 Mar·

1209 1070 1351 1110 donius
1368 1071 1525 1123 fugatur
1542 1070 1591 1124 (i.
1609 1084 1645 1111 e.
1678 1072 1883 1112 Pausaniae
1901 1071 2041 1125 opera)

1208 1123 1266 1171 iii,
1285 1127 1325 1164 2.
1354 1124 1412 1172 iv,
1434 1128 1453 1164 1
1499 1125 1620 1164 duces
1655 1125 1844 1165 bellorum
1889 1126 1996 1173 xxiv,
2014 1130 2039 1166 3

1211 1178 1332 1217 duces
1363 1178 1460 1217 mari
1490 1178 1886 1232 (θαλαττοκράτορες)
1913 1179 1995 1226 xiii,
2013 1183 2040 1220 2

1209 1233 1330 1271 duces
1348 1238 1389 1271 et
1417 1237 1516 1271 terra
1533 1238 1575 1272 et
1599 1234 1693 1273 mari
1715 1233 1787 1288 (de
1819 1233 2042 1286 principatu

1209 1284 1252 1324 in
1267 1284 1442 1338 Graecia)
1468 1285 1526 1332 iii,
1540 1289 1566 1326 2
2078 1319 2099 1329 κ,

1158 1339 1359 1431 nze?
1372 1353 1662 1455 ω,
1677 1338 2046 1445 (ἕο

1239 1419 1251 1432 ⁰
1341 1418 1353 1431 ⁸
1665 1422 1678 1440 2
2033 1422 2045 1440 ο

1211 1450 1238 1486 7
1269 1445 1388 1498 (Non
1410 1452 1627 1498 assequitur
1644 1458 1756 1485 usum
1791 1445 1906 1498 hujus
1938 1447 2045 1486 vocis

1211 1499 1391 1538 Marcell.
1409 1497 1558 1538 Donat.
1577 1501 1628 1539 ad
1646 1499 1806 1539 Sueton.
1830 1500 1960 1539 Tiber.
1978 1503 2047 1540 26.

1212 1553 1306 1592 dum
1325 1553 1376 1592 de
1403 1553 1627 1604 magistratu
1647 1554 1814 1606 plurium
1842 1559 1884 1592 et
1911 1566 2047 1605 proce-

1211 1607 1316 1645 ribus
1339 1605 1508 1646 civitatis
1533 1607 1653 1659 capit.
1670 1623 1685 1641 a
1708 1607 1828 1647 Unde
1845 1619 2045 1659 nunquam

1213 1659 1254 1699 in
1285 1659 1470 1712 singulari
1487 1661 1696 1713 dynastam
1716 1661 1823 1712 apud
1842 1661 2047 1711 scriptores

1214 1712 1421 1762 observari,
1466 1714 1522 1752 ait
1535 1728 1548 1763 ;
1581 1715 1688 1767 quod
1721 1714 1783 1752 vel
1821 1727 1868 1753 ex
1900 1713 2048 1753 Nostro

1212 1772 1408 1819 promtum
1420 1772 1480 1806 est
1491 1767 1677 1808 refellere.
1732 1767 1797 1806 Ne
1810 1780 2046 1807 arcessamus

1214 1833 1295 1860 rem
1319 1820 1489 1873 longius,
1515 1821 1641 1868 locus,
1671 1820 1739 1873 qui
1759 1834 1840 1872 prae
1857 1820 2048 1868 manibus,

1214 1880 1378 1926 uterque
1397 1875 1524 1914 lucem
1543 1875 1657 1914 affert
1674 1874 1804 1914 dubiis
1819 1873 2048 1927 scriptorum

1215 1928 1523 1967 assertionibus:
1557 1928 1607 1967 In
1635 1927 1762 1980 priore
1785 1928 1889 1968 enim
1911 1928 2049 1981 Thyus

1218 1986 1230 2003 ‘
1244 1982 1431 2034 dynastes
1445 1981 1739 2033 Paphlagoniae’
1748 1987 1920 2020 vocatur.
1934 1983 2052 2021 iuter-

1216 2041 1389 2087 pretetur
1405 2035 1519 2074 nobis
1532 2034 1748 2074 Athenaeus
1766 2049 1778 2084 ;
1797 2034 1864 2073 ille
1890 2040 1902 2058 ‘
1920 2047 2050 2087 regem

1214 2088 1509 2142 Paphlagoniae’
1529 2095 1642 2128 vocat
1660 2104 1669 2127 ε
1691 2089 1792 2128 sicut
1808 2088 1893 2140 ipse
1911 2088 2051 2140 Nepos

1216 2142 1283 2181 lib.
1304 2145 1369 2182 14.
1383 2154 1420 2181 c.
1435 2145 1474 2183 3.
1499 2147 1511 2166 ‘
1537 2143 1708 2182 nobilem
1730 2155 1860 2194 regem
1875 2141 1899 2180 :’
1935 2148 2054 2182 recte.

1216 2196 1280 2236 Ita
1304 2195 1407 2235 enim
1441 2196 1570 2237 vocari
1598 2202 1762 2248 possunt
1789 2201 1830 2235 et
1850 2194 1978 2235 solent
1994 2209 2053 2235 re-

1218 2249 1316 2302 guli,
1336 2250 1534 2301 toparchae
1564 2249 1640 2289 &c.
1681 2255 1726 2288 ut
1750 2262 1839 2287 mox
1872 2250 2050 2301 patebit3

1218 2303 1274 2342 ita
1305 2303 1504 2355 Scriptura
1527 2303 1739 2356 cujuslibet
1779 2302 1946 2342 civitatis
1981 2305 2055 2342 do-

1218 2356 1366 2396 minum
1385 2362 1396 2380 ‘
1413 2356 1554 2409 regern?
1570 2362 1699 2397 vocat.
1717 2357 1853 2395 Strabo
1867 2356 2052 2404 Persidis,

1219 2410 1386 2459 Mediae,
1417 2410 1604 2463 Assyriae,
1634 2410 1804 2450 Parthiae
1833 2412 2054 2462 toparchas,

1222 2469 1233 2487 ‘
1245 2463 1682 2515 dynastas’appellavit.
1702 2464 1813 2509 Quos
1828 2469 1839 2486 ‘
1850 2463 1970 2515 reges'
1984 2464 2058 2502 eti-

1222 2529 1284 2556 am
1291 2516 1368 2556 dici
1378 2515 1549 2568 potuisse
1558 2517 1742 2567 probatur
1748 2516 1926 2567 exemplo
1936 2516 2059 2568 reguli

1223 2569 1456 2616 Adiabenae,
1489 2582 1607 2621 quem
1632 2570 1768 2609 Strabo
1787 2570 1828 2607 in
1849 2573 1915 2609 16.
1943 2577 2059 2609 vocat

1226 2622 1352 2674 simpl.
1380 2622 1568 2676 ἄρχοντα,
1588 2623 1802 2674 principem
1821 2637 1829 2661 :
1860 2622 2057 2674 Josephus

1224 2689 1315 2715 vero
1329 2682 1339 2699 ⁸
1353 2689 1480 2727 regem
1497 2675 1521 2726 3’
1535 2676 1602 2728 qui
1614 2682 1655 2715 et
1666 2677 1757 2715 alibi
1769 2675 2060 2727 Abennerigum

1224 2731 1420 2783 quendam
1448 2729 1645 2772 Σπασίνου
1673 2728 1844 2782 χάρακος
1873 2729 2059 2777 βασιλέα,

1224 2797 1355 2836 regem
1381 2785 1493 2823 castri
1512 2784 1678 2836 Spasini,
1706 2785 1910 2833 nominat3
1942 2796 2057 2835 quem

1226 2837 1410 2885 Casaub„
1442 2837 1508 2890 qui
1537 2838 1576 2876 in
1609 2850 1734 2877 exerc.
1760 2840 1799 2877 2.
1835 2837 1886 2875 ad
1915 2837 2059 2876 Baton.

1225 2891 1356 2930 annal.
1389 2892 1474 2930 haec
1499 2891 1666 2938 disserit,
1692 2903 1773 2929 non
1794 2890 1915 2928 multo
1941 2890 2061 2929 fuisse

1223 2944 1407 2997 majorem
1421 2950 1431 2967 ⁸
1443 2957 1533 2998 rege
1545 2943 1704 2984 Yvetoti
1718 2943 1968 2983 Normanico’
1978 2956 2061 2982 sus-

1222 2998 1387 3051 picatur.
1441 2997 1685 3038 Adhibeatur
1707 2997 1791 3050 jam
1809 2997 1908 3036 alter
1924 2996 1964 3035 N
1967 3009 2063 3047 epo-

1224 3052 1273 3091 tis
1293 3052 1417 3098 locus,
1432 3053 1500 3090 ubi
1525 3052 1666 3091 diserte
1679 3051 1825 3103 RegeS‚
1853 3049 2061 3101 Dynastae‚

1225 3105 1413 3146 Civitates
1440 3104 1755 3157 distinguuntur:
1792 3110 1836 3141 ut
1868 3102 2062 3154 Dynastae

1226 3172 1307 3198 non
1326 3158 1594 3210 intelligantur
1615 3155 1858 3208 magistratus
1876 3154 2060 3203 civitatis,

1227 3213 1297 3251 sed
1318 3211 1455 3264 reguli,
1475 3218 1517 3250 et
1542 3210 1635 3250 certi
1655 3209 1733 3247 loci
1751 3214 1974 3260 tractusque
1989 3210 2060 3248 do-

1227 3265 1337 3303 mini.
1389 3264 1504 3303 Tales
1551 3264 1670 3302 ferme
1708 3261 1826 3301 hodie
1869 3261 2059 3310 Comites,

1229 3318 1403 3357 Barones
1434 3316 1509 3355 &c.
1549 3315 1719 3355 Gradus.
1744 3315 1882 3356 Cicero
1912 3315 2061 3368 Philip.

1229 3371 1283 3418 xi,
1300 3374 1363 3410 12.
1383 3371 1439 3409 ita
1455 3370 1658 3422 exprimit:
1678 3375 1689 3393 ⁶
1706 3382 1830 3422 reges,
1841 3371 2063 3416 tetrarchas,

1233 3423 1451 3478 dynastas!
1478 3423 1651 3476 Scriptor
1667 3423 1718 3463 de
1737 3422 1828 3463 bell.
1851 3422 1965 3462 Alex.
1992 3425 2059 3460 64.

1236 3484 1247 3501 ·
1266 3491 1389 3531 reges,
1409 3483 1609 3532 tyrannos,
1625 3477 1838 3531 dynastas?
1879 3476 2060 3515 Ceterum
