2306 3900
318 276 426 330 534

320 408 598 461 discrepans:
630 403 756 447 Οὗτος
774 405 817 446 δὲ
835 405 898 447 διὰ
915 405 988 456 τὴν
1007 405 1203 458 εὐγένειαν

319 473 384 512 καὶ
411 471 485 519 τὴν
513 469 772 522 λαμπρότητα
795 471 868 518 ’τῆς
894 472 1029 522 ψυχῆς·
1042 469 1095 512 εἷς
1114 473 1204 512 ὑπο-

318 536 411 588 ψίαν
427 534 525 584 ἦλθε
542 533 726 587 τυράννῳ,
751 533 862 585 δόξας
888 533 1094 588 ἀξιόχρεως
1107 534 1203 576 εῖναι

318 600 538 640 καταλῦσαι
556 599 631 647 ’τὴν
646 598 863 651 τυραννίδα.
903 599 1082 641 Lambin.

317 677 323 681 ·
374 662 606 714 Desineret]
651 662 796 703 Editio
833 662 1104 711 Parisiensis,
1136 664 1202 703 de·

318 729 489 769 sisteret.
680 736 682 739 ’
820 732 854 772 .’

373 793 528 833 Morem
572 790 611 832 ei
653 789 796 841 gessit]
866 788 939 829 Ad
975 789 1200 831 Platonem

318 856 507 909 scripsit,
527 859 577 896 ut
605 859 789 895 testatur
821 853 967 905 Plato,
992 858 1201 906 extatque

317 921 414 973 eJus
433 919 630 972 epistolae
646 930 812 960 summa
830 918 875 958 in
894 917 1088 970 epistolis
1109 918 1203 958 Pla·

318 984 444 1025 tonis.
484 983 624 1024 Lamb.

374 1046 591 1087 Philistum
636 1043 906 1096 Historicum]
969 1043 1038 1085 Ab
1071 1045 1202 1087 exilio

320 1110 563 1161 Adriatico,
583 1121 687 1150 nam<
699 1110 770 1150 hic
795 1122 821 1150 a
846 1109 1057 1160 Dionysio
1077 1115 1203 1162 patre

317 1186 450 1228 regno
467 1180 562 1216 erat
580 1175 800 1227 expulsus,
813 1180 1038 1214 revocatus
1057 1179 1202 1214 autem

318 1239 497 1279 consilio
514 1239 779 1292 quorundam
800 1250 825 1277 a
845 1237 1059 1290 Dionysio
1078 1238 1203 1291 Syra-

317 1314 440 1342 cusas
467 1302 511 1342 in
536 1301 737 1345 invidiam
756 1301 908 1342 Dionis
927 1306 974 1341 et
991 1301 1206 1353 Platonis,

316 1377 494 1418 magnus
506 1365 620 1419 apud
635 1371 863 1418 tyrannum
875 1365 1037 1406 extitit.
1056 1364 1202 1405 Adriae

320 1440 417 1470 cum
449 1436 566 1470 esset
613 1430 657 1469 in
690 1429 800 1481 ocio,
826 1429 1027 1469 historias
1061 1429 1202 1469 varias

320 1493 591 1546 conscripsit,
602 1493 657 1534 de
677 1492 806 1534 rebus
825 1492 980 1533 Siculis
998 1492 1110 1534 libro
1132 1503 1198 1533 xx.

319 1557 393 1598 De
427 1557 641 1609 Dionysio
672 1557 876 1609 Tyranno
907 1556 982 1598 lib.
999 1567 1065 1596 vr.
1098 1556 1201 1596 alia-

319 1632 402 1674 que
421 1620 622 1673 plurima,
642 1633 738 1673 quae
756 1633 781 1661 a
799 1620 933 1662 Suida
947 1633 1202 1672 commemo-

226 1659 251 1726 μ.
302 1677 483 1726 rantur.
510 1683 676 1736 Longol.
695 1685 814 1735 Mag.
858 1684 974 1725 Vide
993 1686 1201 1737 Magnum

318 1749 519 1790 Vossium
538 1748 592 1789 de
610 1747 843 1789 Historicis
862 1747 1043 1789 Graecis.

373 1813 586 1854 Hominem
603 1812 769 1853 amicum
781 1825 858 1854 non
875 1813 1005 1863 magis
1021 1817 1205 1866 tyranno,

316 1880 435 1930 'quam
459 1876 684 1930 tyrannidi]
722 1877 796 1917 Sic
822 1877 1075 1929 legendum:
1118 1889 1203 1918 non

319 1947 369 1981 ut
386 1939 547 1980 habent
564 1940 766 1992 exempla
781 1940 955 1981 Veneta
973 1946 1018 1982 et
1029 1942 1204 1982 Floren-

317 2004 426 2055 tina,
438 2003 630 2043 hominem
646 2003 861 2045 inimicum.
887 2003 959 2045 Sic
974 2004 1087 2045 enim
1102 2005 1205 2047 Plu·

319 2068 516 2109 tarchus:
545 2067 594 2108 Ὀ
610 2066 690 2121 γὰρ
709 2066 756 2116 δὴ
773 2067 960 2109 Φίλιστος
977 2068 1144 2122 ἑεαρχῆς
1157 2085 1206 2111 τε

317 2133 373 2185 τῇ
398 2131 592 2185 τυραννίδι
621 2129 884 2186 καθισταμένῃ
914 2132 1206 2186 προθυμότατον

319 2194 513 2248 παρέσχε,
531 2194 596 2235 καὶ
607 2194 683 2243 τὴν
700 2195 821 2248 ἄκραν
837 2195 1045 2249 διεφύλαξε
1069 2205 1206 2252 φρουρ-

315 2261 456 2313 αρχῶν
473 2259 536 2299 ἐπὶ
553 2258 680 2300 πολὺν
696 2259 854 2313 χρόνον.
896 2261 1078 2305 Lambin.

373 2325 426 2365 In
444 2337 488 2364 eo
509 2336 592 2365 meo
607 2323 726 2375 libro]
766 2324 834 2364 De
853 2336 939 2378 quo
957 2326 1064 2367 nihil
1083 2327 1203 2368 nobis

318 2394 484 2441 'praeter
500 2386 756 2428 desiderium
773 2392 926 2430 restat.

376 2452 458 2499 Qui
468 2452 517 2492 de
532 2450 732 2492 historicis
743 2452 981 2504 conscriptus
991 2451 1071 2505 est]
1088 2454 1203 2495 Grae-

317 2516 374 2555 cis
391 2514 515 2556 addit
534 2514 684 2556 Codex
710 2519 859 2555 noster
884 2526 935 2555 ac
960 2515 1203 2558 Savaronis.

316 2574 548 2630 'Expungit
595 2588 697 2617 vero
741 2577 993 2629 Longolium
1029 2585 1203 2621 secutus

320 2641 568 2693 Lambinus,
600 2639 715 2694 quod
747 2640 803 2681 de
837 2641 1036 2695 utrisque
1067 2643 1203 2697 scrip-

319 2703 445 2755 sisse,
467 2703 624 2745 Graecis
639 2702 870 2756 Latinisque
883 2704 1113 2746 verisimile
1129 2707 1202 2747 sit.

319 2766 474 2808 Schott.

380 2831 492 2872 cm».
505 2833 546 2873 4.
578 2830 764 2883 Ingenio]
795 2830 1016 2883 Ingeniosi
1033 2845 1202 2888 qnoque

319 2890 513 2946 tyrannis
522 2895 711 2947 suspecti
720 2907 770 2937 ac
778 2894 1062 2950 formidulosi,
1069 2911 1201 2953 quare

320 2957 487 3010 vident,
503 2963 552 2998 nt
567 2970 642 2998 eos
663 2959 732 2998 vel
753 2959 923 3011 penitus
941 2961 1204 3014 exstirpent,

317 3021 462 3063 Tacit.
486 3020 627 3073 Agric.
644 3025 686 3062 4.
706 3022 720 3045 ⁴
735 3022 882 3065 Julius·
895 3023 1121 3066 Graecinus
1140 3039 1204 3067 se·

317 3085 476 3127 natorii
489 3084 648 3126 ordinis
660 3084 805 3126 studio
816 3086 1073 3140 eloquentiae
1087 3091 1201 3141 sapi-

320 3149 536 3203 entiaeque
553 3153 696 3202 notus,
710 3149 848 3203 iisque
863 3150 1096 3192 virtutibus
1109 3153 1202 3194 Caii

322 3214 502 3254 Caesaris
522 3213 628 3253 iram
651 3212 856 3253 meritus!
904 3213 988 3254 Vel
1007 3213 1062 3254 ad
1080 3215 1202 3255 mini-

319 3277 484 3316 mumin
501 3276 675 3317 exilium
689 3275 982 3318 submoveant.
1003 3277 1072 3319 Id.
1084 3275 1200 3320 Anu.

319 3338 394 3380 lib.
422 3350 518 3379 xvr.
545 3343 611 3381 29.
647 3339 661 3362 ‘
676 3339 909 3380 Enimvero
944 3340 1200 3383 Montanum

319 3402 467 3454 probae
486 3403 701 3455 juventae,
719 3414 859 3457 neque
877 3402 1032 3445 famosi
1052 3406 1202 3447 carmi-

319 3465 400 3517 nis,
426 3466 522 3517 quia
541 3466 774 3517 protulerit
797 3466 1034 3519 ingenium,
1055 3473 1199 3509 extor-

320 3540 411 3569 rem
428 3528 524 3581 agi.’
555 3528 653 3571 Vid.
667 3530 813 3570 Valer.
828 3529 949 3571 Max.
964 3531 1037 3572 lib.
1055 3543 1134 3575 vu.
1155 3536 1197 3574 3.

704 289 884 328 NOTAE
925 289 1257 330 VARlORUM

1300 291 1366 330 ΙΝ
1410 293 1459 331 C.
1500 294 1764 333 NEPOTJS

1267 409 1464 462 Exempl.
1484 415 1524 452 2.
1550 411 1604 452 de
1638 412 1685 453 L.
1705 412 1822 454 Junii
1858 412 1981 454 Bruti
2011 413 2150 457 fratre

1264 473 1496 524 vegetior-is
1516 473 1676 526 ingenii
1697 475 1880 517 sublato.
1915 476 2041 517 Gobh.

1319 537 1473 577 Navem
1491 538 1529 577 ei
1548 539 1746 579 triremem
1760 539 1889 591 dedit]
1917 540 2048 581 Plato
2066 553 2152 591 σμι-

1264 596 1357 650 κρὸν
1376 601 1531 652 πλοῖον,
1550 614 1714 653 parvum
1730 603 1947 653 navigium.
1979 604 2152 645 Plutar-

1263 660 1368 702 chus
1382 660 1699 717 &decommum
1715 666 1981 718 piscatoriam.
2027 668 2151 709 Lam-

1264 727 1353 768 bin.
1366 729 1542 782 Longol.
1555 732 1677 784 Mag.
1708 733 1825 785 Lege
1844 732 1984 786 Bayfii
2003 734 2078 775 lib.
2095 734 2150 776 de

1263 792 1329 894 §e
1355 794 1524 846 Navali,
1555 801 1603 836 et
1628 796 1694 838 cl.
1712 796 1979 838 Schefferum
2007 796 2063 838 de
2083 798 2150 839 M.

1311 882 1322 895 .
1341 866 1395 897 11.
1415 860 1456 897 2.

1320 917 1575 970 Corinthum]
1603 919 1880 973 Plutarchus,
1897 922 1941 963 in
1961 922 2151 966 Italiam.

1263 979 1480 1021 Diodorus
1499 981 1678 1034 propius
1704 983 1936 1037 accedens,
1962 986 2008 1026 in
2027 987 2155 1029 Pelo-

1263 1054 1513 1094 ponnesum.
1541 1045 1772 1087 Corinthus
1787 1047 1902 1089 enim
1921 1050 2051 1090 estin
2065 1050 2151 1092 Pe-

1263 1105 1516 1166 loponneso.
1546 1108 1732 1150 Lambin.
1786 1111 1845 1150 Et
1863 1110 2038 1164 quidem
2055 1114 2150 1166 ejus

1264 1169 1516 1220 claustrum,
1549 1171 1665 1211 unde
1696 1171 1812 1212 inter
1847 1174 2078 1227 compedes
2105 1180 2152 1216 et

1265 1234 1435 1274 vincula
1473 1234 1676 1286 Graeeiae,
1714 1235 1918 1289 Philippo
1955 1237 2152 1292 aliisque,

1263 1296 1366 1338 urbs
1384 1303 1631 1340 memorata.
1657 1299 1771 1341 Vide
1788 1300 1932 1343 strab.
1950 1301 2027 1343 lib.
2048 1314 2150 1345 vm.

1265 1366 1313 1403 et
1331 1373 1401 1403 nr.r

1320 1427 1550 1479 Ostendens,
1568 1439 1609 1468 se
1621 1429 1664 1469 id
1682 1430 1884 1483 utriusque
1898 1431 2038 1482 faeere
2058 1445 2149 1473 cau-

1260 1489 1325 1542 sa]
1355 1491 1619 1533 Plutarchus
1638 1493 1773 1533 tradit
1792 1494 1836 1534 in
1859 1495 2024 1546 Dione,
2042 1495 2149 1536 Dio-

1261 1556 1572 1607 nysium,lecta
1586 1557 1740 1598 Dionis
1756 1558 1810 1598 ad
1825 1559 2150 1612 Carthaginien·

1263 1630 1331 1659 ses
1363 1619 1563 1672 epistola,
1609 1619 1800 1662 adhibito
1835 1626 1882 1664 et
1930 1629 2150 1676 praesente

1263 1682 1425 1732 Dione,
1460 1695 1515 1723 ex
1548 1696 1633 1736 qua
1665 1685 1898 1738 Dionysius
1935 1687 2149 1740 arguebat

1264 1745 1447 1787 Dionem
1484 1758 1582 1787 cum
1621 1748 2045 1801 Carthaginiensibus
2065 1750 2151 1796 ⁴ad-

1267 1821 1412 1849 versus
1442 1822 1488 1850 se
1520 1816 1567 1852 et
1594 1811 1867 1863 tyrannidem
1886 1813 2152 1855 consensisse

1266 1878 1312 1914 et
1329 1874 1582 1915 societatem
1599 1875 1796 1929 coivisse,
1810 1888 1907 1917 curn
1931 1876 2051 1917 Dion
2069 1889 2150 1930 pro

1266 1948 1314 1977 se
1343 1937 1491 1978 dicere
1523 1943 1569 1978 et
1601 1949 1648 1977 se
1683 1950 1870 1990 purgare
1904 1944 2152 1992 conaretur,
2197 1984 2204 1990 ,

1263 2002 1406 2042 statim
1438 2014 1522 2042 non
1551 2000 1670 2043 sacta
1702 2003 1835 2044 Dioni
1861 2004 2150 2056 respondendi

1266 2071 1506 2118 potestate,
1517 2066 1594 2106 sed
1620 2078 1645 2106 e
1674 2066 1872 2118 vestigio,
1889 2066 2090 2119 imposito
2105 2068 2148 2108 in

1265 2129 1506 2169 naviculam
1540 2129 1810 2181 piscatoriam
1845 2128 2009 2182 Dione,
2031 2140 2150 2172 man·

1263 2192 1392 2232 dasse
1411 2191 1552 2232 nautis
1571 2190 1626 2231 ad
1654 2203 1700 2231 se
1723 2192 1907 2243 vocatis,
1918 2196 1968 2234 ut
1984 2203 2083 2233 eum
2102 2193 2148 2233 in

1264 2255 1436 2296 Italiam
1457 2260 1739 2307 exponerent.
1777 2255 1859 2299 Sic.
1873 2255 2150 2309 Plutarchus,

1263 2318 1544 2369 ἀπολογεῖσθαι
1571 2316 1614 2357 δὲ
1630 2316 1871 2368 βουλομένου
1889 2319 1962 2358 ’τοῦ
1988 2317 2148 2371 Δίωνος,

1264 2381 1335 2422 οὔκ
1363 2380 1646 2432 ἂνασχόμενος,
1679 2381 1773 2422 ἀλλ’
1811 2380 1936 2434 εὐθὺς,
1960 2382 2012 2424 ὣς
2043 2380 2148 2434 εἶχε,

1264 2444 1420 2497 θέμενος
1445 2444 1498 2486 εἷς
1525 2443 1700 2497 ἀκάτιον,
1711 2443 1926 2498 προσέταξε
1947 2448 2032 2487 τοῖς
2057 2445 2147 2488 ναύ-

1262 2523 1349 2549 ταις
1377 2507 1609 2560 κομίζοντας
1638 2507 1757 2549 αὐτὸν
1783 2509 1947 2549 ἐκθεῖναι
1970 2507 2025 2552 εἷς
2047 2509 2148 2550 Ἰτα-

1263 2571 1368 2613 λίαν.
1397 2572 1612 2613 Diodorus
1630 2578 1774 2613 autem
1791 2572 1866 2614 lib.
1885 2583 1965 2613 xv.
1984 2575 2148 2616 nullum

1263 2635 1320 2677 de
1352 2636 1538 2689 epistola
1569 2635 1749 2676 verbum
1785 2634 1907 2686 facit,
1934 2647 2074 2691 neque
2103 2639 2148 2680 iu

1264 2700 1352 2740 ulla
1369 2698 1463 2740 fere
1481 2699 1566 2739 alia
1592 2711 1640 2740 re
1667 2711 1765 2740 cum
1792 2699 2030 2742 Plutarcho
2048 2713 2151 2744 con-

1265 2763 1410 2816 gruit3
1452 2763 1533 2804 sed⁴
1562 2763 1624 2804 ait
1661 2763 1908 2816 Dionysium
1939 2765 2148 2818 veritum,

1264 2839 1320 2867 ne
1351 2839 1378 2867 a
1408 2827 1552 2867 Dione
1580 2826 1917 2880 opprimeretur„
1945 2829 2149 2872 statuisse

1263 2890 1382 2931 illum
1397 2889 1762 2943 comprehendere
1777 2897 1823 2931 et
1837 2891 1892 2931 de
1909 2891 2052 2933 medio
2069 2894 2149 2934 tol-

1264 2956 1372 2996 lere.
1440 2954 1629 2995 Dionem
1661 2965 1766 2994 vero
1802 2955 1883 2994 hoc
1920 2961 2146 3008 comperto

1263 3019 1448 3071 primum
1478 3016 1593 3069 apud
1624 3015 1832 3070 quosdam
1859 3017 2015 3058 amicos
2042 3018 2151 3060 deli·

1265 3081 1414 3133 tuisse,
1431 3079 1587 3120 deinde
1606 3091 1662 3119 ex
1685 3079 1845 3120 Sicilia·
1867 3091 1963 3120 cum
1995 3081 2146 3135 Mega-

1262 3143 1330 3185 cle
1348 3142 1486 3183 fratre
1517 3147 1565 3183 et
1594 3141 1829 3182 Heraclide
1847 3142 2019 3191 tribuno
2036 3145 2148 3186 mili-

1260 3211 1353 3247 tum
1384 3205 1431 3246 in
1465 3204 1814 3257 Peloponnesum
1841 3203 2016 3259 fugisse.
2070 3207 2146 3250 Sic

1260 3270 1476 3311 Diodorus
1492 3282 1505 3310 ε
1524 3268 1575 3309 ‘0
1592 3267 1636 3310 δὲ
1648 3266 1752 3310 Δίων
1761 3267 1984 3319 αἰσθόμενος
1997 3270 2049 3311 τὸ
2072 3270 2147 3322 μὲν

1259 3337 1412 3389 πρῶτον
1443 3332 1614 3388 ἐκρύφθη
1648 3332 1753 3388 παρά
1784 3346 1868 3374 ’τισι
1892 3336 1973 3375 τῶν
2003 3334 2146 3389 φίλων,

1259 3402 1361 3454 μετὰ
1379 3403 1566 3445 δὲταῦτα
1583 3401 1730 3455 ἔφυγεν
1741 3401 1788 3443 ἐκ
1799 3403 1873 3451 ’τῆς
1890 3401 2074 3444 Σικελίας
2090 3403 2146 3446 εἷς

1260 3467 1574 3520 Πελοπόννησον,
1614 3466 1720 3518 ἔχων
1761 3466 1845 3517 μεθ’
1892 3466 2034 3509 ἔαντοῧ
2071 3468 2145 3511 ’τὸν

1259 3531 1432 3585 ἀδελφὸν
1483 3531 1713 3583 Monuni-⁶,
1755 3529 1821 3572 καὶ
1872 3530 2144 3584 Χαρικλείδην-
