2306 3900
699 245 791 284 rx.
854 243 1178 294 coNONEM,
1205 234 1353 282 CAP.''
1374 230 1430 282 4.

149 368 251 420 νόμῳ
276 365 372 409 εἶναι
403 365 603 420 ἄνθρωπον
634 363 896 419 προσκυνέειν.
943 365 1034 406 He·

149 431 257 473 braei
271 431 459 472 eundem
477 431 639 471 cultum
665 428 966 479 observabant,
983 431 1034 468 ut

149 499 334 548 apparet
348 506 403 533 ex
417 497 457 534 2.
490 492 696 533 Samuelis
711 504 807 545 cap.
824 503 857 532 1.
877 496 924 533 et
935 502 1032 532 xiv.

147 556 252 599 Jud.
271 567 319 597 X.
363 557 436 597 De
460 555 554 601 aliis
573 560 724 596 auctor
752 556 946 607 locuples
965 560 1035 596 est

148 619 446 662 Nazianzenus
475 619 603 660 Orat.
636 630 670 661 1.
709 619 755 659 in
785 618 1032 660 Julianum:

148 684 279 735 Νόμος
296 683 383 725 ἐστὶ
398 684 617 737 βασιλικὸς,
633 685 704 725 οὐκ
718 682 803 725 οἶδα
819 683 892 735 μὲν
917 682 952 725 εἶ
968 683 1034 724 καὶ

147 751 268 790 πᾶσιν
298 748 520 802 ἀνθρώπως,
548 749 638 801 παρ’
664 747 770 790 ὅσοις
795 747 845 789 τὸ
876 751 1034 795 βασιλι-

148 812 343 855 κεόεσθιιι.
385 813 506 865 Lege
542 812 705 854 Arnob.
743 812 920 852 lib.'1x1.
959 810 1034 852 ad-

148 880 295 918 versus
316 876 500 929 Gentes,
512 881 558 917 et
574 877 811 917 Isocratem
830 876 874 915 in
892 874 1034 915 Pane·

149 941 311 995 gyrico.
381 941 480 982 Mos
524 940 733 981 adorandi
778 939 876 980 talis
911 943 1034 979 erat:

148 1018 261 1059 genu
297 1006 428 1054 flexo,
465 1004 590 1058 proni
624 1002 957 1056 procumbentes
990 1001 1035 1042 in

149 1075 326 1122 terram,
350 1068 494 1110 fronte
525 1068 696 1108 humum
724 1066 955 1118 feriebant,
984 1078 1036 1107 ac

151 1139 310 1176 terram
325 1132 645 1174 osculabantur.
677 1131 799 1172 Curt.
812 1142 857 1172 v.
874 1135 920 1170 et
933 1141 1036 1172 vm.

149 1201 223 1239 31.
263 1198 361 1239 Val.
393 1198 518 1238 Max.
554 1207 635 1236 vn.
666 1196 709 1235 2.
753 1193 936 1245 Joseph.
956 1205 1035 1234 xx.

149 1262 344 1304 Martial.
371 1261 524 1314 Epigr.
544 1271 590 1302 x.
607 1263 675 1301 72.
729 1260 884 1300 Manus
903 1259 1035 1299 etiam

147 1325 203 1366 ad
216 1330 385 1377 tergum
397 1322 670 1364 referebant:
700 1327 749 1364 ut
760 1322 894 1363 tradit
908 1323 1035 1364 Luci-

147 1386 546 1438 anusin'Navigio.
599 1383 668 1427 Ac
696 1385 841 1437 Reges
862 1385 1034 1438 quidem

149 1459 199 1496 ut
216 1453 332 1494 Deos
350 1451 681 1503 venerabantur,
702 1455 748 1490 et
778 1461 858 1502 pro
877 1449 1035 1491 talibus

149 1529 225 1558 eos
233 1516 465 1557 habebant.
509 1514 637 1554 Unde
654 1511 927 1566 postmodum
938 1518 1035 1554 orta

149 1586 219 1622 est
233 1579 370 1622 omnis
387 1579 461 1619 illa
484 1576 744 1630 idololatria,
760 1589 887 1630 quam
915 1579 929 1601 ‘
949 1578 1034 1618 Re-

151 1656 252 1696 gum
270 1640 523 1684 stultitiam’
559 1646 690 1682 vocat
716 1641 762 1681 in
788 1642 926 1682 Dario
943 1641 1036 1682 Sul·

149 1707 306 1759 picius.
341 1705 523 1749 :Qualis
561 1705 605 1745 in
642 1703 1036 1756 ,Nebucadnezare,

151 1769 402 1812 Alexandro
427 1769 608 1820 Magno,
632 1767 920 1821 Romanisque
949 1767 1035 1809 Im-

142 1834 426 1888 perator-ibus
458 1832 602 1873 tristia
633 1832 934 1884 experimenta
960 1832 1035 1873 ha-

151 1898 314 1939 bemus.
354 1895 553 1938 Keucben.
571 1927 604 1939 ,γ
626 1895 762 1935 Plura
791 1894 1036 1941 Brissonius

151 1961 227 2004 lib.
246 1973 280 2004 1.
306 1961 475 2003 Persic.
494 1965 542 2001 et
561 1958 717 2000 Petrus
737 1959 930 2000 Pithaeus
954 1959 984 2000 l.
1003 1971 1037 2000 1.

150 2024 250 2065 adv.
260 2024 431 2066 subces.
460 2023 614 2070 Schott.
647 2023 721 2064 De
735 2022 920 2063 adulandi
930 2033 1037 2064 voce

152 2087 238 2128 vid.
257 2087 324 2128 cl.
340 2087 533 2129 Gronov.
553 2090 677 2126 notas
689 2085 744 2126 ad
762 2081 921 2127 lib.'11.
941 2089 1025 2127 18.

205 2149 460 2203 Προσκννεῖν]
511 2149 660 2190 Codex
696 2153 843 2189 noster
867 2146 1037 2200 προσκύ-

150 2228 291 2263 νησιν.
321 2214 449 2258 Quod
486 2213 638 2254 eodem
666 2211 837 2253 recidit.
880 2212 1037 2260 Schott.

154 2279 356 2320 Gebhard.
416 2277 584 2318 Plutar.
623 2276 843 2317 historiam
881 2274 1037 2317 tribuit

150 2341 448 2392 Themistocli,
478 2341 562 2382 nisi
603 2338 720 2382 forte
754 2339 927 2393 utrique
965 2350 1035 2381 ac-

150 2405 320 2447 ciderit.
351 2404 506 2446 Schott.
534 2451 537 2457 ,
601 2442 607 2446 .
751 2444 753 2446 .

206 2469 286 2511 Sed
300 2481 432 2510 vereor
448 2481 496 2510 ne
523 2468 679 2510 civitati
695 2480 791 2509 mete
816 2468 869 2510 sit
897 2480 1036 2521 oppro-

150 2532 256 2585 brio]
287 2533 455 2574 Graecis
464 2533 582 2574 enim
599 2539 675 2574 ant
685 2531 1037 2585 Atheniensibus,

152 2608 304 2637 severo
320 2597 497 2649 populo,
512 2596 651 2649 turpis
670 2601 715 2637 et
729 2596 906 2649 indigna
925 2598 1036 2651 ejus·

151 2659 267 2700 modi
286 2659 507 2700 veneratio
524 2659 778 2700 habebatur.
822 2660 919 2700 Vid.
940 2661 1037 2702 Val.

152 2722 275 2762 Max.
295 2733 358 2762 vr.
376 2725 416 2763 3.
433 2727 524 2763 ext.
545 2728 592 2763 et
609 2722 779 2763 Plutar.
797 2722 1036 2763 Themisto-

156 2784 238 2825 cle.
272 2783 417 2826 Quare
437 2784 646 2825 Ismenias
661 2785 806 2837 lepido
825 2791 1035 2838 stratege-

152 2851 269 2887 mate
288 2858 388 2887 usns
405 2851 486 2899 est,
503 2859 601 2888 cum
630 2859 775 2900 regem
803 2847 1037 2889 Persarum

153 2908 399 2961 accederet,
417 2909 532 2963 quod
561 2915 738 2951 narrant
761 2910 913 2951 AElian.
930 2912 1037 2953 Var.

154 2985 186 3016 1.
204 2978 270 3016 21.
310 2974 532 3016 Plutarch.
551 2975 808 3018 Artaxerxe.
863 2983 884 3020 ”,

207 3037 349 3089 Itaque
372 3051 457 3090 quoe
482 3038 647 3091 volebat,
662 3039 754 3079 huic
777 3038 927 3091 scripta
952 3043 1035 3079 tra-

150 3100 274 3153 didit]
305 3101 498 3143 Lambin.
518 3102 613 3143 aliis
641 3103 684 3143 in
717 3102 837 3143 libris
856 3103 1035 3155 impres·

151 3174 243 3204 sum
270 3162 402 3205 fuisse
420 3170 618 3214 testatur,
639 3167 740 3212 Quoe
758 3168 848 3207 huic
872 3167 1035 3219 volebat,

152 3228 301 3280 scripta
319 3228 502 3269 tradidit.
556 3228 684 3268 Unde
711 3229 884 3281 quidem
915 3228 1035 3269 effin-

153 3302 256 3342 gere
276 3292 544 3342 maluerunt3
575 3292 676 3337 Quoe
693 3292 793 3331 hunc
810 3292 979 3344 volebat,
995 3293 1034 3333 ei

151 3354 296 3405 scriptu
310 3355 495 3397 tradidit.
541 3355 662 3396 Nihil
690 3354 844 3404 literis,
861 3354 936 3394 sed
958 3367 1036 3407 per

152 3415 437 3459 internuntios
450 3423 549 3460 acta
567 3417 709 3460 omnia
728 3417 861 3459 tradit
872 3417 899 3459 J
906 3417 1032 3459 nstin.

1870 228 1979 281 525

1095 364 1169 406 lib.
1200 376 1266 405 vr.
1296 369 1336 406 2.
1367 364 1380 387 ‘
1401 363 1508 417 Agit
1536 370 1682 404 tamen
1711 374 1808 404 cum
1826 374 1878 403 eo
1898 374 1979 416 per

1095 428 1420 470 internuncios.’
1454 428 1583 471 Gebh.

1150 494 1261 534 CAP.
1281 497 1320 533 4.
1350 493 1442 540 Rex
1460 497 1615 533 tantum
1635 484 1872 532 auctoritate
1896 492 1981 543 ejus

1093 560 1221 596 motus
1232 555 1310 607 est]
1336 556 1500 596 Contra
1513 557 1748 607 Diodorus,
1761 557 1834 609 qui
1850 568 1979 596 suasu

1095 619 1364 660 Pharnabazi
1380 619 1533 660 scribit
1547 619 1602 659 ab
1614 619 1858 660 Artaxerxe
1874 620 1981 660 clas-

1095 685 1153 726 sis
1188 685 1415 737 imperium
1444 684 1609 725 Cononi
1644 684 1778 725 fuisse
1806 684 1980 725 manda·

1098 755 1206 801 tum,
1241 748 1316 789 lib.
1352 759 1450 789 xlv.
1518 745 1771 800 Φαρνάβαζος
1806 748 1864 799 δὲ,
1901 751 1980 789 τῶν

1095 811 1190 864 πρὸς
1219 809 1538 861 Λακεδαιμονίους
1567 811 1721 863 ἀνοχῶν
1751 811 1983 864 γενομένων,

1095 875 1218 924 ἆνέβη
1246 874 1341 929 πρὸς
1357 875 1430 917 τὸν
1446 874 1634 928 βασιλέα,
1662 875 1728 916 καὶ
1755 874 1981 916 συνέπεισεν

1097 939 1216 983 αὐτὸν
1243 938 1391 980 στόλον
1427 937 1646 991 ἑτοιμάσαι,
1678 939 1746 980 καὶ
1786 928 1983 992 ναύαρχον

1094 1006 1343 1053 καταστῆσαι
1358 1002 1517 1044 Κόνωνα
1533 1004 1749 1052 Ἀθηναῖον.
1781 1004 1983 1045 Gebhard.

1151 1069 1210 1107 Et
1234 1067 1274 1108 ei
1294 1067 1540 1120 permiserit]
1586 1066 1808 1108 Diodorus
1836 1067 1983 1120 paullo

1097 1130 1226 1171 aliter
1245 1131 1398 1172 eodem
1415 1131 1537 1172 libro.

1097 1227 1100 1233 .
1153 1194 1280 1239 Quem
1297 1195 1428 1247 vellet,
1446 1194 1592 1246 eligere
1613 1196 1664 1236 nd
1689 1194 1985 1247 dispensandam

1091 1256 1316 1309 pecuniam]
1340 1257 1488 1307 Ταμίαν
1502 1258 1646 1299 Graeci
1661 1263 1834 1309 vocant,
1853 1269 1984 1310 pecu-

1096 1319 1180 1359 niis
1195 1320 1419 1372 cogendis,
1431 1320 1864 1374 administrandisque
1878 1332 1986 1373 prae-

1096 1381 1278 1425 fectum.
1317 1384 1608 1436 Dispensator
1626 1384 1854 1438 aliquando
1880 1384 1985 1424 dici·

1097 1451 1169 1487 tur
1204 1446 1382 1501 (servile
1413 1448 1518 1487 alias
1552 1447 1597 1487 id
1630 1446 1819 1500 nomen).
1870 1448 1982 1487 Vide

1099 1509 1298 1551 Marcell.
1315 1510 1536 1552 Donatum
1551 1510 1596 1551 in
1609 1501 1785 1551 Suetdn.
1798 1509 1984 1563 August.

1097 1585 1135 1615 c.
1148 1576 1218 1615 67.
1255 1573 1435 1614 Boecler.
1978 1591 1980 1595 v

1152 1640 1204 1681 Id
1221 1640 1433 1681 arbitrium
1448 1639 1608 1692 negavit
1625 1640 1686 1681 sui
1709 1652 1794 1682 esse
1809 1639 1985 1692 consilii]

1099 1704 1208 1744 Eam
1243 1703 1518 1754 electionem,
1547 1703 1801 1756 prudenter.
1867 1704 1983 1744 Nam

1098 1767 1208 1808 mire
1240 1768 1387 1821 placet
1412 1766 1670 1819 hominibus,
1694 1767 1747 1808 iis
1774 1767 1984 1820 inprimis,

1099 1832 1172 1886 qui
1203 1832 1328 1874 nobis
1358 1833 1545 1886 majores
1582 1837 1700 1885 sunt,
1729 1832 1767 1872 si
1798 1833 1861 1873 ita
1896 1833 1983 1873 illis

1099 1896 1322 1938 consilium
1337 1895 1488 1937 demus
1499 1901 1550 1938 ut
1564 1908 1638 1936 eos
1654 1895 1812 1936 rectius
1829 1907 1983 1947 sapere

1099 1959 1307 2010 dicamus,
1323 1959 1436 2013 quod
1456 1960 1588 2001 etiam
1613 1958 1819 2011 Epidicus
1837 1958 1986 2000 obser·

1101 2030 1175 2066 vat
1194 2037 1263 2077 ap.
1282 2025 1500 2076 Plautum,
1517 2036 1570 2066 11.
1596 2028 1636 2066 2.
1638 2025 1718 2065 72.
1736 2055 1740 2058 .
1764 2024 1836 2064 Sic
1865 2023 1982 2076 apud

1094 2089 1210 2131 caes.
1228 2090 1284 2130 B.
1303 2088 1354 2129 C.
1374 2100 1406 2129 1.
1428 2092 1495 2130 13.
1531 2087 1794 2130 Decuriones
1810 2087 1984 2128 Auximi

1099 2151 1298 2192 docent‘
1319 2151 1383 2191 sui
1396 2150 1554 2203 judicii
1573 2163 1663 2191 rem
1681 2162 1767 2190 non
1786 2149 1913 2190 esse?

1156 2214 1239 2260 Qui
1265 2214 1408 2267 optime
1424 2226 1513 2255 suos
1535 2226 1644 2254 nosse
1657 2202 1833 2265 deberet]
1870 2214 1987 2254 Mar·

1100 2278 1241 2319 tialis:
1273 2279 1286 2302 ‘
1308 2279 1525 2331 Principis
1543 2283 1610 2318 est
1628 2278 1765 2319 virtus
1785 2277 1985 2329 maxima,

1099 2354 1227 2382 nosse
1257 2342 1380 2386 suosl
1432 2342 1662 2382 Rationem
1683 2353 1767 2382 non
1792 2346 1985 2382 contem-

1019 2440 1023 2445 .
1097 2404 1284 2446 nendam
1331 2405 1604 2458 consignavit
1649 2405 1816 2458 Trogus
1868 2404 1983 2457 apud

1098 2467 1319 2510 Justinum
1351 2469 1427 2510 lib.
1459 2480 1523 2509 vr.
1548 2471 1589 2509 2.
1626 2469 1640 2492 ‘
1660 2468 1863 2509 Postulat
1890 2468 1985 2508 dari

1100 2530 1183 2572 sibi
1208 2532 1453 2573 ministrum
1481 2532 1705 2584 impensae,
1723 2532 1824 2584 quia
1852 2531 1985 2584 pluri-

1100 2594 1182 2636 bus
1228 2594 1272 2635 id
1315 2595 1519 2636 mandare
1563 2595 1850 2649 perniciosum
1897 2593 1985 2635 sit.'

1105 2658 1307 2699 Gebhard.
1381 2664 1395 2707 j

1094 2750 1099 2755 -
1158 2722 1398 2775 Caeterisque
1408 2722 1636 2764 civitatibus
1646 2723 1858 2764 maritimis
1866 2735 1984 2763 naves

1098 2786 1237 2836 longas
1253 2785 1484 2837 imperaret]
1529 2786 1704 2826 Phrasis
1741 2785 1867 2827 valde
1900 2784 1985 2826 fre-

1101 2861 1234 2902 quens
1266 2849 1433 2901 Curtio,
1455 2854 1506 2890 ut
1534 2850 1633 2889 inde
1660 2849 1875 2901 colligam,
1901 2861 1984 2889 nec

1099 2925 1184 2953 non
1200 2925 1254 2953 ex
1269 2913 1362 2953 aliis
1377 2913 1588 2965 plurimis,
1605 2911 1779 2953 Ruffum
1794 2912 1984 2953 Cornelii

1100 2977 1236 3017 nostri
1256 2976 1576 3028 perstudiosum
1595 2975 1743 3016 fuisse.
1779 2976 1851 3017 Sic
1871 2976 1983 3016 dixit

1098 3039 1174 3081 lib.
1194 3051 1264 3081 ιιι.
1282 3043 1324 3080 4.
1363 3040 1376 3063 ‘
1399 3040 1545 3081 Naves
1577 3040 1703 3080 sociis
1736 3038 1982 3091 imperare!

1100 3102 1249 3143 Caenar
1268 3102 1323 3143 de
1342 3103 1452 3143 Bell.
1473 3103 1588 3143 Gall.
1607 3103 1680 3144 lib.
1701 3114 1763 3144 vr.
1779 3106 1819 3143 4.
1857 3103 1981 3143 Curt.

1099 3165 1176 3206 lib.
1194 3177 1259 3206 rx.
1275 3169 1348 3206 88.
1392 3167 1404 3188 ‘
1424 3166 1603 3218 Equites
1634 3164 1884 3204 civitatibus
1904 3165 1982 3204 im-

1099 3227 1282 3279 perare!
1327 3228 1419 3268 Iste
1444 3228 1601 3267 iterum
1628 3228 1868 3269 Comment.
1888 3239 1920 3268 1.
1941 3233 1983 3271 7.

1097 3294 1109 3315 ‘
1132 3290 1375 3331 Provinciae
1393 3290 1473 3330 toti
1488 3302 1613 3343 quam
1628 3290 1857 3331 maximum
1874 3291 1982 3331 mili-

1098 3359 1191 3395 tum
1205 3365 1424 3393 numerum
1442 3351 1703 3405 imperaret-²
1726 3353 1826 3394 Lib.
1843 3365 1926 3394 vn.
1938 3357 1981 3394 4.

1097 3419 1109 3442 ‘
1133 3421 1229 3463 Qua
1259 3418 1404 3461 oblata
1442 3423 1660 3471 potestate
1698 3418 1892 3459 omnibus
1929 3419 1979 3458 iis
