2306 3900
289 286 466 341 cxviii

346 423 482 477 prim.)
513 435 601 469 xxv,
620 416 673 463 22
703 433 838 475 preces
856 419 1030 462 Deorum
1050 435 1171 475 expe-

346 486 441 524 tere,
476 476 538 516 Fr.
561 480 614 516 12
642 475 749 530 (Jos.
781 475 982 516 Mercerus
1014 476 1060 515 in‘
1087 486 1171 516 not.

343 532 396 572 ad
408 531 591 571 Aristaen.
605 529 681 583 Ep.
699 530 726 577 i,
740 534 781 569 8.
808 543 896 581 exp.
925 536 936 553 ⁶
951 530 1130 570 invocare
1147 531 1171 570 ε’

345 592 464 638 atque
493 586 571 623 huc
600 585 768 624 advocat
791 584 888 623 illud
908 584 1040 624 Plauti
1056 585 1173 625 Truc.

343 639 372 685 i.
396 644 438 685 6,
466 641 488 679 1
534 643 547 661 ‘
567 637 636 691 qui
668 650 692 677 a
724 643 888 691 patrona
919 651 1055 690 preces
1086 652 1173 678 mea

343 692 623 745 expetessunt.'
655 690 721 731 ubi
749 705 786 731 v.
801 697 888 732 not.
914 691 1173 731 'saubmauni.

346 746 578 786 Buchnerus
621 746 807 786 censebat
846 751 860 768 ⁸
887 745 1037 798 preces'
1076 747 1174 799 poni

345 813 418 852 pro
437 800 551 840 rebus
568 799 714 853 petitis,
741 806 786 837 ut
814 803 826 822 ⁶
846 799 950 838 vota'
969 813 1040 852 pro
1060 800 1173 840 rebus

345 866 443 905 quas
479 867 679 900 vovemus,
720 866 838 905 quam
873 852 1174 906 explicationem

345 914 387 947 et
405 907 536 948 Plauti
557 908 666 947 locus
683 906 877 959 admittit)
1029 909 1032 914 “
1117 916 1119 919 ⁴

292 961 448 1005 Precari
480 974 504 1000 a
533 960 623 1000 Diis
641 959 922 1000 immortalibus
950 974 1015 1007 xx,
1034 965 1058 1001 5
1088 960 1176 1014 (Sic

346 1015 480 1054 Livius
506 1014 610 1061 xxix,
630 1017 680 1055 17
712 1020 724 1038 ‘
743 1027 793 1054 ne
820 1015 870 1053 ab
898 1014 987 1053 Diis
1017 1014 1177 1067 quidem

345 1069 638 1112 immortalibus
671 1069 780 1121 quod
829 1081 1030 1122 precemur
1065 1069 1177 1121 quic·

345 1135 463 1176 quam
484 1123 697 1176 superest’)

294 1179 489 1220 Premere
503 1177 762 1217 adversarium
792 1176 988 1229 (carpere,
1007 1182 1155 1215 'vexare

346 1232 426 1277 xiv,
443 1234 469 1271 ¹7
498 1231 736 1270 adversarios
773 1231 938 1283 (instare
969 1176 1179 1284 perculsis}

347 1284 456 1331 xxiii.
476 1289 525 1326 11
555 1285 678 1338 premi
706 1285 757 1324 ab
789 1285 901 1323 hoste
920 1284 1031 1338 (cum
1050 1285 1091 1323 in
1109 1297 1180 1336 pe-

349 1338 471 1379 riculo
504 1345 546 1378 et
577 1339 764 1391 angustiis
797 1339 957 1392 sumus),
977 1339 1006 1386 i,
1025 1341 1050 1378 3
1087 1338 1182 1391 (Est

349 1392 594 1432 venatorium
623 1393 798 1438 verbum,
828 1405 918 1431 cum
944 1393 999 1432 ita
1025 1399 1182 1444 urgetur

349 1446 490 1492 bestia,
508 1453 554 1485 ut
568 1446 677 1485 nulla
689 1445 871 1485 elabendi
885 1445 1052 1498 amplius
1065 1447 1182 1498 copia

350 1500 416 1540 sit.
469 1500 570 1540 Inde
602 1501 653 1539 ad
685 1499 890 1548 militiam3
919 1512 989 1551 per
1008 1501 1182 1551 metaph.

351 1568 442 1594 vero
462 1560 503 1595 et
520 1554 571 1593 ad
590 1554 740 1606 disput.
766 1555 1018 1602 transfertur3
1045 1567 1182 1606 quem·

349 1610 454 1648 adm.
484 1619 565 1647 non
594 1607 714 1647 semel
730 1606 831 1646 cie.
865 1619 971 1646 usus.
1003 1606 1182 1659 Buchn.)

350 1662 473 1715 premi
481 1661 644 1714 ancipiti
654 1660 828 1712 periculo
848 1660 890 1707 ii,
903 1665 927 1700 3
956 1659 1183 1700 valetudine

353 1716 462 1763 xxiii,
481 1719 508 1756 4
549 1715 726 1767 undique
758 1714 862 1752 bello
891 1713 974 1762 xiii,
993 1718 1018 1754 3
1060 1713 1182 1768 premi

354 1771 404 1810 ad
422 1770 646 1811 exeundum
665 1767 835 1822 (urgeri)
864 1767 957 1815 xvii,
977 1773 1004 1808 6

300 1824 489 1866 Pretiosae
509 1823 775 1876 possessiones
805 1835 893 1869 ην,
913 1826 965 1862 12

300 1878 436 1918 Pridie
453 1877 655 1918 Kalendas
672 1876 819 1929 Aprilis
847 1890 936 1923 xxv,
955 1879 1008 1916 22

303 1933 455 1972 Primus
498 1931 608 1971 locus
650 1932 792 1970 redium
831 1930 1030 1983 (atrium),
1068 1930 1185 1970 Praes.

354 1986 479 2040 prima
503 1985 589 2038 ejus
613 1985 742 2038 imago
760 1984 802 2023 in
820 1985 959 2024 decern
977 1991 1184 2036 praetorum

353 2053 515 2080 numero
563 2039 722 2092 ponitur
766 2038 912 2091 (primo
947 2038 1057 2090 loco)
1101 2039 1129 2086 i,
1157 2043 1185 2078 ὃ

355 2094 478 2147 prima
496 2100 613 2134 nocte
632 2093 778 2147 (prima
795 2092 923 2133 noctis
950 2099 1074 2145 parte,
1106 2092 1185 2145 pri·

352 2162 418 2188 ma
445 2148 601 2201 vigilia)
628 2147 737 2194 xviii,
756 2150 782 2187 9
811 2160 901 2187 cum
926 2146 1095 2199 primum
1113 2160 1185 2200 po·

355 2203 445 2250 tuit,
469 2202 673 2255 imperium
693 2201 879 2253 deposuit
903 2214 968 2247 xx,
986 2204 1010 2241 3
1039 2199 1186 2254 primus

356 2256 522 2297 Graeciae
553 2256 599 2310 (e
632 2255 813 2304 Graecia;
841 2254 1091 2307 Graecorum)
1119 2254 1187 2301 vii,

356 2314 381 2350 ¹1
411 2310 559 2363 primus
576 2308 713 2363 (cujus
739 2310 863 2361 prima
892 2322 960 2347 seu
989 2307 1188 2360 praecipua

355 2364 522 2402 habetur
558 2363 678 2414 ratio)
717 2361 810 2408 xvii,
843 2367 865 2403 1
913 2362 1027 2413 primi
1062 2361 1188 2399 aetatis

357 2415 444 2467 ejus
478 2415 693 2469 (praecipui
722 2415 809 2467 ejus
845 2414 992 2467 temp.)
1020 2412 1074 2461 xi,
1094 2418 1114 2454 1
1146 2413 1189 2452 in

360 2469 495 2522 primis
509 2477 609 2508 stare
624 2471 702 2521 (sc.
719 2469 760 2507 in
778 2468 877 2515 acie,
896 2480 1071 2520 pugnare
1089 2467 1189 2506 inter

361 2523 528 2576 primos)
557 2535 622 2569 xv,
646 2527 695 2563 10
743 2522 782 2562 in
809 2521 942 2574 primis
963 2523 1062 2560 bene
1079 2521 1189 2559 habi-

358 2578 458 2617 tavit
484 2590 573 2623 xxv,
597 2581 647 2616 13
678 2577 718 2615 in
737 2575 870 2628 primis
888 2574 1062 2614 omnium
1080 2574 1189 2614 Pers.

357 2645 477 2671 manu
507 2631 615 2670 fortis
648 2629 772 2684 (inter
802 2643 937 2668 omncs
974 2628 1111 2668 Persas
1147 2629 1189 2668 in

358 2686 492 2738 primis
529 2684 661 2737 fortis)
690 2684 744 2731 iv,
766 2688 786 2724 l
829 2684 1036 2735 (Ceterum
1071 2681 1189 2734 liujus

359 2740 511 2792 generis
531 2738 712 2791 exempla
729 2737 842 2791 plura
861 2750 978 2789 supra
1002 2743 1190 2777 annotata

357 2800 462 2834 flunt·
481 2808 519 2832 Va
537 2792 610 2846 In)
992 2824 994 2827 ,

304 2849 495 2900 Princeps
531 2847 625 2899 (pro
648 2844 812 2899 primo)
840 2843 923 2891 viii,
952 2849 989 2885 1.
1035 2842 1129 2890 xxii,
1150 2846 1189 2884 3.

358 2901 453 2949 xvii,
473 2905 493 2941 1
525 2901 619 2954 (pro
638 2898 884 2952 praecipuo):
916 2898 1098 2951 princeps
1115 2898 1189 2936 du·

358 2969 447 2996 cum
475 2954 554 3001 xiv,
574 2959 598 2994 5
631 2955 813 3006 princeps
841 2965 922 2991 non
952 2952 1076 2992 solum
1095 2965 1190 2991 con·

345 3009 441 3049 silii
473 3010 543 3049 sed
573 3007 689 3047 etiam
738 3007 777 3046 in
827 3005 1009 3046 convictu
1054 3005 1190 3059 (cujus

361 3062 526 3106 consilio
543 3061 806 3113 convictuque
819 3066 910 3099 ante
918 3059 1015 3099 alios
1027 3059 1192 3113 utimur)

359 3131 452 3166 xxv,
470 3120 496 3158 8
524 3117 588 3157 Ita
607 3130 617 3155 ε
637 3115 853 3168 principem
868 3115 910 3152 in
927 3113 1031 3153 bello
1046 3125 1192 3165 ponere

361 3171 533 3224 aliquem
570 3169 760 3224 (alicujus
793 3181 913 3221 opera
947 3167 1192 3221 consilioque

361 3225 569 3277 plurimum
584 3223 663 3277 uti)
692 3221 799 3270 xxiii,
820 3227 845 3263 2
878 3221 967 3261 Ita:
996 3221 1191 3274 principes

359 3278 453 3331 (viri
486 3278 688 3330 praecipui,
719 3277 830 3323 clari,
861 3274 1067 3328 florentes)
1107 3289 1146 3323 v,
1166 3279 1190 3316 3

362 3335 533 3383 (oppon.
545 3330 707 3383 infimis)
728 3333 851 3377 xxv,3
882 3330 1077 3382 principes
1091 3329 1193 3369 ordi-

361 3385 421 3424 nis
450 3384 637 3435 equestris
665 3398 753 3430 xxv,
775 3388 801 3424 8
841 3383 1064 3436 philosophi
1103 3397 1192 3430 xxv,

366 3443 417 3480 17
446 3439 627 3490 princeps
646 3437 722 3476 suit
741 3437 856 3489 hujus
877 3438 931 3476 rei
957 3438 1031 3490 (de
1058 3444 1193 3476 aucto-

361 3491 424 3544 re)
451 3505 540 3538 xxv,
559 3494 584 3530 8
632 3491 826 3542 principes
862 3491 1016 3530 sceleris
1035 3491 1193 3542 (aucto-

363 3545 444 3600 res)
470 3544 576 3595 xviii,
598 3547 648 3586 13
678 3544 781 3598 (Ms.
806 3552 934 3584 tamen
954 3542 1107 3586 Schotti
1125 3546 1193 3584 ha-

1112 297 1317 337 INDEX

1288 424 1355 464 bet
1382 428 1395 447 ‘
1410 421 1664 477 participes').'
1709 404 1904 475 principes
1932 419 2112 462 factionis

1289 477 1367 526 xvi,
1386 482 1409 518 1
1455 478 1651 530 principes
1669 475 1780 529 (cum
1799 483 1893 515 nota
1911 477 2114 527 potestatis

1288 538 1330 570 et
1360 531 1525 586 officii):
1571 531 1767 584 principes
1800 530 1965 570 civitatis
2005 529 2050 576 ii,
2085 534 2113 570 8

1287 585 1413 625 Ionia
1430 585 1656 626 sc.etAE01.
1675 585 1737 632 i,8
1766 584 1851 623 Sic:
1873 583 2114 636 principibus

1289 639 1544 692 praesentibus
1576 639 1655 693 (sc.
1674 637 1978 691 Gortyniorum)
2006 635 2116 684 xxiii,

1289 698 1317 734 9
1362 693 1511 747 (Aliter
1528 707 1616 734 cum
1637 699 1731 732 nota
1751 693 1891 743 ἑξοχῆς
1907 698 1950 731 et
1965 690 2119 744 magni-⁴

1290 744 1483 801 tudinis)
1510 747 1707 801 principes
1727 744 1909 786 'civitatis
1944 758 2035 792 xxv,
2064 746 2117 785 19

1287 799 1591 855 (παραφράσεως
1610 801 1698 840 loco
1717 813 1800 840 esse
1817 805 1982 852 possunt
1999 799 2118 838 verba

1289 869 1381 903 xxv,
1400 859 1480 905 185
1509 855 1576 907 qui
1603 855 1751 894 honore
1769 865 1973 905 rerumque
1990 858 2116 905 gesta-

1290 921 1375 948 rum
1408 909 1666 962 amplitudine
1691 915 1840 948 ceteros
1869 906 2119 959 praestitere).

1292 963 1482 1015 Princeps
1514 963 1618 1002 urbis
1644 961 1837 1011 Romanas
1864 966 1907 999 et
1933 965 2118 999 terrarum

1292 1015 1395 1056 orbis
1423 1017 1495 1071 (de
1513 1015 1652 1055 summi
1669 1013 1819 1068 imperii
1845 1013 2119 1066 affectatione)
2180 1042 2185 1047 .

1292 1084 1381 1119 xxv,
1400 1074 1453 1112 2⁰
1500 1070 1702 1122 Principes
1739 1068 1904 1108 Graeciae
1925 1067 2120 1122 >Spartani

1293 1125 1372 1172 xvi,
1391 1128 1417 1165 2
1443 1122 1620 1164 Thebani
1648 1136 1711 1170 xv,
1730 1128 1753 1163 5
1785 1121 2014 1173 Principum
2038 1127 2120 1162 stu-

1292 1179 1359 1218 dia
1377 1177 1651 1232 (optimatum)
1676 1191 1764 1225 xxv,
1787 1180 1854 1217 16*
1876 1175 2121 1229 Principiam

1292 1231 1442 1272 musica
1459 1232 1671 1273 conveniat
1696 1245 1761 1279 xv,
1780 1234 1803 1270 1

1241 1286 1490 1339 Principatus
1513 1285 1694 1325 maritimi
1719 1282 1871 1336 imperii
1897 1283 1980 1332 xiii,
1998 1286 2025 1324 2
2070 1283 2123 1322 de

1295 1339 1519 1393 principatu
1550 1336 1823 1393 intelligebant
1854 1337 1928 1377 sibi
1955 1349 2045 1378 cum
2062 1337 2123 1376 his

1296 1401 1492 1435 certamen
1525 1395 1607 1434 fore
1634 1394 1677 1440 ii,
1710 1397 1737 1433 6
1779 1390 1890 1445 (talis
1919 1391 2123 1431 civitatum

1297 1448 1494 1487 aemulatio
1514 1446 1711 1500 descripta
1726 1446 1886 1486 ‚Iustino
1912 1445 1994 1492 viii,
2015 1448 2054 1491 l.
2075 1445 2123 1497 1)

1241 1502 1491 1556 Principatus
1523 1502 1626 1555 (non
1643 1499 1808 1553 imperii,
1828 1499 1897 1538 sed
1916 1498 2123 1538 auctorita-

1299 1556 1367 1603 tis,
1395 1556 1614 1608 praecipuus
1637 1554 1678 1593 in
1707 1554 1863 1593 civitate
1881 1551 2013 1605 locus)
2036 1561 2079 1599 v,
2097 1557 2123 1592 2

1299 1609 1386 1648 talis
1406 1607 1646 1661 principatus
1659 1620 1777 1647 causa
1790 1606 2058 1646 aemulationes
2085 1620 2126 1653 x,

1299 1667 1326 1703 6
1355 1662 1619 1716 principatum
1637 1661 1678 1700 in
1697 1661 1855 1701 civitate
1873 1659 2125 1699 obtinet‘Sci-

1298 1716 1366 1769 pio
1400 1712 1554 1770 (gloria
1573 1713 1712 1756 ceteris
1741 1712 1922 1769 praestnt)
1961 1713 2066 1761 xxiv,
2098 1719 2126 1755 2

1299 1770 1492 1810 Aristides
1519 1782 1610 1810 cum
1637 1768 1900 1808 Themistocle
1917 1769 1970 1808 de
1986 1767 2128 1820 princi-

1299 1831 1394 1878 patu
1413 1824 1618 1865 contendit
1642 1822 1700 1871 iii,
1715 1827 1736 1864 1
1758 1820 2028 1876 principatum
2044 1822 2127 1863 elo-

1301 1879 1473 1932 quentiae
1493 1885 1602 1919 tenet
1618 1877 1860 1929 Hortensius-
1877 1889 1968 1924 κιν,
1980 1881 2021 1918 5.
2047 1890 2086 1926 v,
2101 1882 2127 1919 2

1301 1933 1403 1972 sicut
1420 1944 1445 1972 ε’
1460 1932 1720 1986 principatum
1734 1957 1737 1965 a
1755 1932 1798 1970 in
1831 1926 1991 1972 civitate
2026 1932 2128 1971 obti-

1300 2000 1393 2026 nere
1420 1987 1491 2040 (de
1508 1984 1714 2040 Scipione)
1741 1985 1844 2032 xxiV,
1862 1981 1890 2027 2'
1915 1985 2127 2039 (excellen-

1302 2041 1356 2080 tia
1373 2054 1429 2082 sc.
1449 2041 1582 2094 gloriae
1599 2042 1790 2092 samaeque
1809 2050 1926 2092 supra
1941 2038 2112 2092 ceteros)

1249 2095 1448 2147 Principia
1464 2095 1696 2149 (castrorum
1713 2093 1791 2147 sc.)
1817 2093 1925 2140 xviii,
1941 2097 1967 2134 ’1
1997 2093 2130 2146 -regia,

1301 2148 1401 2189 ibid.
1429 2149 1580 2204 (Locus
1596 2155 1821 2195 castrorum,
1835 2146 1902 2187 ubi
1915 2147 2131 2188 tendebant

1302 2203 1437 2250 duces,
1456 2203 1601 2244 tribuni
1617 2203 1693 2242 διο.
1713 2202 1779 2241 ubi
1790 2202 1858 2255 jus
1874 2201 2040 2248 dictum,
2053 2199 2132 2255 sig-

1303 2270 1356 2296 na
1382 2263 1590 2306 asservat&
1610 2256 1744 2297 altaria
1772 2255 1892 2296 culta.
1913 2255 1995 2296 vid.
2022 2255 2131 2308 Lips.

1303 2311 1385 2350 mil.
1400 2310 1519 2350 Rom.
1538 2325 1578 2359 v,
1596 2316 1639 2352 Δ.
1666 2310 1757 2349 add.
1773 2308 1941 2362 Berneg.
1957 2310 2011 2348 ad
2027 2309 2131 2349 Just.

1304 2363 1360 2410 xi,
1379 2368 1477 2410 6,6.
1522 2371 1563 2403 et
1597 2364 1772 2404 Gronov.
1804 2365 1955 2403 observ.
1982 2363 2035 2411 iv,
2065 2366 2131 2403 lo.

1302 2417 1373 2456 ubi
1393 2417 1507 2470 plura
1525 2418 1576 2456 de
1593 2418 1668 2457 hac
1687 2416 1807 2467 voce)

1251 2471 1388 2512 Prior:
1417 2469 1638 2524 Dionysius
1649 2470 1752 2522 prior
1770 2470 1911 2522 (paulo
1927 2475 2040 2510 unte:
2069 2483 2131 2510 su·

1303 2523 1445 2577 perior.
1474 2537 1530 2564 sc·
1550 2537 1598 2565 ex
1616 2523 1771 2562 duobus
1798 2523 1877 2563 illis·
1896 2518 2048 2563 ‘Sicffiae
2065 2529 2132 2577 ty-

1305 2577 1459 2631 rannis)
1487 2593 1526 2630 x,
1544 2582 1582 2618 1.
1601 2577 1717 2624 xxi,2
1745 2576 1966 2630 (quomodo
1983 2583 2029 2617 et
2039 2578 2131 2618 Jusss

1306 2632 1392 2671 tino
1425 2639 1587 2673 vocatur
1612 2631 1706 2678 xxii,
1728 2635 1766 2677 1.
1787 2636 1824 2672 1.
1869 2630 1963 2671 Sic:
2000 2631 2134 2684 'prior

1305 2685 1529 2792 A)fricanus’
1561 2682 1668 2740 apud
1688 2685 1924 2734 Quintilian·
1951 2689 1990 2727 1.
2008 2685 2060 2726 Ο.
2078 2685 2133 2733 xi,

1251 2793 1463 2836 Pristinum
1499 2801 1653 2847 tempus
1681 2794 1749 2842 vii,
1766 2797 1794 2834 6
1855 2793 1897 2833 iu
1927 2792 2132 2846 pristinum

1305 2849 1505 2888 restituere
1537 2849 1776 2902 provinciam
1803 2847 1866 2901 (in
1895 2847 2062 2900 priorem
2090 2853 2134 2887 et

1305 2909 1475 2943 veterem
1502 2903 1668 2954 statum)
1710 2915 1774 2949 xx,
1794 2906 1815 2942 1
1874 2901 2056 2954 (Dicitur
2088 2907 2135 2940 ut

1307 2962 1319 2979 ·
1335 2957 1536 2996 restituere
1553 2956 1594 2996 in
1612 2954 1838 3009 integrum')

1253 3008 1411 3051 Privare
1445 3021 1664 3050 commeatu
1697 3011 1830 3049 urbem
1868 3009 1898 3055 i,
1923 3013 1950 3050 7
1994 3007 2135 3061 privari

1307 3063 1453 3103 auxilio
1471 3064 1664 3104 sociorum
1693 3077 1757 3111 xv,
1783 3067 1810 3103 6
1854 3062 2134 3103 commeatibus

1308 3117 1388 3165 xix,
1406 3122 1432 3160 2
1469 3118 1552 3157 vita
1569 3119 1620 3157 ab
1638 3118 1771 3171 aliquo
1798 3116 1875 3164 xxi,
1893 3119 1920 3157 8

1255 3171 1434 3213 Privatus
1458 3171 1698 3225 (opponitur
1714 3170 1997 3223 magistratibus
2009 3174 2052 3209 et
2065 3167 2136 3222 qui

1310 3233 1403 3265 sunt
1429 3237 1520 3266 cum
1538 3226 1701 3279 imperio
1720 3224 1828 3265 domi
1858 3222 2105 3276 militiaeque)
2121 3236 2134 3260 ι

1310 3280 1508 3330 potentior
1524 3286 1566 3320 et
1582 3279 1706 3332 major
1725 3291 1843 3333 quam
1869 3277 2045 3331 privatus
2065 3288 2136 3314 ex-

1310 3333 1500 3374 istimatur
1528 3333 1754 3373 Alcibiades
1795 3332 1864 3378 vii,
1891 3334 1917 3372 3
1963 3329 2135 3382 privatus

1310 3387 1350 3425 in
1386 3389 1508 3427 classe
1539 3394 1621 3426 erat
1653 3386 1855 3432 Chabrias,
1888 3384 1957 3423 sed
1985 3395 2135 3429 omnes,

1310 3441 1379 3494 qui
1414 3442 1456 3479 in
1493 3441 1716 3493 magistratu
1753 3444 1876 3484 erant,
1905 3437 2135 3476 auctoritate

1312 3494 1486 3534 anteibat
1513 3495 1581 3541 xii,
1596 3498 1621 3535 4
1655 3492 1757 3546 (Ubi
1776 3492 1986 3544 opponitur
2004 3491 2050 3537 is,
2069 3490 2138 3541 qui

1315 3556 1396 3590 tum
1412 3555 1494 3589 crat
1509 3549 1692 3601 privatus,
1713 3553 1751 3587 ct
1779 3546 1861 3586 sine
1880 3545 2056 3597 imperio,
2075 3544 2136 3589 iis,
