2326 3944
743 267 839 310 111.

233 391 318 441 que
352 386 586 439 exstitisse,
617 392 665 428 ut
692 389 791 428 mox
823 387 971 439 Nepos
1002 383 1115 427 com·

229 457 460 493 memorat.
490 452 640 494 Schott.
695 451 890 505 AEquitas
909 451 991 491 hoc
1018 451 1113 491 loco

226 516 262 564 ἡ
276 514 495 569 piet-pachus,
527 515 598 557 cui
635 516 870 569 opponitur
900 513 1116 566 παρανομία

228 584 281 620 et
299 578 649 631 intemperantia.
676 579 856 620 Boecler.

230 665 247 673 -·
295 641 348 683 Et
366 642 615 695 innocentie]
662 642 961 685 Innocentiam
994 641 1113 695 equi·

235 705 333 746 dem
355 704 536 747 Aristidi
549 718 636 747 nou
651 705 852 758 abiudico
863 716 994 757 supra
1006 717 1117 757 prae

228 767 450 811 dicatam:
479 769 586 811 illud
604 766 773 821 moneo,
798 769 882 810 hoc
910 769 1008 810 loco
1024 780 1114 808 con·

233 832 441 873 tinentiam
459 833 603 885 potins
622 832 942 875 rescribendum
959 832 1113 884 videri,

234 906 360 948 quain
381 896 581 938 virtutem
597 909 699 939 mox
716 897 1019 939 abstinentiam
1036 909 1113 938 no

235 958 387 1011 minat,
414 972 514 1014 quae
533 963 653 1014 saep‘e
681 961 722 1001 iu
741 961 894 1002 iisdem
921 961 1113 1003 adhiberi

235 1023 391 1077 solent,
423 1030 473 1065 ut
490 1024 546 1065 ad
563 1025 830 1078 Scriptorem
849 1026 904 1066 de
922 1025 1039 1075 Viris
1057 1025 1117 1070 Il·

228 1088 443 1129 ‘lustribus
454 1095 661 1130 annotare
673 1102 741 1131 me
753 1090 942 1130 memini.
960 1090 1115 1132 Senon.

229 1151 441 1195 Frustra:
467 1154 688 1194 innocentia
717 1153 830 1194 enim
860 1152 1114 1206 quaudoque

227 1220 318 1256 ,est
334 1216 602 1258 continentia
637 1218 706 1258 vel
739 1216 1018 1270 abstinentia,
1067 1221 1116 1258 et

228 1278 431 1320 avaritiae
451 1279 698 1332 opponitur.
743 1279 858 1321 vid.
873 1280 1013 1322 Cicer.
1034 1292 1114 1334 pro

230 1341 458 1384 saluauit.
475 1354 515 1384 c.
535 1346 600 1384 13.
620 1343 715 1384 Val.
733 1343 950 1384 Maximus
974 1344 1048 1384 lib.
1069 1355 1114 1386 v.

300 1405 315 1428 ‘
331 1403 564 1458 Aristides,
580 1418 665 1460 quo
680 1406 811 1447 totius
824 1406 1010 1448 Graeciae
1022 1407 1115 1459 jus-

227 1467 333 1509 titia
367 1474 586 1523 censetur,
625 1469 907 1511 continentiae
944 1481 1112 1524 qnoque

232 1530 438 1574 eximium
457 1533 706 1585 specimen?

287 1594 614 1649 Intemperantia]
634 1596 914 1680 Impotentia‚
929 1568 1112 1684 saevitia,

230 1658 673 1712 superbia‚fiap1'rrma.
821 1670 826 1678 ·

157 1726 165 1735 “
287 1722 677 1774 Etjastitiafactum
687 1729 748 1766 est
759 1722 973 1777 Aristidis]
1000 1724 1112 1766 Vide

234 1784 470 1827 Diodorum
489 1787 678 1830 Siculum
695 1788 773 1829 lib.
790 1798 856 1830 xi.
882 1789 1051 1830 Plutar.
1068 1788 1111 1831 iu

231 1848 445 1901 Aristide,
461 1856 508 1891 et
523 1851 814 1905 Thucydidem
845 1852 919 1893 lib.
939 1862 972 1894 1.
1007 1853 1112 1894 Tra·

231 1912 342 1953 dunt
356 1912 765 1967 Scriptus-emnam,
791 1920 842 1958 ut
872 1916 1005 1957 ictum
1034 1915 1112 1957 foe.

232 1974 312 2015 dus
330 1988 427 2017 cum
445 1977 558 2017 omni
575 1978 752 2019 Graecia
780 1977 984 2030 firmaret,
1012 1985 1112 2033 post

229 2038 348 2080 diras
375 2041 691 2092 execrationes,
718 2044 920 2084 accensos
945 2043 1111 2084 ferreos

229 2102 359 2144 orbes
390 2103 437 2145 in
470 2115 590 2145 mare
619 2105 863 2158 dejecisse3
893 2105 1114 2159 adjurans,

231 2170 281 2208 nt
291 2166 354 2208 ita
367 2167 722 2220 extinguerentur
738 2181 836 2210 cum
847 2170 961 2210 omni
971 2169 1110 2223 stirpe

230 2235 278 2274 ‚et
298 2235 444 2283 gente,
461 2231 532 2284 qui
552 2237 710 2272 contra
722 2230 862 2272 foedus
881 2232 1010 2280 irent,-
1040 2240 1111 2273 ve·

227 2292 311 2333 luti
330 2293 513 2346 ignitum
531 2294 638 2336 illud
655 2294 816 2336 ferrum
835 2308 961 2350 aqua.
988 2294 1111 2340 Alex.

226 2356 278 2397 ab
292 2356 416 2400 Alex.
487 2387 489 2389 ·

235 2430 237 2432 ·
283 2420 443 2462 Bellum
458 2422 665 2475 renovare]
693 2422 899 2465 Denovo
927 2428 975 2465 et
1001 2423 1111 2466 inte·

230 2491 308 2535 gro
339 2482 515 2538 inferre.
571 2486 847 2530 Hamilcare:
882 2489 896 2511 ‘
914 2487 1002 2529 Sed
1029 2488 1110 2540 ita,

231 2551 281 2586 nt
296 2547 444 2591 statim
465 2553 607 2589 mente
627 2549 828 2602 agitaret,
857 2550 894 2591 si
919 2551 1110 2603 paullum

229 2609 355 2651 modo
368 2622 436 2651 res
449 2616 593 2653 essent
604 2611 800 2666 refectae,
809 2613 969 2654 bellum
986 2624 1109 2655 reno«

229 2673 359 2714 vare!
414 2674 530 2716 Hirt.
550 2674 624 2716 lib.
638 2686 740 2717 viu.
759 2679 797 2717 1.
825 2677 838 2699 ‘
856 2676 1109 2728 Complures

229 2735 382 2777 eodem
418 2741 612 2789 tempore
656 2738 856 2780 civitates
902 2749 1110 2781 renovare

231 2797 334 2838 belli
347 2799 525 2838 consilia
538 2799 816 2840 nitebantur?
867 2800 1005 2841 Tacit.
1020 2800 1110 2842 An·

230 2860 317 2902 nal.
333 2871 406 2902 ιιι.
419 2865 486 2903 20.
512 2863 524 2884 ‘
542 2862 706 2902 Eodem
723 2874 833 2902 anno
845 2861 1110 2915 Tacfarinas,

230 2935 356 2977 quem
377 2924 520 2976 priore
538 2931 691 2966 aestate
704 2925 871 2978 pulsum
889 2938 915 2966 a
931 2926 1113 2968 Camillo

229 2989 479 3040 memoravi,
499 2989 686 3031 bellum'
677 3001 719 3030 ιιι
734 2987 886 3030 Africa
900 2989 1112 3033 renovat.²

233 3050 359 3092 Geth.

233 3148 240 3155 .
285 3115 395 3157 Car.
426 3118 467 3156 3.
513 3115 714 3162 Quantam
743 3115 922 3168 pecnniae
954 3126 1112 3170 quoeqns

229 3177 373 3218 civitas
407 3177 539 3230 daret]
596 3177 802 3229 Συντάξεις
834 3180 1112 3232 appellarunt

229 3239 513 3283 Athenienses
530 3241 702 3282 nomine
723 3242 919 3294 specioso
944 3249 990 3284 et
1010 3243 1113 3295 leni,

230 3304 334 3357 quia
363 3315 520 3345 nomen
555 3303 673 3355 φόρος
703 3304 884 3345 moleste
914 3303 1113 3346 ferebant

231 3367 391 3419 Graeci,
403 3367 542 3420 inquit
556 3368 864 3420 Harpocratio.
896 3367 1112 3410 Isocrates

233 3429 318 3481 περὶ
337 3428 498 3482 sip-{umr-
553 3431 687 3481 Ἡμεῖς
703 3430 783 3482 γὰρ
796 3428 951 3480 albu-«Oa
967 3429 1052 3480 μὲν,
1063 3430 1114 3480 ἣν

232 3493 307 3544 τὴν
325 3492 529 3537 θάλασσαν
546 3494 725 3547 πλέωμεν
742 3496 910 3538 πολλαῖς
925 3494 1112 3551 τριήρεσι,

904 266 1273 321 Ams‘rmnm,
1311 270 1449 311 cAP.
1485 258 1537 311 3.

1947 253 2053 312 '45⁷

1170 386 1240 428 καὶ
1258 387 1482 440 βιαζῶμεθα
1498 388 1570 430 τὰς
1593 387 1725 429 πόλεις
1741 378 1945 439 συντᾶξειέ
1959 384 2057 428 διδό-

1176 465 1253 492 ναι.
1311 452 1605 506 Appellabant
1643 459 1783 496 tamen
1818 458 1864 493 et
1903 451 2059 504 φόρους.

1173 513 1254 554 ἀπὸ
1270 516 1342 555 τοῦ
1372 513 1514 567 φέρειν.
1572 515 1792 556 AEschines
1821 514 1909 567 περὶ
1936 529 2059 567 παρα·

1095 608 1098 611 -
1171 581 1318 629 τρεσβ.
1374 577 1445 619 Ὦς
1474 577 1527 618 ὢν
1554 578 1808 630 Ἀριστείδης,
1839 579 1861 618 ὁ
1877 576 1969 619 τοὺς
1986 578 2058 629 φό·

1175 656 1263 694 ρους
1279 639 1399 693 τάξας
1415 643 1500 683 τοῖς
1519 639 1732 695 Ἕλλησιν,
1761 643 1783 681 ὁ
1805 640 2058 683 ’δίκαιοι-ἔπι·-

1173 705 1426 757 καλούμενος.
1468 706 1654 749 Lambin.
1724 707 1835 747 Vide
1873 707 2059 748 collecta

1174 770 1368 811 Meursio
1398 771 1576 812 Fortun.
1602 768 1739 812 Attio.
1759 782 1856 823 cap.
1869 774 1911 811 7.
1931 780 1973 823 p.
1989 774 2058 811 52.

1171 838 1223 875 et
1240 842 1375 887 seqq.-

1172 923 1178 931 »
1231 895 1533 948 Quadringenta
1568 900 1610 937 'et
1643 897 1855 948 sexaginta
1891 890 2060 949 talenta]

1176 959 1287 1001 eod.
1316 960 1369 1001 P.
1399 960 1515 1001 Dan.
1563 960 1846 1011 Quadi-ingena
1876 964 1916 1000 et
1945 973 2059 1000 sexa-

1173 1035 1292 1074 gena.
1344 1023 1416 1064 Sic
1442 1023 1612 1064 Schotti
1637 1035 1687 1065 ac
1707 1023 1896 1065 Gifanii:
1927 1029 1977 1064 ut
1996 1025 2059 1064 in·

1175 1085 1245 1127 fra
1267 1086 1311 1127 iu
1338 1085 1566 1128 Alcibiade
1581 1101 1594 1128 ι
1623 1088 1636 1111 ⁴
1658 1088 1970 1142 Quinquagena
1995 1094 2061 1128 ta-

1177 1150 1295 1191 lenta
1313 1150 1535 1204 vectigalis
1552 1151 1783 1204 capiebat.¹
1830 1152 1875 1192 Si
1897 1152 1965 1192 vel
1983 1151 2060 1192 mi·

1175 1214 1287 1254 nima
1299 1214 1465 1255 talenta
1477 1213 1627 1255 Attica
1640 1214 1842 1267 accipias,
1853 1225 2060 1257 summam

1175 1276 1368 1318 efficient
1386 1277 1521 1319 nostri
1537 1278 1634 1318 aeris
1653 1277 1876 1318 dircenties
1889 1282 2062 1331 septua-

1176 1341 1266 1392 gies
1284 1341 1422 1381 sexies
1451 1340 1567 1381 mille
1587 1351 1813 1382 aureorum
1834 1345 2059 1419 coronato

1176 1414 1285 1444 rum.
1312 1402 1465 1447 Schott.

1175 1488 1184 1494 ·
1229 1467 1282 1507 Id
1299 1467 1403 1507 enim
1418 1464 1616 1508 commune
1644 1468 1832 1509 cerarium
1855 1466 1956 1520 esse]
1984 1468 2059 1511 'ra-

1173 1544 1299 1580 μιειον
1315 1531 1448 1579 Δῆλος
1470 1528 1519 1579 ἣν
1537 1529 1689 1584 αὐτοῖς,
1705 1531 1770 1572 καὶ
1789 1531 1936 1584 ξύνοδοι
1955 1533 1995 1575 ἐς
2011 1531 2061 1572 τὸ

1173 1592 1276 1646 ἱερὸν
1298 1592 1524 1646 ἐγίγνοντο.
1543 1595 1750 1647 vThucyd.
1806 1597 1913 1637 Erat
1936 1588 2059 1637 'enim

1173 1658 1292 1699 locus
1306 1657 1614 1699 munitissimus
1633 1664 1678 1699 et
1693 1659 1799 1700 nulli
1815 1664 2060 1713 suspectus.

1174 1721 1257 1762 Vel
1291 1719 1405 1763 forte
1435 1721 1653 1762 intellexit
1685 1722 1804 1762 Delii
1837 1723 2062 1775 templum,

1174 1784 1288 1837 quod
1307 1784 1352 1824 in
1383 1796 1542 1836 magna
1575 1785 1866 1836 veneratione,
1901 1786 2060 1827 nedum

1173 1848 1358 1899 Graecis,
1392 1848 1469 1888 sed
1501 1848 1663 1889 exteris
1692 1849 1823 1890 etiam
1857 1849 2059 1901 gentibus

1172 1916 1283 1953 erat.
1314 1911 1436 1962 Mag.
1490 1910 1694 1951 Solebant
1709 1911 1871 1964 antiqui
1890 1912 2060 1953 thesau-

1171 1986 1241 2016 ros
1270 1974 1465 2026 privatos
1493 1978 1540 2015 et
1572 1973 1768 2026 publicos
1794 1975 1837 2014 in
1857 1976 2052 2016 Deorum

1174 2036 1348 2088 templis
1369 2048 1420 2076 ac
1447 2034 1559 2076 fanis
1587 2035 1824 2089 deponere,
1842 2043 1891 2078 ut
1911 2047 2059 2079 eorum

1172 2099 1383 2152 religione
1415 2111 1466 2142 ac
1497 2104 1617 2140 metu
1646 2099 1853 2140 securitas
1886 2112 2062 2153 parare·

1173 2167 1266 2215 tur;
1294 2166 1370 2204 aut
1398 2163 1493 2204 loca
1523 2163 1598 2204 illa
1629 2169 1755 2204 sacra
1781 2170 1827 2205 et
1853 2163 2060 2207 inviolata

1171 2231 1332 2267 essent.
1399 2225 1572 2267 Passim
1618 2227 1821 2279 exempla
1857 2227 2058 2280 praebent

1171 2288 1382 2333 Historici
1401 2294 1449 2331 et
1468 2289 1556 2330 alii.
1612 2288 1680 2330 De
1711 2290 1874 2342 templo
1906 2290 2062 2332 Hiem-

1171 2353 1445 2407 s'olymitano,
1464 2359 1617 2395 auctor
1637 2353 1914 2406 Hegesippus
1932 2350 2059 2396 uuir.

1173 2421 1240 2460 1⁷.
1267 2416 1416 2458 Abbas
1433 2417 1701 2470 Usper-gens.
1729 2417 1774 2457 in
1794 2417 1954 2459 Clu-ou.
1986 2418 2060 2459 De

1171 2480 1266 2521 aede
1286 2479 1593 2532 Saturni-apud
1610 2480 1839 2531 Rom‘an0S,
1857 2480 2060 2523 Juvena¹;

1171 2543 1399 2585 Scholiast.
1443 2543 1516 2583 De
1546 2544 1710 2596 templo
1743 2543 1914 2592 Diauae,
1947 2543 2061 2585 infra

1173 2607 1337 2660 Nepos.
1398 2605 1473 2647 Sic
1511 2606 1777 2647 Macedones
1812 2607 1858 2648 in
1896 2606 2061 2660 oppido

1172 2670 1338 2713 Quinta
1345 2669 1475 2722 juxta
1491 2669 1717 2720 Tharsum,
1735 2669 1995 2722 Syracusani
2016 2671 2059 2712 in

1173 2733 1367 2776 Labdalo
1386 2732 1581 2784 castello,
1607 2732 1770 2785 Assyrii
1790 2733 1923 2786 Susis,
1947 2734 2060 2775 Per·

1172 2802 1250 2847 sae,
1265 2795 1413 2843 Gazae,
1432 2794 1578 2836 Ebraei
1597 2794 1641 2834 in
1658 2795 1829 2836 Thrace
1850 2802 1895 2836 et
1913 2796 2059 2839 Tauro

1175 2857 1465 2909 Hiericuntis,
1489 2857 1668 2910 Tigrani
1696 2857 1738 2899 iu
1757 2859 1991 2902 Bambiusa
2009 2855 2060 2902 et

1174 2921 1332 2973 Olena,
1365 2920 1594 2973 Babylonii
1612 2921 1654 2960 iu
1675 2920 1915 2974 Zeugmate
1930 2923 2060 2975 juxta

1173 2985 1455 3037 Euphratem,
1483 2983 1556 3025 alii
1570 2984 1761 3026 alioloco
1774 2997 1849 3026 sua
1873 2985 2061 3038 χρήματα

1172 3049 1228 3090 ad
1249 3049 1350 3090 belli
1370 3061 1476 3103 opus
1494 3049 1784 3108 deponebant.
1840 3051 1972 3102 Cujus
1994 3052 2059 3092 rei

1173 3112 1384 3153 rationein
1417 3111 1548 3153 habes
1585 3112 1699 3164 apud
1742 3112 1975 3153 Minatium
2004 3114 2058 3156 in

1174 3176 1376 3229 Octavio,
1406 3174 1452 3217 et
1485 3175 1607 3216 alios.
1650 3176 1849 3217 Keuchen.
1905 3176 1971 3217 De
2003 3188 2058 3219 eo

1173 3239 1311 3280 multa
1335 3238 1511 3290 collegit
1541 3237 1784 3278 Fer-raudus
1814 3236 2061 3280 Adduensis

1173 3301 1352 3344 Insuber
1369 3301 1414 3344 J.
1436 3302 1485 3343 O.
1504 3300 1547 3341 in
1567 3299 1677 3341 libro
1695 3299 1866 3341 observ.
1903 3300 2061 3346 Schott.

1175 3365 1301 3408 Adde
1319 3364 1548 3406 Brodaeum
1565 3363 1749 3405 Miscell.
1768 3375 1831 3405 ιν.
1852 3368 1918 3405 17.

1227 3427 1627 3480 Athenastranslata]
1640 3428 1739 3469 vid.
1749 3429 1864 3470 Just.
1879 3440 1950 3470 ιιι.
1963 3434 2003 3470 6.
2018 3434 2061 3471 4'.

1226 3493 1399 3536 *Nullum
1430 3496 1486 3534 est
1520 3491 1664 3536 certius
1692 3492 1901 3547 indicium]
1934 3491 2057 3547 τάξας
