2306 3900
246 284 430 346 xxxiv
476 324 479 326 »

301 437 431 475 gerere
447 437 534 467 cum
553 424 683 477 aliquo
712 425 816 471 xxiv,
845 427 871 464 2
917 420 1050 464 Alibi:
1086 425 1127 463 in

301 478 506 517 consulatu
557 479 746 530 collegam
781 479 923 518 habere
959 478 1128 531 aliquem

299 532 403 578 xxiv,
424 535 446 571 1
489 532 531 569 in
549 533 753 571 consulatu
771 532 897 584 priore
923 531 1033 586 (cum
1051 533 1128 585 pri-

303 598 408 623 mum
435 585 678 625 consulatum
698 585 865 639 gereret)
893 586 1037 634 xxiv,2
1078 587 1130 626 de

299 638 504 678 consulatu
524 639 724 689 Ciceronis
745 640 841 678 liber
867 653 957 686 xxv,
979 645 1032 681 18

249 694 485 732 consumere,
503 693 709 744 plurimum
724 693 842 732 studii
860 693 902 733 in
916 694 1029 734 armis
1055 694 1131 749 (sc.

299 746 525 793 tractandis,
541 747 591 787 de
610 748 806 795 exercitio,
826 760 903 800 quo
932 748 1134 788 discuntur

302 801 343 840 αἱ
373 801 658 855 μεταχειρίσεις
688 804 766 842 τῶν
803 800 947 848 ὅπλων,
974 801 1134 855 Boecl.)

299 868 364 901 xv,
393 858 420 895 2
466 861 526 894 tot
540 856 686 895 talenta
702 855 744 894 in
761 856 1029 907 oppugnanda
1039 856 1133 895 urbe

299 909 382 955 xiii,
402 912 424 948 1
473 914 532 948 tot
548 922 699 949 menses
716 907 759 947 in
779 909 911 948 morbo
935 907 1037 962 (tam
1065 909 1134 948 diu

300 961 505 1015 aegrotare)
524 977 612 1011 xxv,
624 966 676 1003 21
706 962 881 1002 consumi
899 963 1032 1002 morbo
1050 962 1134 1017 (in-

301 1016 438 1068 terire)
466 1016 545 1062 xxi,
566 1021 592 1058 2

248 1070 467 1123 Contegere
499 1069 669 1124 aliquem
688 1075 796 1111 veste
820 1069 1026 1125 (induere)
1053 1069 1132 1118 iriv,

249 1178 510 1218 Contemnere
555 1179 733 1218 morbum
774 1176 876 1231 (non
921 1178 1131 1217 admodum

301 1245 448 1279 curare,
483 1239 592 1285 tanq.
624 1230 770 1285 levem)
814 1245 903 1278 xxv,
940 1236 992 1273 21
1039 1232 1106 1271 Sic
1123 1247 1131 1270 :

303 1287 642 1326 contemnentibus
666 1299 726 1325 res
754 1285 823 1326 illa
840 1286 1027 1337 perniciei
1057 1285 1133 1325 fuit

304 1340 630 1393 (negligentib.ut
641 1354 719 1380 rem
734 1339 908 1392 periculo
916 1337 1134 1393 carentem)

302 1394 386 1441 viii,
402 1398 429 1434 2
475 1394 673 1434 contemni
703 1394 745 1432 in
761 1393 865 1432 bello
884 1393 981 1432 nihil
1000 1394 1132 1440 debet,

302 1448 398 1487 ibid.
444 1454 662 1488 contemtus
681 1453 741 1486 est
758 1460 782 1486 a
801 1448 976 1499 tyrannis
1006 1446 1088 1493 viii,
1106 1451 1132 1488 2

301 1502 411 1554 (mox
430 1516 439 1541 :
469 1503 692 1555 despectus,
725 1501 821 1540 ibid.
868 1514 906 1542 v.
937 1499 1035 1540 infra
1050 1499 1133 1540 De·

303 1554 474 1608 spicere)

251 1607 515 1656 Contendere‚
532 1622 602 1648 sua
616 1621 734 1661 opera
750 1609 826 1647 hoc
845 1609 991 1648 sactum
1011 1607 1134 1661 (affir-

302 1663 428 1714 mare)
457 1676 522 1710 xv,
542 1667 567 1702 8
606 1675 716 1701 suam
735 1668 889 1702 aetatem
907 1661 1040 1700 tulisse
1059 1661 1133 1701 &c.

304 1731 399 1767 ην,
416 1721 466 1757 12
510 1729 575 1768 ap.
592 1715 777 1768 aliquem,
796 1715 892 1754 falsa
910 1715 948 1754 ei
965 1729 1050 1755 esse
1065 1716 1134 1755 de·

305 1772 384 1810 lata
415 1765 697 1824 (asseveranter
724 1769 874 1822 dicere)
903 1768 945 1816 ii,
983 1773 1007 1809 7
1055 1782 1133 1822 quo

304 1826 560 1864 contenderat
578 1824 626 1877 (i.
643 1837 679 1863 e.
698 1836 777 1875 quo
803 1836 956 1863 cursum
983 1823 1134 1863 direxe-

304 1878 384 1932 rat)
429 1878 514 1926 xiii,
530 1883 570 1918 3.
597 1879 676 1925 xiV,
699 1881 726 1917 ὃ
773 1877 978 1917 contendit
1011 1877 1134 1917 Lace-

304 1934 522 1972 daemonem
551 1946 590 1980 V,
606 1936 631 1972 3
661 1931 746 1984 (Sic
761 1931 865 1971 enim
884 1932 1093 1983 legendum
1113 1946 1136 1972 e

304 1987 404 2026 Mss.
418 1992 458 2026 et
467 1992 564 2026 vett.
578 1986 669 2025 edd.
685 1984 739 2023 Et
752 1990 763 2009 ‘
774 1986 1010 2025 contendere
1024 1985 1135 2038 Aby-

304 2040 398 2080 don’
411 2040 437 2081 J
441 2041 558 2080 ustin.
578 2040 620 2086 ii,
635 2042 750 2085 13,6.
764 2039 815 2078 ad
828 2039 1003 2079 Prusiam
1017 2040 1135 2088 xxxii,

305 2100 346 2140 4,
367 2101 406 2136 5.
435 2101 446 2118 ‘
459 2092 642 2140 Thebas,'
657 2093 689 2131 F
691 2094 832 2132 rontin.
860 2092 889 2140 i,
907 2096 947 2133 4.
975 2093 1134 2135 Savaro.

305 2148 418 2188 Idem
435 2149 461 2188 J
465 2149 614 2188 ustinus
635 2147 735 2185 dixit
752 2153 763 2170 ¹
778 2147 1015 2187 contendere
1041 2147 1134 2187 Me-

307 2202 459 2253 garam’
488 2202 530 2249 ii,
563 2206 604 2248 8,
624 2205 664 2241 3.
707 2201 774 2240 ‘in
791 2200 950 2240 Asiam'
977 2214 1018 2248 v,
1035 2204 1078 2248 2,
1095 2206 1135 2241 5.

306 2262 317 2278 ‘
332 2256 373 2294 in
390 2255 604 2296 Graeciam'
625 2255 679 2302 xi,
691 2258 733 2302 2,
752 2260 792 2295 5.
808 2259 832 2301 Ξ
848 2268 912 2293 rus
927 2255 1135 2297 urbanum'

306 2310 411 2356 xxxi,
427 2313 468 2356 2,
488 2308 548 2362 3).
575 2309 813 2348 contendere
840 2321 908 2359 per
924 2308 1012 2348 loca
1039 2309 1136 2355 sola,

306 2362 545 2415 (proficisci)
573 2360 680 2408 xviii,
699 2365 724 2401 8
766 2363 1003 2401 contendere
1022 2374 1137 2413 posse

307 2429 373 2462 xv,
405 2420 431 2457 2
474 2415 548 2469 (de
583 2429 697 2455 cursu
733 2414 878 2466 accipit
910 2415 1136 2463 Lambinus,
1182 2423 1185 2426 ’

307 2470 468 2522 vultque
486 2470 588 2508 hanc
606 2482 690 2507 esse
719 2467 952 2507 sententiam
975 2483 984 2507 :
1022 2482 1136 2508 eous-

308 2536 386 2575 que
405 2523 633 2569 cucurrisse,
652 2523 780 2563 donec
809 2522 1021 2562 etiamnum
1049 2535 1135 2562 cur-

307 2578 429 2617 rendo
449 2582 582 2629 posset
608 2573 874 2625 contendere}
903 2588 1032 2628 neque
1051 2582 1136 2615 tan-

310 2638 445 2683 topere
463 2645 503 2671 se
530 2630 719 2670 currendo
736 2630 985 2682 defatigasse,
1006 2636 1050 2668 ut
1068 2644 1137 2682 pe·

309 2686 424 2724 dibus
467 2696 616 2724 currere
659 2683 826 2736 amplius
871 2697 951 2723 non
993 2690 1138 2735 posset.

309 2739 453 2778 Malim
477 2740 527 2778 de
546 2739 652 2778 lucta
679 2738 870 2790 accipere,
888 2751 979 2777 nam
997 2743 1038 2776 et
1055 2737 1138 2777 luc·

310 2793 431 2831 tantis
456 2799 516 2832 est
541 2792 793 2838 contendere,
813 2799 854 2831 et
882 2792 933 2831 ad
958 2790 1007 2830 τὸ
1033 2796 1139 2831 stans

308 2847 460 2886 referre.
488 2846 687 2898 quomodo
714 2852 756 2884 et
780 2844 1002 2885 Gronovius
1020 2844 1061 2884 id
1081 2845 1138 2884 vi·

309 2901 424 2939 detur
442 2899 670 2952 accepisse).
690 2899 927 2939 contendere
945 2911 1034 2938 curn
1050 2899 1136 2938 bar-

308 2954 402 2993 baro
417 2953 582 3007 (bellum
601 2951 753 3006 gerere)
780 2953 832 2999 ix,
848 2956 874 2993 4
902 2953 1140 2992 contendere

310 3008 394 3048 acie
425 3007 511 3062 (Sic
543 3018 582 3059 q.
614 3019 704 3045 mss.
723 3012 764 3045 et
791 3004 906 3058 edd.)
933 3005 962 3052 i,
980 3009 1006 3046 4
1049 3006 1140 3059 (ubi

311 3068 442 3101 tamen
476 3060 541 3100 alii
579 3060 740 3106 habent,
776 3059 1020 3111 decernere).
1050 3072 1139 3098 cum

310 3114 403 3167 aliq.
419 3116 469 3154 de
489 3113 710 3167 principatu
723 3113 1002 3166 (aenmlationis
1016 3118 1138 3152 certa-

310 3181 400 3207 men
430 3167 535 3222 not.)
562 3166 620 3214 iii,
651 3171 673 3208 1
720 3167 958 3207 contendere
982 3166 1140 3206 inimica

310 3228 442 3261 mente
486 3222 558 3275 (de
595 3221 674 3261 acri
704 3233 895 3261 concursu
935 3220 976 3259 in
1008 3219 1140 3274 prael.)

309 3274 417 3321 xviii,
433 3279 459 3315 4
939 3314 943 3317 .

259 3328 472 3370 Contentio
501 3333 560 3366 est
576 3326 678 3366 inter
694 3329 780 3375 hos,
797 3333 925 3367 utrum
955 3326 1074 3381 (acris
1100 3333 1141 3368 et

314 3381 494 3433 ambigua
513 3380 760 3432 deliberatio)
786 3382 814 3428 i,
833 3385 859 3422 4

261 3435 479 3475 Contentus
498 3434 614 3472 domo
629 3446 676 3472 ea
703 3435 794 3481 xvii,
809 3439 833 3475 7
862 3435 925 3475 Sic
942 3450 969 3474 :-
986 3435 1142 3474 fortuna

315 3486 382 3528 illa
409 3488 477 3534 vii,
495 3491 522 3527 9
550 3487 695 3527 honore
721 3487 796 3540 (sc.
809 3488 1022 3526 delatarum
1042 3502 1140 3540 prae-

313 3539 567 3595 fecturarum)
604 3554 691 3590 xxv,
730 3545 757 3582 6
801 3541 936 3581 ordine
972 3541 1141 3594 equestri

1070 298 1272 339 INDEX

1245 434 1333 472 xxv,
1354 428 1407 467 19
1447 425 1623 465 contenti
1650 425 1790 464 erimus
1805 436 1885 463 uno
1903 424 2077 465 testimo-

1243 480 1310 518 nio
1326 477 1439 531 (satis
1459 480 1532 519 erit
1549 479 1723 520 retulisse
1739 478 1896 519 unicum
1912 478 2078 530 testim.)

1244 533 1367 580 xiii,4
1931 534 1934 539 ¹

1192 588 1388 628 Contexta
1403 587 1563 626 historia
1590 586 1704 639 (opp.
1723 586 1839 625 rebus
1856 586 2017 638 sparsim
2035 585 2078 624 in

1245 640 1373 693 Epist.
1390 640 1630 693 memoratis)
1659 653 1748 685 xxv,
1769 643 1820 679 16

1194 693 1372 748 Contigit
1399 695 1451 742 ei,
1479 701 1524 734 ut
1554 695 1734 733 liberaret
1753 698 1853 745 patr.
1876 693 1947 747 (de
1965 693 2079 732 rebus

1247 749 1339 788 raris
1357 754 1399 788 et
1416 746 1629 800 praeclaris)
1660 745 1744 793 viii,
1763 749 1785 787 1
1833 747 1924 786 Sic:
1953 746 2080 797 conti·

1249 801 1307 854 git
1338 801 1430 842 huic
1460 801 1544 847 uni,
1562 800 1671 853 quod
1699 800 1831 840 nescio
1849 813 1901 839 an
1921 799 2017 848 ulli,
2034 806 2080 839 ut

1249 869 1313 902 xx,
1334 858 1358 895 1
1414 854 1619 907 (Similiter
1647 853 1785 892 Cicero
1817 854 1869 892 ad
1902 853 1985 894 Att.
2014 858 2080 896 14.

1249 914 1351 960 post.
1380 907 1508 961 Epist.
1527 911 1594 948 77.
1636 911 1649 930 “
1664 905 1832 959 contigit
1854 907 1941 954 tibi,
1970 908 2079 960 quod

1248 963 1355 1001 haud
1370 962 1451 1002 scio
1472 975 1522 1000 an
1537 960 1698 1008 nemini,
1716 967 1761 999 ut
1775 973 1924 1009 summa
1937 960 2080 1003 severi·

1249 1022 1308 1055 tas
1326 1016 1525 1068 popularis
1549 1014 1678 1055 esset-³
1725 1014 1805 1061 Qui
1836 1013 1947 1054 locus
1972 1013 2082 1054 favet

1249 1069 1409 1110 lectioni
1432 1069 1714 1114 Lambinianae,
1741 1074 1754 1091 ‘
1767 1080 1818 1106 an
1836 1067 1962 1108 nulli-⁸
1985 1067 2082 1108 Vel-

1248 1123 1347 1163 leius
1393 1123 1446 1170 ii„
1469 1127 1563 1169 124,
1582 1127 1608 1163 2
1655 1128 1666 1145 ‘
1682 1121 1762 1161 Soli
1786 1122 1878 1162 huic
1917 1122 2084 1174 contigit

1247 1191 1361 1230 paene
1376 1176 1522 1217 diutius
1551 1175 1754 1223 recusare,’
1772 1174 1848 1215 &c-
1876 1175 1929 1216 Et
1958 1189 1995 1216 c.
2014 1179 2084 1223 61,

1248 1236 1273 1272 3
1340 1237 1352 1255 ‘
1368 1231 1449 1279 Qui
1495 1232 1620 1270 honor
1666 1243 1746 1269 non
1793 1229 1861 1268 alii
1907 1229 2082 1283 contige-

1247 1285 1318 1324 rat’
1935 1298 1938 1299 ⁷

1194 1284 1397 1381 Contirieri
1430 1338 1644 1386 beneficiis,
1665 1337 1758 1377 odio
1787 1337 1944 1378 alterins
1971 1335 2080 1392 (scil.

1245 1393 1288 1433 in
1307 1393 1490 1433 amicitia.
1518 1391 1768 1443 συνέχεσθαι,
1788 1392 1999 1434 arctissime
2016 1404 2082 1431 co·

1246 1446 1414 1499 haerere)
1459 1447 1536 1494 xiv,
1576 1451 1626 1487 10
1686 1445 1876 1484 contineri
1911 1445 2083 1498 hospitio

1248 1499 1414 1552 alicujus
1449 1501 1556 1554 (esse
1587 1499 1803 1546 inter-eos,
1835 1498 1905 1551 qui
1937 1499 2083 1547 soedere

1247 1553 1410 1606 hospitii
1444 1567 1533 1592 cum
1569 1554 1701 1606 aliquo
1738 1558 1830 1592 sunt
1861 1552 2085 1607 conjuncti)

1247 1609 1301 1656 vi,
1321 1612 1343 1648 l
1375 1607 1433 1660 (v.
1452 1605 1633 1659 Hospit.)

1196 1661 1438 1701 Continens:
1467 1659 1510 1699 in
1541 1660 1758 1699 continenti
1777 1659 1886 1713 (sub.
1910 1666 2025 1708 terra,
2055 1662 2082 1701 i.

1250 1730 1286 1755 e.
1315 1719 1505 1767 perpetua
1535 1727 1566 1753 s.
1603 1714 1805 1761 continua,
1837 1727 1919 1754 non
1954 1715 2085 1756 cincta

1249 1769 1359 1817 mari,
1377 1781 1457 1807 non
1471 1768 1676 1807 intercisa:
1707 1781 1802 1820 opp.
1831 1766 1990 1822 insulis)
2017 1769 2084 1815 ἰ,7

1250 1823 1348 1877 (Sic,
1374 1822 1509 1862 addita
1539 1835 1650 1869 voce,
1671 1834 1760 1874 quae
1791 1823 1908 1861 modo
1943 1823 2086 1863 subau-
2129 1855 2142 1860 s

1251 1876 1452 1930 diebatur)
1480 1876 1685 1915 continens
1704 1882 1804 1915 terra
1830 1876 1910 1927 iist-

1199 1931 1416 1973 Continens
1442 1927 1678 1984 (ἐγκρατὴς)
1717 1943 1783 1981 xV,
1806 1933 1832 1969 3
1879 1929 2085 1974 continen-

1252 1986 1317 2023 tiae
1334 1986 1410 2025 hoc
1443 1985 1595 2036 signum
1621 1989 1709 2032 est;
1738 1990 1929 2033 et‘moxr
1958 1984 2087 2025 conti-

1253 2039 1380 2078 nentis
1398 2039 1518 2077 debet
1535 2038 1629 2077 duci
1655 2050 1745 2083 xxv,
1766 2040 1818 2081 13
1858 2037 1976 2092 (quid
1993 2050 2084 2090 pro-

1248 2093 1333 2145 prie
1351 2098 1521 2139 notetur,
1538 2091 1716 2144 exemplo
1730 2091 1839 2132 locus
1857 2091 1941 2145 ipse
1959 2091 2084 2145 expli-

1250 2153 1326 2186 cat.
1345 2145 1506 2198 Boecl.)
1975 2182 1977 2185 Α

1198 2200 1346 2240 Contra
1374 2213 1422 2240 ea
1451 2201 1542 2252 (pro
1575 2212 1654 2252 quo
1685 2197 1752 2238 alii
1768 2199 1896 2251 simpl.
1915 2197 2086 2253 contra),

1251 2253 1368 2294 Praef.
1386 2255 1440 2301 ix,
1461 2259 1499 2294 5.
1528 2252 1596 2299 vii,
1616 2257 1655 2294 8.
1682 2267 1749 2300 xv,
1769 2257 1822 2293 10
1849 2266 1896 2294 ac
1914 2253 2085 2294 fortassis

1248 2314 1293 2347 et
1310 2321 1375 2354 κν,
1392 2312 1416 2348 5
1438 2307 1564 2358 (adde
1579 2307 1753 2358 Schopp.
1765 2306 1896 2346 Instit.
1909 2305 2084 2354 Gramm-

1249 2374 1291 2413 p.
1315 2365 1407 2402 176.
1436 2361 1500 2398 ed.
1520 2360 1664 2399 noviss.
1696 2360 1762 2398 Sic
1779 2365 1821 2399 et
1838 2359 1941 2400 caes.
1958 2358 2010 2398 Β.
2030 2359 2085 2399 G.

1251 2428 1291 2460 v,
1310 2417 1378 2454 29.
1392 2413 1443 2453 B.
1462 2412 1551 2453 Civ.
1569 2412 1626 2459 iii,
1646 2416 1713 2454 74.
1726 2412 1884 2453 Sallust.
1910 2412 2021 2453 Orat.
2034 2414 2087 2456 ad

1252 2468 1396 2508 Caesar.
1414 2463 1538 2518 princ.
1558 2472 1599 2505 et
1617 2466 1683 2505 alii
1703 2466 1938 2518 loquuntur)

1198 2535 1221 2562 e
1238 2520 1442 2562 Contrario
1470 2520 1564 2566 xxii,
1592 2523 1630 2561 1.
1674 2519 1727 2567 xi,
1748 2523 1771 2560 1
1815 2520 1879 2574 (et
1907 2520 1949 2559 in
1978 2519 2093 2573 vulg.

1253 2573 1358 2615 libris
1386 2573 1492 2620 xviii,
1513 2577 1533 2615 l
1554 2588 1563 2612 τ
1606 2573 1675 2612 ubi
1694 2580 1824 2614 tamen
1842 2573 1984 2614 rectius
2003 2573 2086 2621 aiii,

1254 2634 1266 2652 ‘
1286 2626 1506 2675 contrario,'
1524 2627 1608 2667 sine
1633 2640 1800 2680 praepos.
1818 2629 2015 2681 quomodo
2047 2634 2091 2668 et

1254 2682 1393 2723 Cicero
1429 2682 1609 2721 locutus:
1656 2682 1748 2721 vide
1777 2682 1840 2723 Cl.
1874 2681 2007 2721 Vorst.
2036 2681 2087 2721 de

1253 2736 1414 2776 Latinit.
1432 2737 1568 2776 merito
1588 2748 1694 2787 susp.
1713 2748 1801 2788 cap.
1819 2739 1858 2776 2.
1878 2749 1920 2788 p.
1937 2734 2014 2788 27)

1201 2789 1441 2831 Contrahere
1472 2790 1633 2829 classem
1666 2787 1931 2842 (comparare)
1969 2789 2024 2836 ix,
2059 2793 2087 2831 4

1254 2845 1322 2898 (ut
1336 2857 1400 2896 ap.
1421 2843 1565 2883 Vellei.
1593 2843 1634 2889 ii,
1654 2841 1745 2895 29.)
1772 2843 1984 2883 exercitum
2007 2842 2090 2890 xiv,
2106 2883 2114 2892 ,

1254 2902 1279 2938 3
1318 2895 1526 2938 contractae
1560 2903 1670 2937 erant
1700 2897 1822 2949 paulo
1838 2902 1931 2936 ante
1959 2896 2087 2948 copiae

1255 2951 1403 3004 (nuper
1450 2950 1695 3003 conscriptae,
1727 2957 1784 2998 et,
1818 2956 1863 2989 ut
1888 2947 2086 3001 adjicitur,

1254 3003 1538 3055 inexercitatae)
1580 3004 1687 3051 xviii,
1721 3007 1745 3044 3
1790 3002 1944 3043 Aliter:
1991 3016 2088 3044 con·

1254 3059 1403 3099 trahere
1436 3058 1569 3110 copias
1595 3057 1677 3110 (est
1695 3057 1887 3109 dispersas
1906 3056 1947 3096 in
1966 3069 2088 3097 unum

1254 3113 1489 3160 conducere,
1517 3109 1720 3163 colligere)
1747 3111 1827 3159 xiv,
1844 3115 1884 3152 7.
1931 3110 2040 3160 xviii,
2059 3115 2105 3165 9,

1255 3166 1475 3220 (quomodo
1494 3177 1598 3217 saepe
1617 3164 1799 3217 Curtius)

1202 3219 1480 3261 contumacius
1499 3231 1541 3258 se
1559 3231 1689 3271 gerere
1708 3218 1781 3272 (de
1795 3217 2003 3258 rebellione
2017 3229 2087 3257 seu

1251 3271 1495 3327 defectione)
1520 3286 1560 3319 v,
1578 3275 1604 3312 2

1202 3327 1452 3368 Contumelia
1502 3324 1846 3378 (exhaeredationis
1881 3322 1960 3377 sc.)
2003 3323 2087 3364 eine

1255 3381 1445 3421 industria
1462 3393 1542 3420 non
1561 3379 1799 3431 extinguitur
1825 3378 1868 3424 ii,
1889 3381 1912 3417 1

1203 3434 1449 3476 Convenirex
1480 3432 1666 3473 convenit
1691 3433 1767 3471 hoc
1796 3431 1966 3470 moribus
1995 3430 2086 3470 illo-

1256 3501 1339 3526 rum
1376 3487 1567 3541 (moribus
1595 3485 1721 3536 gentis
1757 3491 1955 3539 receptum
1991 3483 2087 3537 est),

1255 3541 1372 3582 Praef.
1425 3553 1505 3580 non
1541 3538 1725 3580 convenit
1751 3538 1826 3580 hoc
1870 3539 2089 3593 prudentia
