2306 3900
796 267 940 308 XXI.

236 385 580 437 persuasus,haec
595 385 869 437 contempsit,
886 396 936 425 ac
955 385 1116 426 Urbem

238 447 455 500 ingressus
469 454 549 488 est.
571 448 732 490 Justin.
747 458 831 488 ΧΠ.
859 446 977 487 Plut.
992 446 1118 488 Alex.

292 509 433 550 Morbo
467 514 713 561 consumptus
753 510 830 562 est]
887 509 1114 550 Cassandri

237 569 405 623 fraude,
418 577 463 613 et
472 572 662 624 ingenito
673 572 780 613 vitio
795 572 938 624 periit,
953 585 1117 612 veneno

235 634 406 675 scilicet
445 641 490 675 et
531 637 720 687 crapula.
794 635 936 687 Igitur
982 635 1119 674 Daesii

236 697 387 750 quinto
423 697 538 749 apud
576 699 815 748 Eumaeum,
849 697 1032 750 septimo
1072 708 1119 738 et

239 762 303 799 15.
349 760 462 812 apud
498 760 751 801 Perdiccam
794 761 1009 812 epulatus,
1053 771 1117 799 se·

236 827 417 875 quentes
436 823 528 863 dies
542 835 688 864 somno
709 823 845 874 dedit,
865 828 914 863 ut
928 822 1117 863 AElianus

234 898 290 927 ex
327 887 475 928 diariis
509 887 745 929 Alexandri
777 887 925 928 refert.
982 886 1120 927 Addit

233 948 338 1002 παρὰ
362 949 503 1000 Βαγῶα
516 949 558 990 δὲ
577 950 772 998 ἐδείπνησε
789 953 839 1004 τῇ
855 948 1010 1003 τετράδι
1032 950 1117 1006 μετ’

233 1011 380 1065 εἰκάδα,
404 1016 457 1067 τῇ
472 1013 514 1054 δὲ
531 1013 643 1067 τρίτῃ
671 1013 861 1064 ἐκάθευδε,
889 1014 1117 1066 legendum

234 1077 408 1132 πέμπῃ,
429 1079 511 1127 vel,
539 1080 715 1130 epulatus
741 1083 798 1118 est
815 1079 917 1129 apud
936 1078 1117 1128 Bagoam

233 1140 400 1194 τετάρτῃ
445 1140 656 1192 φθίνοντος,
690 1142 743 1194 τῇ
777 1139 883 1194 τρίτῃ
925 1138 1116 1189 ἐκάθευδε,

234 1205 373 1245 Daesii
385 1208 454 1246 27.
473 1204 670 1257 sequenti
685 1203 917 1244 obdormiit
931 1204 1056 1244 simul
1067 1208 1115 1243 et

234 1265 358 1306 obiit.
417 1265 624 1306 Arrianus
644 1278 698 1306 ex
718 1265 870 1305 iisdem
890 1265 1035 1306 diariis
1054 1267 1116 1305 ait

232 1329 277 1369 in
304 1329 498 1370 morbum
531 1329 729 1369 incidisse
757 1328 892 1368 Daesii
924 1331 987 1370 18.
1040 1328 1115 1368 Se·

234 1393 387 1446 quenti
421 1393 492 1432 die
526 1392 795 1431 nihilominus
833 1390 947 1442 apud
985 1390 1114 1430 Thes-

231 1455 367 1495 salum
406 1455 599 1494 Medium
645 1453 862 1506 (Justinus
894 1453 1115 1493 Medicum

231 1529 461 1570 perperam
477 1515 852 1569 vocat)Daesi120.
881 1517 994 1568 apud
1015 1517 1115 1556 Nae-

231 1580 406 1621 archum
421 1585 616 1632 potasse,
635 1591 685 1620 ac
707 1579 880 1619 tandem
900 1579 1033 1620 Daesii
1047 1583 1114 1622 28.

233 1643 430 1696 periisse.
457 1643 619 1683 Addit:
636 1643 649 1665 ‘
662 1643 866 1682 Mortuus
882 1646 950 1682 est
964 1641 1114 1694 Olym·

228 1705 364 1762 pi—ade
394 1708 487 1746 114.
533 1706 732 1760 Praetore
752 1705 959 1756 Hegesia.
990 1705 1115 1746 Vixit

233 1781 368 1810 annos
383 1768 469 1809 duo
483 1775 530 1808 et
545 1768 739 1820 triginta,
752 1773 798 1808 et
812 1768 932 1808 tertii
945 1780 1113 1809 menses

232 1837 346 1872 octo.
401 1831 618 1883 Regnavit
640 1843 771 1871 annos
801 1830 1041 1883 duodecim,
1069 1837 1114 1871 et

234 1895 312 1936 hos
343 1900 442 1935 octo
474 1893 667 1945 menses,’
703 1894 785 1934 hoc
810 1899 891 1946 est,
919 1900 1112 1935 mortuus

235 1964 302 2000 est
336 1963 521 1999 exeunte
563 1957 700 2009 primo
743 1956 990 2009 olympiad.
1017 1961 1111 1998 114.

234 2036 361 2066 anno.
419 2024 612 2075 Capellus.
706 2022 882 2063 Periodi
927 2022 1112 2064 Julianae

233 2078 390 2141 quater
435 2086 656 2126 millesimo
691 2086 1000 2126 trecentesimo
1038 2097 1112 2126 no·

233 2150 453 2204 nagesimo
474 2148 623 2201 primo.
680 2147 833 2189 Mundi
851 2154 918 2188 ter
940 2147 1111 2188 millesi-

232 2225 304 2254 mo
333 2219 379 2253 et
409 2215 504 2253 627.
559 2211 690 2252 Urbis
723 2211 867 2251 Romae
887 2213 982 2252 431.
1022 2211 1112 2252 Ub.

231 2278 370 2318 Emm.
416 2276 457 2315 A
488 2287 621 2328 regno
651 2275 994 2327 Salmanassaris‚
1017 2279 1114 2317 424.

232 2341 508 2382 Ptolemaeus.
562 2339 839 2379 Vixit‘annos
874 2342 949 2380 33..
979 2339 1113 2379 Ense-

231 2403 344 2446 hius.
362 2403 515 2444 Cicero
527 2405 594 2443 32.
624 2402 875 2454 Hieronym.
887 2407 932 2443 et
945 2415 1114 2445 menses

231 2470 273 2508 8.
300 2466 470 2508 Arrian.
515 2466 722 2507 Decessit
747 2478 857 2506 anuo
885 2467 1029 2508 aetatis
1047 2471 1113 2510 34.

232 2529 393 2571 Justin.
438 2529 654 2582 Regnavit
683 2540 817 2569 annos
840 2533 904 2571 ll.
946 2531 1115 2583 Strabo,

233 2593 418 2635 Gellius.
432 2596 498 2633 13.
528 2592 690 2632 Livius.
706 2594 770 2631 12.
791 2591 928 2643 primo
941 2594 1115 2636 Macab.

233 2655 416 2697 Autbor.
479 2657 538 2696 Et
571 2659 613 2696 6.
658 2666 844 2706 menses,
884 2656 1042 2697 Euseb.
1074 2661 1115 2700 ⁷.

234 2719 416 2760 Diodor.
437 2722 477 2760 8.
517 2717 691 2760 Arrian.
721 2718 841 2770 cujus
865 2721 1114 2771 supputatio

233 2789 282 2824 ut
301 2783 486 2824 omnium
516 2781 839 2823 accuratissima
862 2789 946 2831 est,
963 2784 1024 2824 ita
1040 2798 1113 2826 ve-

234 2846 415 2887 rissima.
471 2845 684 2886 Caeterum
703 2844 827 2886 valde
849 2853 1047 2888 errarunt
1066 2849 1112 2888 in

234 2910 356 2951 annis
390 2909 514 2962 regni
551 2907 792 2949 Alexandri
836 2908 1111 2961 designandis

233 2974 390 3015 Patres
419 2973 589 3026 quidam
625 2976 674 3012 et
717 2971 945 3025 Historici‚
981 2974 1111 3028 idque

234 3038 305 3078 vel
323 3037 366 3077 in
385 3034 563 3076 defectu
594 3034 662 3075 vel
681 3045 875 3076 excessu.
919 3035 1112 3078 Quorum

235 3100 421 3141 omnium
450 3097 735 3151 nugacissima
759 3103 826 3138 est
855 3099 998 3151 opinio
1016 3101 1113 3141 Cle-

237 3167 371 3202 ment.
404 3160 703 3208 Alexandrini,
729 3171 760 3201 1.
799 3161 1006 3203 Stromat.
1039 3164 1113 3215 qui

235 3225 464 3277 imperium
482 3222 715 3262 Alexandri
740 3222 795 3263 ad
825 3236 925 3264 ann.
945 3228 1012 3265 18.
1039 3237 1113 3265 ex-

234 3287 392 3329 tendit.
421 3285 571 3326 Keuch.
625 3284 726 3325 Non
745 3285 928 3326 absurde
951 3291 1115 3328 statuas

236 3353 282 3391 in
295 3350 461 3390 visione
473 3347 764 3399 Daniel.·cap.
777 3359 860 3389 vu.
888 3349 1115 3401 imperium

231 3412 491 3452 Graecorum
536 3409 776 3460 comparari
820 3409 970 3461 pardo,
1015 3411 1116 3464 quia

238 3474 486 3515 Alexander
515 3474 581 3515 Μ.
600 3471 734 3514 fuerit
764 3472 951 3525 vinosus,
985 3487 1115 3528 usqne

1006 267 1224 324 RncES,
1265 268 1402 308 cAP.
1442 254 1492 308 2.

1950 254 2056 308 6:31

1181 385 1288 426 adeo
1304 391 1367 436 ut,
1388 386 1423 426 si
1439 397 1509 427 eos
1524 384 1660 426 minus
1683 383 1805 438 sequi
1819 383 1952 424 visum
1969 382 2059 424 fue-

1179 450 1252 501 rit,
1270 450 1342 502 qui
1357 461 1520 491 veneno
1545 448 1757 490 interiisse
1777 447 2059 496 arbitrantur,

1179 510 1284 554 satis
1313 518 1456 554 tamen
1476 525 1614 554 causae
1634 512 1725 552 sola
1753 511 1798 551 in
1825 510 2060 551 vinolentia

1178 573 1326 626 fuerit,
1345 588 1422 615 cur
1438 575 1606 627 periret
1623 575 1864 626 Babylone.
1888 573 2060 615 Vossius.

1177 637 1248 679 Ab
1262 638 1351 690 ejus
1365 638 1487 678 obitu
1501 649 1589 677 aera
1604 637 1856 678 Graecorum
1876 630 2063 689 ducitur,

1179 701 1235 741 de
1270 712 1355 753 qua
1390 700 1668 741 Muhainmed
1707 699 1966 751 Alferganus
2004 712 2060 740 ex

1178 762 1376 803 versione
1424 762 1568 803 Goliit
1616 763 1629 785 ‘
1652 762 1833 802 Romani
1877 766 1923 802 et
1963 761 2061 814 Syri

1179 837 1310 866 aeram
1347 825 1569 865 deducunt
1603 824 1820 893 ablinitio
1854 837 2061 865 annorum

1177 950 1271 991 dies
1287 949 1371 991 fuit
1388 950 1497 991 feria
1515 948 1730 991 secunda?

1232 1013 1370 1065 AEgis]
1402 1012 1529 1064 Αἰγαὶ,
1546 1013 1820 1054 Macedoniae
1837 1012 2060 1066 oppidum.

1177 1077 1293 1117 Plin.
1323 1077 1455 1118 Diod.
1511 1077 1641 1129 Apud
1675 1077 1960 1117 Ptolemaeum
1993 1083 2062 1118 est

1175 1139 1330 1192 Αἰγαῖοι,
1341 1153 1467 1193 quam
1482 1138 1772 1193 Μηλεβᾶνειραν
1785 1142 2064 1193 appellatam,

1178 1205 1312 1244 tradit
1337 1204 1596 1256 Stephanus.
1653 1203 1800 1256 Atque
1819 1204 1914 1244 heic
1933 1210 2062 1244 erant

1178 1266 1346 1320 Regum
1375 1266 1665 1307 Macedonum
1695 1267 1929 1318 sepulturae
1959 1266 2060 1307 olim

1176 1335 1223 1370 et
1258 1331 1506 1382 Mausolaes,
1540 1334 1591 1370 ut
1622 1329 1848 1369 adnotavit
1882 1329 2062 1370 Plinius.

1180 1392 1349 1432 Casaub.

1230 1453 1268 1493 A
1287 1454 1505 1506 Pausania]
1520 1452 1778 1494 Aristoteles
1791 1453 1924 1494 Polit.
1938 1466 1981 1495 v.
1991 1459 2059 1495 10.

1175 1514 1223 1554 Ἥ
1255 1513 1313 1567 δὲ,
1343 1515 1501 1568 inquit,
1532 1514 1722 1554 Φιλίππου
1740 1514 1815 1554 ὑπὸ
1842 1516 2061 1556 Παυσανίου

1176 1579 1238 1620 διὰ
1263 1579 1313 1619 τὸ
1339 1580 1450 1620 ἐᾶσαι
1487 1580 1709 1632 ὑβρισθῆναι
1735 1579 1853 1620 αὐτὸν
1884 1579 1959 1619 ὑπὸ
1983 1583 2062 1621 τῶν

1175 1642 1262 1697 περὶ
1273 1643 1485 1685 Ἄτταλον.
1531 1645 1649 1696 Lege
1678 1644 1914 1684 Diodorum
1936 1645 2062 1685 Sicu-

1175 1708 1326 1748 lum'in
1353 1709 1429 1749 lib.
1450 1708 1504 1748 de
1534 1707 1669 1759 gestis
1696 1707 1904 1760 Philippi,
1924 1708 2061 1750 Justi·

1177 1783 1278 1811 num
1293 1783 1357 1811 ix.
1387 1771 1515 1812 Oros.
1535 1782 1607 1811 111.
1629 1773 1695 1811 14.
1734 1771 1986 1812 Ciceronem
2006 1771 2061 1811 de

1176 1834 1286 1875 Fato
1312 1846 1409 1886 cap.
1443 1837 1484 1876 3.
1545 1833 1769 1883 AElianum,
1794 1835 1891 1875 Val.
1919 1834 2062 1874 Maxi-

1176 1908 1306 1950 mum,
1332 1896 1615 1938 Plutarchum
1641 1897 1684 1936 in
1703 1895 1830 1936 Alex.
1858 1898 2061 1937 Pausani-

1178 1973 1259 2002 am.
1315 1960 1516 2001 Meminit
1535 1959 1718 2001 Ovidius
1738 1960 1783 2000 in
1802 1959 1927 2010 Ib'in3
1957 1960 2058 2000 dum

1176 2023 1342 2076 inquit:
1372 2024 1385 2046 ‘
1406 2022 1497 2063 Aut
1525 2028 1575 2062 ut
1601 2022 1908 2074 Amyntiadem
1941 2024 2061 2075 turpi

1176 2086 1363 2126 dilectus
1383 2097 1527 2126 amore
1556 2085 1731 2136 Oderit,
1759 2091 1805 2126 et
1833 2098 1948 2126 saevo
1968 2083 2058 2128 rul-

1176 2153 1304 2188 neret
1317 2160 1416 2188 ense
1429 2146 1566 2200 puer.’
1595 2147 1774 2198 Magius.
1801 2148 2063 2199 Bongarsius.

1178 2211 1359 2252 Occisus
1387 2217 1455 2251 est
1482 2222 1592 2250 anno
1621 2210 1760 2262 primo
1789 2209 2059 2263 Olympiadis

1178 2286 1272 2317 cxi.
1317 2273 1541 2325 Πυθοδήμου
1575 2274 1777 2327 ἄρχοντος,
1812 2276 2061 2316 auctoribus

1178 2338 1370 2379 Diodoro
1395 2340 1455 2380 'et
1491 2337 1704 2379 Arriano:
1755 2351 1852 2392 quae
1886 2339 2059 2392 quidem

1179 2401 1405 2455 Olympias
1433 2401 1653 2442 celebrata
1679 2406 1747 2443 est
1775 2402 1846 2442 die
1869 2405 1937 2444 18.
1970 2402 2059 2443 Au-

1179 2464 1307 2517 gusti.
1341 2466 1427 2505 Jos.
1446 2464 1600 2515 Scalig.
1862 2467 1864 2469 ’

1233 2528 1436 2582 Pyrrhus]
1487 2529 1691 2568 Materno
1724 2538 1884 2579 genere
1915 2528 1969 2568 ab
2002 2528 2062 2569 A·

1178 2591 1318 2642 chille,
1336 2596 1518 2643 paterno
1536 2588 1593 2629 ab
1616 2589 1810 2629 Hercule
1838 2589 2057 2631 oriundus.

1177 2654 1342 2706 Trogus
1353 2663 1471 2692 xvn.
1491 2651 1577 2691 Hic
1591 2656 1875 2702 cognomento
1889 2650 2058 2704 Aquilae

1178 2715 1419 2756 delectatus
1430 2713 1533 2766 fuit,
1542 2713 1897 2770 quemadmodum
1906 2712 2061 2756 Antio-

1177 2781 1279 2824 chus
1299 2782 1392 2821 Rex
1406 2780 1561 2833 Syriae,
1578 2780 1792 2833 Hieracis,
1804 2781 1873 2820 vel
1885 2779 2061 2833 Accipi-

1178 2845 1268 2885 tris.
1295 2843 1518 2885 Plutarch.

1233 2907 1313 2953 Qui
1348 2919 1435 2946 cum
1461 2906 1513 2948 P.
1534 2906 1710 2947 Romano
1745 2906 1922 2960 bellavit]
1955 2908 2061 2951 Ter.

1176 2970 1340 3020 Primo,
1368 2982 1466 3010 cum
1499 2969 1686 3010 Consule
1710 2970 1886 3023 Levino,
1913 2973 1956 3012 in
1974 2985 2059 3025 quo

1176 3034 1323 3086 praelio
1332 3033 1583 3073 ceciderunt
1592 3033 1875 3073 Romanorum
1887 3041 2059 3087 septua-

1177 3096 1299 3147 ginta
1337 3094 1485 3145 millia,
1514 3106 1569 3134 ex
1607 3094 1764 3147 Pyrrhi
1800 3101 1925 3146 parte
1958 3107 2060 3148 qua-

1176 3157 1376 3211 draginta
1386 3157 1532 3197 millia.
1552 3157 1825 3198 Plutarchus.
1844 3159 2059 3207 Secundo,

1177 3235 1272 3262 cum
1293 3223 1342 3262 C.
1361 3221 1555 3261 Fabritio
1578 3219 1758 3260 Luscino
1776 3226 1822 3261 et
1855 3222 1910 3263 Q.
1927 3222 2058 3263 AEmi-

1177 3286 1235 3325 lio
1252 3285 1374 3336 Papo
1390 3283 1445 3323 ad
1471 3282 1693 3334 Asculum,
1717 3283 1762 3323 in
1778 3295 1863 3336 quo
1879 3283 2061 3326 victoria

1179 3353 1324 3387 tamen
1342 3346 1397 3387 ad
1416 3346 1629 3399 Pyrrhum
1658 3346 1792 3400 magis
1819 3348 2059 3402 inclinavit,

1180 3421 1278 3450 cum
1298 3410 1582 3450 Romanorum
1602 3410 1829 3461 sexaginta
1839 3412 1974 3452 millia
1989 3425 2059 3453 ce·

1180 3472 1401 3519 cidissent,
1456 3470 1767 3525 Pyrr-hidarum
1825 3486 1925 3516 vero
1976 3476 2060 3516 tria
