2306 3900
681 321 841 362 XXV.
912 321 1211 372 A'r‘rrcvM,
1253 320 1388 361 cAP.
1426 309 1481 362 7.

136 443 141 448 ’
171 444 336 499 excipit
355 443 585 498 laudatque
597 441 706 482 lianc
724 439 889 493 cujacii
909 451 1050 480 emen-

172 509 393 550 dationem
404 505 648 556 Lambinus,
658 515 780 556 neque
789 503 879 555 gers·
891 503 974 543 siue
982 514 1050 555 pe-

171 573 319 613 riculo.-
348 572 409 612 ita
425 576 567 612 tamen
586 573 635 609 ut
652 567 923 608 retinendum
936 567 1049 608 exis-

172 638 298 678 timet
315 634 483 688 erepub.
537 632 708 674 Schotti
731 631 831 672 libri
847 631 1051 671 membra-

170 699 320 742 nacei:
350 709 510 750 aeques
537 696 639 749 Rep.
670 696 755 736 sine
783 695 970 747 periculo,
1002 700 1052 735 ut

169 775 254 804 esse
272 760 584 804 exaudiendum
600 761 668 801 sit.
721 759 833 800 Mihi
847 759 953 800 haut
967 757 1052 799 dis-

171 827 308 880 plicet
332 825 582 877 conjectura
616 824 715 867 Jani
745 824 970 877 RutgersI,
985 836 1053 866 ne-

169 902 245 943 que
276 889 440 931 retineri
468 890 554 929 sine
582 889 771 941 periculo,
802 889 905 929 Var.
931 888 1055 930 Lect.

170 953 245 994 lib.
263 963 317 993 11.
335 956 375 994 8.
412 951 613 993 Gebhard.

169 1052 172 1057 .
223 1015 293 1057 Ad
303 1016 457 1056 hadom
467 1016 663 1069 publicam
674 1027 866 1068 nunquam
876 1015 1054 1069 occessit]

168 1079 280 1120 ,Cum
294 1079 467 1132 publica
481 1079 680 1120 auctione
696 1079 966 1121 vendebatur
978 1081 1056 1120 ali-

170 1143 295 1198 quid,
313 1144 440 1186 basta
469 1142 543 1197 figi
562 1143 746 1195 solebat,
764 1156 860 1197 quae
883 1142 1056 1196 publica

167 1208 305 1250 dicta.
335 1207 462 1250 Alex.
493 1207 546 1248 ab
577 1206 702 1248 Alex.
757 1206 886 1249 Quod
913 1207 1055 1248 venie-

167 1272 266 1324 bat,
291 1272 424 1312 hastae
457 1270 614 1324 subjici
643 1269 881 1312 dicebatur.
936 1271 1055 1324 Lege

170 1337 434 1380 Beroaldum
465 1348 531 1377 tv.
560 1336 606 1377 ln
623 1336 824 1388 Propert.
842 1346 1056 1375 commen·

171 1407 254 1444 tar.
308 1402 362 1443 Id
397 1413 531 1453 genus
568 1398 832 1440 venditionis
862 1397 1054 1451 eleganti

170 1464 380 1507 vocabulo
405 1462 700 1505 Tertullianus
728 1461 963 1502 hastarium
981 1472 1055 1502 vo·

171 1534 257 1570 cat.
310 1529 383 1569 De
409 1526 529 1580 quus
555 1526 655 1579 jure
687 1525 865 1578 pulchre
895 1528 1056 1566 tractat

176 1594 332 1635 Zasius
350 1592 406 1634 de
424 1593 548 1646 orig.
565 1592 595 1635 J
599 1604 663 1633 ur.
934 1595 942 1603 ’

229 1657 369 1710 Neque
383 1666 502 1710 pros,
529 1666 651 1709 neque
677 1654 877 1708 manceps]
909 1653 1058 1695 Publi-

171 1730 307 1762 canus
328 1726 474 1761 tamen
505 1718 602 1760 fuit.
657 1718 811 1760 Cicero
824 1717 965 1770 Epist.
983 1716 1059 1758 lib.

170 1791 224 1824 11.
239 1787 307 1824 15.
323 1788 370 1824 et
386 1781 611 1834 vectigalia
626 1781 740 1835 apud
751 1781 974 1834 Sicyonios
988 1792 1060 1821 ex·

172 1846 361 1889 ercebat
381 1845 519 1898 Epist.
543 1845 622 1886 lib.
653 1856 687 1886 ι.
722 1848 787 1886 19.
815 1843 930 1885 Vide
964 1844 1061 1885 Car.

173 1909 395 1964 sigonium
413 1908 468 1949 de
487 1907 666 1962 antiquo
685 1907 793 1950 Jure
804 1907 961 1950 civium
977 1907 1063 1949 Ro-

171 1985 412 2025 manorum,
430 1973 504 2014 lib.
524 1984 577 2014 11.
595 1976 638 2014 4.
665 1971 821 2014 Scitote.

228 2039 368 2092 Neque
396 2037 655 2090 subscribens]
678 2037 692 2059 ⁸
706 2034 989 2078 subscribere
1015 2035 1061 2076 in

173 2101 337 2143 crimen
351 2104 363 2122 ⁹
385 2101 427 2144 J.
443 2102 492 2143 C.
506 2099 688 2141 formula
700 2106 780 2153 est,
790 2111 919 2154 quum
935 2110 1061 2139 accu-

173 2169 294 2207 sator
311 2165 486 2218 libellis,
506 2176 612 2219 quos
640 2163 790 2217 dabat,
822 2162 1061 2205 testabatur

173 2236 224 2270 se
251 2229 421 2270 nornine
440 2227 683 2282 professum
711 2239 822 2269 esse.
840 2226 916 2268 lib.
931 2239 1004 2270 ιιι.
1022 2226 1059 2283 ς.

172 2292 291 2334 Item
308 2291 553 2334 ‘scribere.'
584 2291 640 2333 D.
698 2291 766 2331 De
801 2296 988 2332 accusat.
1015 2297 1062 2333 et

177 2368 297 2411 saepe
313 2357 431 2399 alias.
461 2356 586 2397 Idem.

229 2419 396 2462 Honore
417 2419 551 2471 ftoerit
568 2420 790 2473 comentes]
816 2418 958 2463 Quem
984 2419 1062 2462 mi·

172 2482 290 2525 nime
312 2481 666 2537 reprehendenda
695 2480 805 2523 ratio
834 2482 888 2523 ad
916 2483 1062 2524 hones·

174 2550 268 2588 tum
287 2547 422 2588 otium
442 2545 584 2587 duxit.
614 2545 769 2587 Cicero
784 2546 925 2599 Epist.
943 2559 978 2589 1.
995 2551 1063 2591 17.

235 2610 408 2651 voluerit
434 2610 495 2650 ire
518 2609 563 2649 in
588 2608 748 2660 Asiam]
774 2608 887 2650 Vide
921 2614 1064 2652 extre-

176 2685 292 2715 mam
312 2673 539 2725 epistolam
557 2670 630 2712 lib.
645 2681 680 2711 1.
696 2674 763 2711 16.
779 2671 833 2711 ad
852 2670 1064 2726 Atticum,

178 2737 298 2790 cnjus
317 2735 509 2776 initium:
538 2734 552 2758 ‘
568 2735 736 2778 Quaeris
764 2747 819 2775 ex
842 2747 929 2787 me,
950 2737 1066 2790 quod

177 2799 234 2839 ad
253 2810 322 2839 me
338 2797 504 2850 scribis,
536 2804 581 2838 te
609 2797 654 2837 in
684 2796 832 2838 Asiam
860 2799 1066 2841 statuisse

178 2874 265 2904 non
286 2863 347 2903 ire
363 2874 376 2913 3
405 2862 615 2915 Equidem
633 2861 787 2903 vellem
802 2868 851 2904 ut
869 2863 985 2905 ires:
1014 2877 1066 2906 ac

177 2936 332 2967 vereor
356 2937 413 2966 ne
433 2925 534 2979 quid
554 2925 597 2966 in
617 2926 702 2966 ista
721 2937 765 2966 re
782 2926 922 2968 minus
952 2939 1067 2969 com-

176 2988 306 3030 mode
335 2987 425 3030 fiat.
478 2988 564 3029 Sed
600 2994 744 3030 tamen
773 3001 857 3030 non
895 3002 1066 3043 possum

177 3051 498 3104 reprehendere
529 3051 755 3093 consilium
788 3057 924 3107 tuum,
954 3066 1066 3107 prae-

179 3113 329 3154 sertim
366 3124 462 3154 cum
498 3118 673 3165 egomet
711 3114 753 3154 in
798 3116 1066 3168 provinciam

178 3186 266 3216 non
297 3176 378 3216 sim
407 3175 659 3229 profectus.’
694 3177 850 3220 Schott.
882 3179 1063 3220 Lambin.

177 3239 320 3292 Vulgo
355 3239 581 3291 legebatur
609 3239 734 3279 voluit
761 3240 836 3282 ire.
891 3241 1067 3283 Praetor

179 3308 327 3344 autem
345 3300 431 3342 fuit
446 3301 501 3344 Q.
515 3301 693 3353 Tullius,
709 3309 756 3343 ut
772 3304 976 3346 Schottus
992 3306 1066 3347 ad-

181 3366 368 3417 notavit,
400 3365 465 3406 M.
483 3364 580 3405 Val.
605 3364 795 3406 Messala
814 3372 860 3407 et
891 3368 956 3409 M.
981 3367 1067 3410 Pu-

182 3429 245 3470 sio
262 3428 422 3470 Pisone
441 3429 563 3470 Coss.
587 3427 640 3468 Α.
666 3427 721 3470 U.
738 3432 839 3470 692.
869 3431 1031 3473 Rosius.

189 3505 192 3508 ⁴
239 3492 437 3533 Asseclom
454 3503 533 3533 esse
553 3491 764 3544 Praetmis]
792 3493 963 3535 Praetor
984 3494 1068 3537 fuit

186 3556 244 3612 Q.
277 3555 456 3609 Tullius,
502 3568 613 3599 anno
650 3560 744 3598 691.
791 3558 855 3600 Μ.
890 3560 1066 3603 Valerio

1885 308 1993 363 683

1112 440 1315 492 Messala,
1328 441 1394 482 M.
1413 438 1545 481 Pusio
1563 438 1722 481 Pisone
1737 439 1856 482 Coss.
1877 439 1993 481 Ante

1111 503 1216 544 Idus
1234 503 1418 545 Martias
1450 502 1597 544 Asiam
1625 502 1887 556 provinciam
1906 515 1995 544 sor-

1112 566 1218 607 titus
1235 580 1247 609 z
1276 573 1322 608 et
1332 572 1439 612 ¹ante
1459 567 1605 608 Nonas
1625 566 1880 608 Decembris
1897 579 1995 619 pro-

1113 629 1270 684 fectus,
1289 632 1338 671 F.
1358 632 1515 672 Flacco
1535 632 1760 672 successit.
1789 632 1928 673 Cicer.
1942 631 1995 671 ad

1114 694 1255 738 Attio.
1273 701 1318 737 et
1337 696 1380 736 in
1400 696 1600 737 Oration.
1642 696 1874 737 Suetonius
1891 709 1996 749 ergo

1115 759 1228 800 male
1262 759 1308 800 in
1336 759 1534 812 Angusto
1561 771 1654 812 cap.
1689 763 1732 800 3.
1775 762 1787 783 ‘
1810 760 1999 800 Procon-

1115 823 1301 864 sulatum
1312 822 1452 864 Asiae'
1472 823 1790 878 administrasse
1807 825 1887 876 ait,
1902 836 1996 877 quae

1117 886 1335 928 Praetoria
1351 892 1434 940 est,
1447 887 1655 928 Cicerone
1669 892 1715 928 et
1730 888 1902 940 Nepote
1916 893 2000 928 tes·

1117 949 1231 992 tibus
1245 951 1359 992 omni
1373 951 1632 1004 exceptione
1646 950 1885 1004 majoribus.
1903 951 1999 992 Fal-

1116 1024 1165 1055 so
1190 1026 1361 1068 quoque
1378 1013 1494 1055 idem
1522 1017 1534 1038 ‘
1551 1026 1703 1067 parum
1723 1014 1912 1056 secunda
1936 1013 2000 1055 fa-

1117 1088 1188 1117 ma
1205 1077 1525 1119 administrasse
1542 1077 1571 1120 :'
1600 1090 1699 1119 cum
1724 1078 1788 1118 M.
1806 1076 1940 1119 frater
1955 1078 1998 1118 in

1117 1143 1249 1186 Orat.
1270 1150 1316 1186 et
1327 1144 1521 1198 epistolis
1537 1143 1590 1184 ad
1606 1155 1703 1184 eum
1717 1143 1891 1196 scriptis
1906 1150 2000 1183 tan-

1116 1212 1272 1261 topere
1305 1208 1471 1259 laudet,
1517 1207 1735 1260 tantisque
1771 1207 2000 1248 honoribus

1116 1277 1312 1312 ornatum
1333 1269 1466 1312 fnisse
1483 1275 1685 1312 testetur.
1712 1270 1862 1311 Schott.
1907 1270 2001 1311 Cae·

1117 1340 1259 1376 terum
1291 1334 1399 1376 dicit
1429 1334 1486 1376 Q.
1514 1333 1690 1374 fratrem
1721 1333 2002 1386 Proconsula-

1117 1404 1209 1440 tum
1235 1398 1352 1439 Asiae
1372 1397 1707 1449 administrasse,
1723 1409 1819 1451 quae
1838 1397 2003 1437 Praeto·

1115 1463 1183 1505 ria
1201 1469 1284 1516 est,
1296 1464 1379 1505 hoc
1393 1462 1520 1510 modo
1539 1476 1550 1504 ε
1581 1462 1756 1503 Senatui
1773 1463 1868 1515 lege
1883 1462 2001 1502 Sem-

1118 1527 1268 1581 pronia
1280 1527 1465 1568 liberum
1485 1531 1597 1578 erat,
1610 1537 1717 1579 quos
1734 1525 1778 1565 in
1794 1537 1900 1578 quas
1918 1525 2004 1566 vel-

1116 1593 1211 1633 lent
1228 1591 1473 1646 provincias
1500 1591 1693 1632 mittere.
1749 1591 2003 1644 Quanquam

1119 1655 1394 1708 crediderim,
1407 1667 1504 1696 cum
1524 1653 1764 1696 Praetorius
1786 1653 1938 1707 aliquis
1958 1655 2002 1694 in

1121 1719 1386 1773 provinciam
1423 1718 1699 1760 Consularem
1736 1717 2006 1769 mittebatur,

1121 1797 1219 1825 eum
1228 1784 1329 1837 jure
1345 1794 1516 1838 quoque
1528 1783 1753 1825 Consulari
1768 1783 1882 1823 mitti
1897 1783 2005 1823 sole-

1120 1859 1186 1901 re,
1216 1848 1340 1889 verbi
1371 1848 1526 1902 gratia,
1556 1859 1652 1888 cum
1687 1856 1773 1888 111.
1799 1845 2005 1898 fascibus,

1121 1924 1207 1952 non
1226 1924 1303 1952 sex
1329 1916 1510 1952 tantum.
1565 1910 1713 1964 Atque
1746 1910 1853 1951 adeo
1878 1910 2007 1963 juxta

1119 1974 1348 2029 imperium
1367 1975 1482 2030 quod
1498 1974 1695 2016 aSenatu
1714 1974 1807 2028 quis
1827 1985 2007 2027 accepe-

1122 2043 1204 2090 rat,
1232 2050 1315 2092 pro
1352 2038 1554 2089 Consule,
1583 2042 1658 2078 aut
1693 2049 1774 2089 pro
1809 2037 2007 2077 Praetore

1121 2114 1217 2144 eam
1250 2101 1514 2156 provinciam
1554 2099 1854 2141 administrare
1890 2099 2009 2141 dice-

1119 2165 1265 2218 batur,
1278 2164 1452 2206 tametsi
1464 2162 1701 2204 Praetorius
1718 2163 2008 2214 Consularem,

1122 2234 1199 2270 aut
1217 2241 1241 2270 e
1269 2228 1438 2270 diverso
1471 2227 1718 2269 Consularis
1752 2226 2008 2267 Praetoriam

1122 2292 1307 2345 adeptus
1325 2296 1457 2334 esset.
1511 2291 1630 2344 Ergo
1645 2290 1750 2331 Asia
1761 2288 2008 2342 istum-dms,

1121 2362 1168 2398 et
1197 2356 1392 2397 Consulis
1424 2361 1470 2396 et
1500 2354 1709 2396 Praetoris
1740 2354 2009 2395 administra·

1121 2419 1229 2462 tioni
1248 2419 1513 2473 subjacebat.

1181 2485 1238 2527 Ut
1271 2484 1356 2537 ejus
1388 2481 1653 2535 observantia]
1693 2482 1810 2525 HInc
1844 2481 2010 2524 factum

1123 2553 1207 2601 est,
1224 2554 1276 2590 ut
1295 2559 1394 2589 eum
1425 2547 1634 2588 libentius
1650 2557 1799 2587 omnes
1817 2546 2015 2587 observa-

1123 2617 1238 2664 rent,
1249 2612 1462 2662 colerent,
1472 2616 1602 2664 atque
1617 2610 1660 2651 in
1675 2610 1807 2650 oculis
1819 2608 2009 2650 ferrent:

1125 2675 1394 2729 ἑνεργητικῶς.
1446 2675 1618 2716 Manat.
1657 2674 1671 2696 ‘
1687 2672 2010 2725 observantia‚'

1127 2752 1211 2794 qua
1238 2740 1331 2793 ipse
1351 2739 1540 2793 aliquem
1568 2737 1841 2779 observabat.
1896 2738 2011 2778 Nam

1128 2807 1175 2844 et
1209 2803 1428 2851 παθητικῶς
1465 2801 1653 2851 dicitur3
1696 2806 1748 2842 ut
1790 2800 2012 2842 ‘utilitas'

1129 2866 1245 2919 apud
1273 2864 1524 2906 Terentium
1555 2865 1600 2905 in
1620 2864 1853 2905 Eunucho:
1891 2864 2012 2905 etad

1126 2929 1331 2970 Tironem
1348 2928 1524 2970 Cicero:
1550 2926 1742 2970 ‘invidia
1756 2927 1882 2975 mea,'
1898 2929 2014 2970 Cati-

1126 2992 1250 3034 linar.
1269 3003 1322 3033 11.
1356 2997 1403 3032 et
1435 2990 1607 3031 Tuscul.
1626 3001 1690 3031 rv.
1723 2990 1877 3031 Schott.
1933 2992 2013 3032 Est

1128 3056 1203 3109 qui
1229 3054 1514 3096 observantiam
1541 3053 1597 3094 de
1627 3054 1826 3094 cautione
1858 3058 1904 3095 et
1934 3055 2015 3094 cir-

1128 3118 1451 3172 cumspectione
1483 3118 1603 3159 circa
1636 3118 1845 3158 benorum
1882 3117 2016 3170 parti-

1128 3194 1286 3236 umque
1321 3181 1509 3223 studium
1536 3181 1673 3232 accipi
1693 3192 1817 3231 posse
1835 3189 1919 3221 non
1939 3180 2014 3222 ab·

1129 3246 1302 3287 surdum
1310 3245 1494 3297 judicat.
1513 3243 1690 3287 Judicet
1705 3243 1856 3286 lector.
1876 3245 2012 3286 Boecl.

1183 3309 1298 3350 Car.
1319 3311 1363 3349 7.
1407 3307 1556 3348 Incidit
1596 3306 1866 3347 Caesarianum
1900 3308 2014 3350 civile

1129 3370 1286 3423 bellum]
1313 3370 1438 3411 Anno
1470 3369 1601 3410 Urbis
1630 3372 1725 3411 702.
1757 3369 1929 3423 quando
1947 3373 2012 3413 M.

1129 3434 1365 3475 Marcellus
1399 3432 1559 3473 Consul
1593 3433 1729 3484 legem
1755 3431 1938 3487 ferebat,
1958 3435 2012 3474 dc

1129 3494 1375 3548 abrogando
1388 3494 1547 3536 Caesari
1565 3493 1855 3548 imperio,etsi
1869 3498 2013 3538 invitis

1130 3565 1175 3603 et
1195 3559 1532 3614 repugnantibus
1550 3560 1698 3601 Servio
1729 3561 1890 3613 Sulpic.
1912 3562 2010 3601 Cos.
