2306 3900
783 251 1004 291 RERUM
1052 250 1126 288 ET
1167 249 1532 290 VERBORUM.

234 400 238 405 ·
287 385 387 425 opes
421 385 590 426 magnasv
629 380 868 427 prosternere
914 376 1114 428 (magnam

291 427 368 465 vim
403 428 573 466 hostium
610 441 656 467 ac
693 441 909 475 numerum,
939 430 1116 482 adeoque

288 481 479 532 potentias
516 482 667 521 hostilis
699 487 850 534 partem
885 494 966 521 non
1002 483 1117 522 mini-

288 533 414 586 mam)
440 534 469 581 i,
490 539 526 580 ,δ’
543 534 608 575 Sic
626 551 635 575 :
664 535 806 587 opibus
824 535 938 586 regiis
953 549 1117 588 praeesse

286 586 341 634 ix,
367 591 394 628 4
440 588 580 640 opibus
616 588 720 628 elata
755 588 882 628 insula
909 590 936 635 i,
957 594 982 630 7
1021 590 1114 629 Sic:

289 641 463 680 secunda
506 641 663 681 fortuna
703 643 931 694 magnisque
977 644 1117 695 opibus

284 694 412 734 elatus
441 693 507 742 vii,
527 699 553 735 7
590 694 792 748 (similiter
817 696 944 736 Tacit.
971 696 1022 735 A.
1051 710 1116 743 xv,

232 765 235 768 ’
286 750 356 794 20,
375 748 437 800 l).
468 761 558 787 cum
595 750 713 788 tantis
747 757 852 789 esset
885 750 1042 803 opibus,
1073 758 1116 788 ut

286 799 364 842 ἔω.
393 802 527 855 (tanta
552 802 745 855 potentia,
774 804 840 856 ut)
868 817 932 850 xx,
952 808 978 844 3
1020 805 1113 844 alie·

286 867 423 895 narum
438 868 556 908 opum
571 857 744 909 indigere
757 857 1008 910 (patrocinii)
1036 857 1115 905 xxi,

284 911 327 949 3.
354 909 464 956 xxiii,
491 914 515 949 1
557 909 650 949 Sic:
680 910 821 962 opibus
849 910 1017 962 alicujus
1047 914 1116 950 de-

284 962 395 1001 fendi
423 963 478 1009 xi,
511 967 536 1003 3
577 963 707 1016 juvari
734 979 798 1012 xx,
831 968 859 1005 2
904 965 1029 1018 (Caes.
1064 967 1114 1005 de

282 1015 386 1055 Bell.
400 1017 486 1057 Civ.
501 1020 526 1058 3
546 1022 558 1040 ‘
570 1018 784 1071 Pompeius
795 1018 901 1057 misit
912 1020 962 1058 ad
978 1019 1113 1058 Ptole-

284 1082 440 1116 maeum,
469 1076 514 1110 ut
538 1069 645 1111 illius
673 1072 814 1124 opibus
833 1072 875 1111 in
892 1071 1113 1112 calamitate

284 1123 491 1175 tegeretur'
511 1123 610 1176 ὅτε.)

230 1176 406 1230 Opinio:
443 1178 495 1218 de
530 1191 609 1230 quo
644 1184 792 1230 quanta
826 1179 943 1219 fuerit
978 1180 1113 1232 opinio

282 1243 429 1278 eorum,
449 1232 517 1284 qui
534 1232 610 1272 &c.
639 1233 757 1286 (quid
769 1231 998 1284 judicarint,
1017 1233 1114 1285 ἃς.)

281 1285 390 1331 xviii,
411 1289 460 1326 13
503 1287 638 1337 opinio
670 1287 790 1325 nimia
818 1286 966 1338 ingenii
995 1294 1115 1340 atque

282 1338 438 1377 virtutis
482 1339 626 1392 (nimia
671 1340 928 1393 existimatio)
982 1341 1054 1388 vii,
1088 1345 1113 1381 7

200 1433 203 1436 ,
283 1391 419 1443 opinio
449 1394 647 1440 manebat,
676 1406 765 1432 eum
801 1406 891 1433 cum
921 1407 1012 1446 rege
1043 1395 1114 1433 ha-

281 1445 372 1484 bere
404 1445 631 1486 societatem
657 1446 711 1493 iv,
741 1449 766 1486 3
809 1447 850 1485 in
886 1448 1113 1499 opinionem

281 1498 427 1538 adduci
455 1499 533 1546 xiv,
552 1504 580 1540 6
608 1501 649 1539 in
675 1499 902 1552 opinionem
929 1500 1025 1540 mihi
1046 1514 1112 1540 ve-

281 1551 343 1591 nit
369 1566 461 1600 xxv,
481 1557 508 1594 9

227 1603 328 1657 Opis
364 1606 531 1659 alicujus
568 1607 744 1660 indigere
773 1620 817 1654 r,
843 1611 870 1648 4
915 1607 999 1647 sine
1035 1621 1110 1660 ope

284 1658 460 1699 Deorum
486 1660 541 1706 vi,
560 1664 584 1701 3

162 1732 164 1735 ·
226 1712 424 1765 Oportet:
454 1714 552 1753 nihil
569 1713 610 1753 in
628 1713 732 1753 bello
751 1719 908 1767 oportet
935 1709 1109 1754 contem·

281 1768 323 1806 ni
350 1768 433 1814 viii,
452 1772 479 1808 2

225 1820 430 1873 Oppidani
447 1821 540 1874 (qui
557 1823 707 1861 suntin
725 1820 898 1874 oppido)
926 1822 955 1869 i,
975 1826 1001 1863 7

225 1874 428 1938 Oppidum
466 1876 566 1915 tueri
593 1876 621 1923 i,
641 1879 666 1916 3
709 1888 862 1927 oppon.
893 1876 1110 1928 relinquere

277 1928 365 1976 ir,2
391 1930 582 1982 oppidum
609 1929 880 1981 Amphipolim
906 1930 1112 1969 constituit

279 1995 319 2028 v,
337 1986 365 2023 2
392 1983 519 2036 (conf.
537 1997 574 2021 v.
596 1983 797 2036 Flumen).
836 1983 985 2036 oppida
1004 1985 1110 2022 dono

278 2036 374 2075 data
401 2049 465 2089 ap.
496 2037 604 2077 Pers.
640 2037 684 2080 ii,
714 2041 766 2079 10
811 2037 871 2089 (v.
905 2037 1022 2076 Briss.
1060 2039 1111 2077 de

278 2103 385 2142 regn.
405 2091 512 2131 Pers.
529 2089 590 2142 l).
619 2090 808 2142 oppidum
826 2090 1025 2143 (absolute
1042 2103 1111 2142 pro

277 2143 467 2196 Athenis)
494 2144 578 2191 5,4.
606 2144 650 2190 ii,
666 2148 718 2184 10
747 2143 988 2197 (imitatione
1002 2144 1111 2183 Grae-

279 2209 428 2243 corum,
455 2198 597 2249 quibus
626 2198 716 2236 ead.
746 2196 836 2235 urbs
865 2198 952 2238 κατ’
973 2198 1112 2249 ἐξοχὴν

280 2251 387 2290 dicta
405 2250 521 2291 rto-ru.
539 2264 578 2289 V.
599 2263 687 2303 sup.
703 2250 828 2302 Astu)

225 2304 439 2356 Opponere
477 2304 648 2357 aliquem
683 2303 908 2344 adversariis
949 2303 1057 2351 xviii,
1085 2309 1108 2345 3

278 2358 358 2405 Sic,
387 2363 399 2380 ‘
420 2357 570 2411 opponi
588 2357 720 2397 alicui’
746 2357 945 2409 eleganter
968 2357 1112 2398 dicitur

278 2412 328 2459 is,
355 2411 424 2464 qui
451 2425 539 2451 suas
556 2411 597 2450 in
611 2412 761 2450 hostem
780 2424 890 2451 curas
907 2412 1110 2452 intendere

273 2464 450 2516 jubetur,
464 2466 495 2504 si
507 2465 602 2518 quid
612 2465 662 2503 ab
674 2477 722 2503 eo
734 2470 947 2512 moveatur,
975 2466 1058 2512 xiii,
1071 2469 1110 2506 3.

282 2518 419 2557 Boeclo

229 2571 462 2624 opprimere
492 2571 662 2623 aliquem
692 2570 956 2623 (subvertere)
985 2570 1064 2618 xiv,
1084 2577 1107 2611 5

278 2625 565 2678 imprudentem
610 2624 719 2672 xviii,
751 2628 778 2664 8
833 2624 894 2678 (v.
932 2624 1109 2664 Gronov.

280 2684 366 2718 not.
399 2678 450 2717 ad
490 2678 576 2718 Liv.
604 2692 693 2724 xxx,
727 2678 816 2731 10).
853 2678 984 2718 hostes
1013 2677 1056 2726 ii,
1082 2685 1106 2719 5

279 2732 474 2772 Graeciam
506 2731 728 2786 (subigere)
755 2732 798 2780 ii,
824 2736 850 2772 8
876 2731 1108 2773 >libertatem

277 2786 345 2833 vii,
365 2790 390 2827 3
434 2786 632 2826 universos
660 2786 704 2831 ii,
722 2790 749 2827 4
789 2785 975 2826 invidiam
1003 2799 1110 2826 acer-

282 2840 405 2879 bitate
431 2839 531 2893 (vim
548 2838 590 2878 in
609 2840 876 2892 extinguendo
908 2839 1042 2894 notat)
1070 2855 1109 2888 x,

277 2897 305 2934 o
333 2893 505 2947 (oppon.
521 2893 644 2933 lenire
661 2893 863 2946 obsequio,
883 2893 1004 2946 ibid.)
1038 2907 1109 2946 op-

277 2947 1110 3054 ἓῗῗίᾱέῗῇἕᾶψὲἕιῗῑῖιὲξὶἓῖὴῖωἒ“*(ῑῖξὲἷ“

277 3054 487 3108 extincto).
529 3066 713 3106 oppressa
738 3054 862 3116 patria
880 3029 910 3093 ’a
942 3061 1109 3108 tyranno

278 3120 343 3154 xx,
363 3111 388 3148 l
429 3119 455 3146 a
479 3107 656 3160 tyrannis
682 3108 765 3155 vii1,
787 3111 808 3148 1
840 3107 1009 3160 opprimi
1029 3109 1109 3147 bel-

278 3160 318 3199 lo
346 3159 464 3213 (opp.
491 3173 609 3200 mox:
637 3160 789 3202 insidiis
806 3161 995 3215 interfici)
1030 3162 1110 3210 xiv,

224 3217 389 3373 ⁰¹33:ssss
391 3266 489 3359 ¹31⁰?
494 3265 941 3360 0(?‚⁰¹¹‘1'L¹¹1351¹{⁸Z„⁰3¹¹1⁸1²
959 3267 1110 3360 ἔωθε·

227 3333 712 3480 Οῆρᾎεὲνέὲὲξὲἳὲῑτ
725 3348 1112 3479 0392332532033:

333 3492 472 3545 Daph.
498 3498 538 3533 et
556 3493 652 3534 ναν.
674 3494 781 3534 Clas.

1990 256 2059 294 CV

1236 374 1357 414 ficisci
1384 374 1492 420 xviii,
1510 378 1534 414 3
1564 386 1651 412 cum
1671 381 1939 427 oppugnatum
1960 385 2063 415 esset

1235 441 1414 480 magnam
1451 434 1601 480 partem
1638 428 1717 467 diei
1761 428 1865 476 xviii,
1901 433 1927 469 4
1974 431 2059 483 (Sic

1182 481 1495 627 Ogggznffiigi
1514 480 1629 587 {Eg-{0
1631 482 1772 575 ¹1¹5ng
1805 535 2005 589 oppugn.)
2032 537 2060 583 i,

1181 639 1403 692 opsonium
1431 641 1473 688 ii,
1496 643 1560 681 10.
1588 641 1681 687 xvii,
1699 645 1725 681 8

1180 693 1402 745 Optimates
1432 708 1470 741 x,
1489 699 1530 735 6.
1557 707 1646 741 xxV,
1666 699 1693 735 9
1721 694 1951 746 optimatum
1971 709 2061 735 cau-

1232 759 1315 786 sam
1333 760 1447 800 agere
1467 747 1541 801 (de
1565 748 1736 787 factione
1764 748 2063 802 Aristocratica)

1233 800 1310 846 xix,
1330 805 1355 842 3
1384 801 1446 840 Ita
1466 816 1475 839 :
1505 802 1736 854 optimatum
1756 802 1883 842 fautor
1910 803 1979 849 vii,
1998 809 2022 843 5

1179 853 1399 906 opulentes
1427 854 1495 902 xii,
1515 859 1539 895 3
1568 855 1754 908 (Veteres
1777 857 1880 895 enim
1901 858 2063 908 promis-

1232 921 1306 947 cue
1334 914 1346 930 ‘
1367 909 1545 960 opulens'
1578 915 1618 947 et
1660 915 1672 932 ⁶
1693 908 1916 960 opulentus’
1954 910 2063 949 dixe-

1232 968 1335 1000 runt.
1363 961 1564 1002 Ausonius
1575 963 1626 1002 de
1639 962 1893 1003 Mediolano:
1923 964 2064 1003 ‘Tem-
2141 1004 2143 1007 ,

1233 1013 1314 1066 pla,
1351 1015 1622 1068 Palatinaeque
1659 1029 1780 1063 arces,
1818 1017 2063 1069 opulensque

1231 1069 1416 1109 moneta-³
1459 1069 1670 1116 Quomodo
1688 1070 1837 1110 violens
1854 1077 1896 1110 et
1915 1071 2063 1110 violen-

1232 1128 1309 1169 tus,
1339 1123 1528 1175 gracilens
1557 1130 1599 1163 et
1629 1123 1878 1176 gracilentus,
1907 1124 1981 1164 &c.
2024 1138 2062 1164 v.

1231 1175 1388 1216 Buchn.
1418 1177 1535 1216 Thes.
1567 1191 1604 1216 v.
1639 1177 1774 1230 Opis).
1810 1178 2059 1230 opulentissi-

1230 1242 1337 1269 mum
1355 1243 1516 1283 regnum
1537 1229 1610 1284 (de
1629 1231 1808 1284 Persico)
1837 1231 1929 1280 xvii,
1946 1238 1973 1274 4

1177 1282 1396 1336 Opulentia
1411 1285 1533 1324 fretus
1564 1299 1600 1331 v,
1621 1288 1648 1324 2

1178 1336 1291 1389 Opus
1318 1338 1446 1378 facere
1476 1339 1549 1391 (de
1568 1337 1673 1380 aedif.
1692 1345 1734 1378 et
1751 1339 1991 1393 munitione)
2020 1341 2063 1387 ii,

1227 1395 1258 1431 6
1284 1390 1374 1430 Ita:
1395 1405 1505 1444 (opus
1534 1391 1578 1429 fit
1601 1391 1823 1445 (procedit)
1852 1394 1894 1440 ii,
1914 1398 1939 1434 7
1968 1408 2064 1445 ope-

1229 1444 1334 1483 ribus
1367 1446 1502 1484 urbem
1535 1445 1716 1485 claudere
1745 1446 2063 1500 (munitionibus,

1230 1497 1257 1536 i.
1293 1511 1330 1537 e.
1367 1498 1484 1546 fossa,
1514 1498 1632 1546 vallo,
1668 1512 1811 1552 aggere
1846 1499 1944 1553 &c.)
1989 1501 2018 1547 i,
2037 1505 2063 1541 7

1229 1551 1324 1591 Sic:
1355 1565 1473 1605 opera
1502 1553 1726 1600 incendere,
1755 1559 1938 1602 statuere,
1967 1555 2064 1594 ibid.

1228 1606 1385 1658 (Caesar
1402 1606 1451 1645 Β.
1472 1605 1523 1646 G.
1567 1611 1579 1629 ‘
1598 1606 1708 1647 locus
1740 1607 1895 1660 egregie
1926 1614 2064 1647 natura

1227 1665 1271 1698 et
1287 1671 1406 1711 opere
1423 1673 1517 1699 mun
1527 1659 1641 1711 itus')

1177 1712 1258 1751 Ora
1274 1712 1383 1752 Asiae
1402 1712 1675 1766 (extremitas)
1703 1713 1772 1760 vii,
1791 1719 1817 1754 5

1176 1766 1390 1806 Graculum
1422 1765 1641 1806 consulitur
1670 1767 1697 1813 i,
1720 1771 1758 1806 1.
1801 1767 1842 1814 ii,
1862 1770 1888 1807 2
1932 1769 2065 1808 omnia

1231 1821 1282 1859 ad
1301 1821 1458 1860 oracula
1474 1819 1616 1860 referre
1644 1821 1698 1867 vi,
1718 1824 1742 1860 3

1176 1872 1257 1912 Oro
1277 1880 1317 1914 te
1337 1874 1633 1927 (interpositum
1666 1875 1848 1921 sermoni,
1877 1880 1924 1913 ut
1950 1874 2063 1922 alias,

1230 1940 1379 1979 quaeso,
1417 1927 1579 1980 amabo)
1608 1941 1697 1974 xxv,
1729 1932 1755 1968 4
1799 1941 1907 1967 orare
1943 1936 2063 1980 atque

1231 1981 1433 2022 obsecrare
1461 1995 1551 2029 xxV,
1570 1985 1623 2022 22

1178 2034 1315 2075 Oratio
1335 2036 1530 2090 Lysandri
1547 2035 1705 2074 nomine
1723 2047 1748 2073 a
1766 2034 1916 2075 Cleone
1944 2035 2063 2086 scrip-

1231 2095 1271 2127 ta
1297 2090 1351 2136 vi,
1371 2093 1396 2130 3
1439 2089 1683 2142 (Usurpatus
1713 2089 1817 2135 enim
1836 2088 1903 2127 ille
1920 2101 2004 2128 mos
2021 2090 2064 2127 in

1232 2140 1399 2190 Graecia‚
1431 2149 1476 2182 ut
1507 2148 1678 2182 oratores
1704 2149 1746 2182 et
1776 2142 1959 2194 sophistae
1978 2141 2063 2182 aliis

1229 2197 1424 2236 orationes
1459 2197 1734 2248 scriptitarent.
1791 2195 1910 2235 Unde
1942 2204 2064 2247 λογο-

1228 2248 1372 2302 γράφοι
1384 2265 1397 2300 ;
1426 2263 1514 2303 quae
1524 2263 1598 2289 vox
1611 2263 1702 2290 cum
1713 2263 1753 2289 re
1768 2255 1904 2300 postea
1915 2249 1957 2288 in
1970 2263 2064 2290 con-

1229 2310 1393 2343 temtum
1412 2305 1598 2344 adducta.
1628 2303 1710 2343 vid.
1744 2303 1907 2343 Cresoll.
1926 2305 2065 2342 theatr.

1227 2355 1350 2398 Rbet.
1392 2357 1448 2404 iii,
1478 2362 1522 2398 2.
1557 2356 1719 2409 Boecl.)
1764 2357 1887 2396 oratio
1923 2357 2065 2397 Graeca

1228 2410 1374 2463 (sermo
1395 2411 1523 2450 Graec.
1543 2410 1677 2463 lingua
1696 2410 1805 2463 Gn),
1826 2410 1887 2450 Fr.
1906 2414 1931 2451 3
1976 2424 2065 2450 ora-

1228 2465 1284 2503 tio
1321 2470 1511 2516 perpetua
1538 2478 1602 2510 xv,
1621 2469 1644 2503 5
1690 2465 1864 2516 (oppon.
1899 2465 2063 2503 brevitas

1227 2518 1504 2569 respondendi,
1547 2515 1666 2569 ibid.)
1709 2517 1833 2555 oratio
1875 2524 2066 2569 perpetua

1226 2570 1343 2624 (opp.
1363 2570 1556 2623 responsis
1570 2569 1772 2622 brevibus)
1799 2576 1900 2617 xv‚5
1931 2571 2063 2624 (Grae-

1227 2624 1285 2663 cis
1302 2631 1362 2664 est
1378 2624 1557 2677 ἔνο-εἴρειν
1569 2622 1664 2665 τοὺς
1679 2622 1860 2676 λόγους).
1879 2625 2065 2663 orationis

1227 2679 1515 2718 commendatio
1549 2677 1651 2731 (vid.
1688 2677 1945 2731 Commend.)
1979 2691 2066 2717 ora-

1228 2732 1337 2772 tione
1355 2733 1478 2773 fracta
1496 2732 1673 2785 tyrannis
1701 2731 1924 2772 Lacedaem.
1953 2746 2017 2779 xv,
2037 2736 2064 2771 6

1231 2785 1429 2825 orationes
1449 2785 1643 2826 conficere
1670 2785 1776 2832 xxiv,
1796 2789 1821 2826 3

1173 2838 1314 2879 Orator
1331 2840 1540 2892 probabilis
1568 2839 1674 2886 xxiv,
1693 2842 1718 2879 3
1749 2839 1809 2892 (v.
1827 2838 2021 2890 Probab.)

1172 2893 1289 2933 Orbis
1317 2901 1499 2933 terrarum
1526 2906 1590 2941 xv,
1618 2896 1658 2934 4.
1698 2906 1788 2939 xxv,
1820 2896 1861 2934 3.
1895 2896 1949 2933 20
1977 2893 2064 2945 (Sic

1224 2959 1382 3000 quoque
1410 2946 1564 2994 Cicero,
1598 2946 1668 2999 qui
1702 2952 1742 2987 ct
1777 2951 1788 2968 ¹
1808 2945 1911 2985 orbis
1942 2946 2064 2984 terrae’

1225 3001 1337 3040 dixit.
1382 3001 1522 3041 Poetae
1542 3001 1798 3041 ἑλλειπτικῶς
1817 2999 1936 3039 orbis.
1955 2999 2064 3050 Virg.

1225 3054 1311 3094 Ecl.
1341 3057 1366 3094 3
1411 3060 1422 3077 ‘
1444 3053 1663 3107 Descripsit
1700 3054 1808 3092 radio
1838 3058 1960 3092 totum
1995 3053 2064 3104 qui

1224 3107 1408 3160 gentibus
1425 3108 1584 3148 orbem.’
1614 3106 1772 3159 Vorst.)

1174 3159 1427 3201 Orchomenii
1456 3161 1508 3207 vi,
1527 3165 1551 3201 3

1174 3213 1367 3254 Ordinare
1386 3215 1629 3267 magistratus
1658 3226 1748 3258 xxv,
1770 3214 1822 3252 18
1850 3210 1937 3265 (Sic
1962 3211 2064 3252 Vos-

1228 3268 1308 3306 sius
1338 3274 1380 3307 et
1408 3267 1592 3307 Barthius
1625 3265 1783 3318 legend.
1801 3272 1976 3305 censent.
1996 3266 2062 3304 ubi

1226 3321 1346 3372 vulgo
1377 3326 1438 3359 est
1467 3326 1477 3343 ⁸
1496 3318 1683 3369 omare').
1713 3318 1902 3358 ordinatoe
1935 3320 2061 3372 copim

1228 3374 1339 3425 (quoe
1358 3372 1399 3413 in
1417 3373 1503 3414 acie
1530 3372 1656 3427 stant)
1684 3372 1738 3422 xi,
1757 3376 1784 3414 2
1812 3372 1953 3427 (moxz
1984 3374 2061 3412 dis-

1229 3426 1388 3480 positae)

1035 3493 1123 3534 lnd.
1153 3493 1256 3545 Nep.
1925 3505 1945 3529 ο
