2326 3944
301 277 410 330 470

301 404 471 453 βάλλειν
487 405 682 448 εἰώθεσαν.
712 406 847 447 ἔπειτα
879 405 986 458 ἔδοξε
1015 407 1186 457 πλησίον

300 483 378 509 που
393 467 610 521 κατορύξαι.
652 469 808 509 Similis
824 470 1078 510 Sestertium
1099 472 1184 512 Ro·

302 545 398 572 mae.
439 533 617 572 Sueton.
674 533 733 572 Et
765 533 884 573 locus
921 532 1102 574 Athenis
1140 536 1183 574 iu

302 596 469 637 Melita.
525 596 747 638 Plutarch.
766 598 1029 639 Themistoc.
1087 600 1184 640 Est-

302 670 387 711 que
404 659 507 698 illud
532 659 663 710 ταφὴν
694 659 784 699 ὄνου
811 659 1039 713 θάπτεσθαι,
1069 663 1182 714 apud

303 720 479 772 Joseph.
497 732 544 761 x.
573 722 723 775 Antiq.
751 725 866 776 quod
898 726 1184 777 ‘insepultam

303 785 588 836 sepulturam'
621 792 748 826 vocat
781 787 933 827 Cicero
959 799 992 828 1.
1022 788 1187 841 Philip·

305 851 389 902 pic.
453 853 511 891 Et
549 853 754 905 exprimit
783 853 997 906 Adagium
1034 843 1186 908 nfiinp

305 917 442 970 ἾΞΡΠ
469 919 613 957 ἿῚΌΠ-
669 920 756 961 Sed
788 922 1042 973 notandum,
1072 923 1187 974 quod

302 981 489 1033 privatio
519 983 752 1035 sepulturae
774 984 808 1023 si
828 984 956 1024 cadat
973 985 1015 1024 in
1035 983 1187 1037 impios

264 1056 267 1058 ’
307 1055 446 1095 poenae
466 1044 559 1084 loco
579 1044 779 1085 habenda
799 1047 868 1086 sit.
898 1046 1098 1087 Keachen.

330 1102 332 1107 ’
358 1108 441 1149 Dei
476 1109 680 1162 Delphici]
741 1109 966 1161 Apollinis.
1044 1111 1187 1151 Deum

304 1173 566 1225 Delphicum
601 1179 724 1215 vocat
752 1180 904 1226 aperta
933 1175 1192 1228 imitatione,

307 1248 434 1289 quem
450 1237 722 1289 Thucydides
742 1237 828 1278 θεὸν
845 1238 886 1278 ἐν
903 1240 1088 1290 Δελφοῖς.
1119 1239 1191 1279 Sic

308 1311 441 1352 supra
473 1301 616 1341 latiori
661 1302 898 1354 periphrasi
938 1304 1080 1342 Deum
1118 1315 1193 1354 ap-

307 1364 440 1416 pellat
471 1365 514 1404 in
547 1364 853 1418 Themistocle,
873 1379 999 1420 quem
1018 1367 1091 1407 alii
1110 1368 1194 1419 Py-

308 1427 457 1467 thium.
513 1429 641 1469 Quod
668 1429 869 1483 frequens
889 1430 1003 1483 apud
1035 1431 1195 1471 Corne-

308 1490 411 1530 lium
427 1496 472 1531 et
491 1492 607 1532 alios.
662 1493 784 1533 Deus
805 1494 917 1533 enim
936 1493 1022 1534 κατ’
1054 1493 1195 1545 ἐξοχὴν

269 1592 274 1593 ’
311 1576 468 1627 Apollo
484 1575 640 1617 dictus.
696 1578 813 1618 Hinc
827 1585 873 1619 et
890 1580 1028 1630 ipsum
1059 1580 1194 1647 gni,

310 1682 397 1722 quo
444 1671 614 1716 nomine
658 1669 826 1712 Arabes
853 1673 998 1713 Deum
1027 1682 1198 1718 vocant.

312 1732 514 1774 Kenchen.
652 1736 653 1740 ’

367 1798 563 1849 Responsa
582 1798 737 1849 erutus]
767 1798 1098 1840 consulentibus
1119 1803 1196 1841 La-

312 1860 601 1901 cedaemoniis.
650 1861 923 1913 Thucydides
944 1876 955 1903 ε
985 1863 1034 1902 Ὅ
1051 1863 1094 1903 δὲ
1113 1864 1198 1905 θεὸς

313 1924 337 1962 ὁ
350 1924 392 1963 ἐν
419 1925 593 1974 Δελφοῖς
609 1922 680 1963 τόν
697 1939 744 1963 τε
760 1922 889 1974 τάφον
902 1924 1065 1978 ὕστερον
1084 1926 1199 1980 ἔχρη-

313 2000 362 2026 σε
379 1989 463 2027 τοῖς
479 1986 789 2036 Λακεδαιμονίοις
804 1992 1066 2040 μετενεγκεῖν,
1081 1990 1199 2045 οῧπερ

312 2048 495 2098 ἀπέθανε,
513 2050 577 2090 καὶ
592 2051 658 2090 νῦν
672 2053 796 2091 κεῖται
816 2052 856 2091 ἐν
872 2055 931 2103 τῷ
946 2056 1196 2106 ‘xpm-suenio·-

314 2127 424 2163 ματι,
438 2113 461 2152 δ
484 2114 619 2166 γραφῇ
636 2116 781 2161 στῆλαι
800 2109 976 2162 δηλοῦσῖ.
1034 2119 1198 2159 Diodo-

317 2188 390 2216 rus
411 2177 578 2216 Siculus
609 2178 759 2225 tradit,
777 2189 931 2230 corpus
949 2181 1199 2234 propinquis

317 2252 412 2280 esse
451 2241 782 2281 condemnatum
802 2248 849 2282 et
868 2255 1132 2295 concessum,
1152 2252 1201 2286 ut

317 2305 363 2344 id
384 2306 616 2357 sepulturae
648 2306 918 2356 mandarent,
943 2307 1021 2347 sed
1040 2307 1203 2360 Apolli-

317 2381 416 2409 nem
435 2370 768 2411 Lacedaemoniis
787 2370 962 2423 iratum,
974 2373 1088 2425 quod
1106 2386 1203 2426 sup-

320 2433 477 2483 plicum
495 2431 735 2485 perfugium
751 2434 1008 2487 violassent;
1036 2437 1202 2477 consul-

323 2502 413 2536 tum
441 2497 735 2551 respondisse,
755 2497 993 2552 supplicem
1024 2501 1122 2542 Deo
1138 2512 1203 2541 re-

681 290 863 331 No'rAE
902 290 1238 334 vAmORUM
1278 292 1345 334 ιΝ
1381 294 1460 335 ⁴e...
1484 295 1746 347 N33P0T1s

1250 411 1373 451 stitui
1391 417 1619 463 oportere:
1652 411 1764 464 quod
1797 423 1893 451 cum
1923 409 2017 451 fieri
2046 423 2131 455 non

1250 487 1375 527 posse
1390 476 1605 527 viderent,
1624 488 1699 527 pro
1717 489 1802 516 uno
1822 488 2004 528 corpore
2018 476 2135 529 vivo,

1251 539 1355 579 duas
1375 545 1537 579 statuas
1553 540 1775 580 Pausaniae
1799 540 2001 590 posuisse.
2041 539 2132 580 He-

1250 604 1426 644 rodotus
1457 609 1602 643 autem
1632 604 1686 643 de
1728 616 1929 644 concesso
1946 605 2134 656 spropin-

1251 666 1345 718 quis
1372 667 1599 707 Pausaniae
1634 679 1813 719 corpore
1848 667 2011 708 nullum
2039 679 2137 708 ver·

1252 729 1351 769 bum
1381 729 1504 779 facit,
1533 730 1610 770 sed
1636 731 1776 770 Deum
1793 731 2031 771 consultum
2045 729 2138 782 jus-

1252 793 1357 833 sisse
1407 792 1755 833 Lacedaemonios
1796 792 1916 833 ‘duo
1953 804 2137 846 corpora

1253 868 1333 907 pro
1372 867 1455 894 uno
1499 856 1708 896 Minervae
1753 857 1994 897 Ciialcioeco
2038 855 2136 897 red·

1255 919 1359 958 dere
1374 918 1401 958 :'
1429 919 1522 958 iilos
1555 924 1699 959 autem
1734 920 1950 959 oraculum
1982 919 2044 960 sic
2073 919 2137 959 in-

1254 986 1516 1034 terpretatos
1548 993 1658 1032 esse,
1689 983 1702 1004 ‘
1723 986 1772 1021 ut
1804 993 1883 1034 pro
1913 993 1999 1022 uno
2026 981 2141 1023 Pau-

1256 1047 1373 1087 sania
1394 1052 1563 1098 necato,
1593 1046 1698 1086 duas
1730 1046 1954 1087 Pausaniae
1970 1051 2138 1087 statuas

1256 1109 1538 1149 dedicarent!
1578 1109 1758 1150 Lambin.
1830 1111 1899 1150 De
1924 1109 2025 1162 jure
2062 1109 2139 1150 illo

1255 1172 1520 1213 concedendi
1537 1173 1747 1214 cadavera
1764 1173 1808 1212 in
1826 1173 2022 1226 Digestis
2040 1172 2141 1214 Jus-

1256 1235 1405 1276 tinian.
1424 1236 1500 1275 lib.
1517 1247 1684 1276 xnvnl.
1705 1237 1776 1277 tit.
1792 1238 1861 1276 24.

1317 1300 1394 1340 Ubi
1407 1299 1725 1353 vitamfinierat]
1754 1300 1971 1352 Excerpta
1982 1299 2036 1340 P.
2053 1299 2142 1340 Da·

1259 1364 1400 1414 nielis,
1419 1368 1534 1415 atque
1550 1366 1680 1404 eodem
1698 1365 1777 1403 loco
1797 1365 1983 1415 sepultus,
1999 1362 2067 1403 ubi
2083 1361 2142 1402 υί-

1260 1431 1344 1467 tam
1358 1430 1554 1479 posuerat.
1575 1426 1702 1470 Quod
1715 1426 1973 1478 Schioppius
1992 1424 2144 1466 Schot-

1263 1496 1414 1543 tusque
1429 1489 1696 1530 confirmant.
1741 1489 1942 1529 Barthius
1963 1488 2144 1529 Advers-

1259 1553 1372 1594 libro
1391 1563 1523 1593 xxxv.
1544 1556 1609 1594 18.
1630 1551 1679 1591 τὸ
1696 1553 1775 1592 loco
1794 1551 2023 1592 delendum
2043 1562 2145 1592 cen·
2222 1594 2225 1597 ,

1264 1620 1344 1656 set.
1401 1615 1608 1666 Propert.
1635 1614 1712 1655 lib.
1729 1625 1782 1656 11.
1810 1616 1822 1636 ‘
1838 1614 1967 1657 Quod
1985 1613 2089 1654 mihi
2106 1612 2145 1654 si

1265 1677 1463 1729 ponenda
1491 1683 1566 1717 tuo
1598 1678 1656 1718 sit
1687 1689 1869 1730 corpore
1902 1676 2017 1718 vita!
2047 1676 2147 1729 Et,

1263 1743 1276 1763 ‘
1297 1742 1396 1782 Non
1417 1741 1560 1794 potuit
1577 1753 1680 1780 saxo
1704 1741 1834 1781 vitam
1854 1740 2044 1792 posuisse
2065 1738 2147 1787 ee,

1261 1803 1424 1844 -raunol
1478 1804 1626 1843 Valer.
1659 1804 1779 1845 Max.
1808 1803 1886 1843 lib.
1905 1813 1972 1844 vn.
1999 1806 2041 1843 9.
2076 1805 2145 1844 18.

1261 1870 1275 1891 ‘
1294 1867 1348 1909 Q.
1369 1867 1504 1918 Capio
1536 1866 1580 1906 in
1609 1866 1796 1918 publicis
1827 1865 2007 1906 vinculis
2023 1865 2148 1918 spiri-

1266 1935 1356 1969 tum
1389 1928 1618 1980 deposuit!
1676 1928 1772 1969 Lib.
1805 1940 1892 1969 vn.
1922 1932 1964 1969 8.
1991 1931 2004 1952 ⁴
2025 1928 2148 1969 Inter

1265 1993 1399 2045 ipsam
1419 1991 1586 2032 fallacis
1613 1998 1659 2032 et
1677 1992 1857 2042 ingratae
1875 1993 2013 2043 culpae
2032 1987 2149 2044 cogi·

1266 2058 1475 2097 tationem
1493 2054 1685 2108 spiritum
1709 2055 1882 2107 posuit.’
1914 2053 2115 2097 Gebhard.

1321 2120 1570 2160 PAusAmAE
1613 2131 1683 2159 res
1725 2118 1908 2170 amplius
1942 2130 2152 2159 memora·

1262 2183 1373 2224 -bunt
1396 2182 1472 2222 tibi
1491 2179 1748 2222 Plutarchus
1776 2183 1819 2221 in
1849 2180 1981 2222 Arist.
2009 2186 2055 2223 et
2074 2181 2151 2222 ali-

1271 2245 1328 2286 bi.
1365 2244 1560 2295 Thueyd.
1579 2256 1610 2285 1.
1640 2244 1805 2284 Herod.
1837 2243 1916 2285 lib.
1935 2255 2002 2284 tx.
2042 2245 2151 2285 Dio·

1262 2308 1363 2348 dor.
1381 2319 1446 2348 xr.
1466 2307 1620 2347 AElian.
1639 2309 1693 2348 V.
1714 2307 1774 2348 H.
1792 2319 1852 2348 lv.
1863 2311 1903 2348 7.
1922 2308 2153 2360 Polyaenus

1270 2383 1373 2413 vm.
1400 2372 1599 2424 Xenoph.
1616 2371 1730 2412 Hist.
1747 2372 1889 2413 Graec.
1907 2382 1958 2411 11.
1983 2371 2151 2413 Justin.

1270 2448 1323 2478 11.
1345 2440 1411 2477 15.
1446 2447 1491 2477 v.
1512 2439 1578 2476 1⁰.
1621 2447 1684 2477 vr.
1714 2439 1754 2476 4.
1793 2435 1942 2476 Valet.
1971 2434 2154 2476 Maxim.

1272 2510 1325 2542 u.
1343 2503 1382 2542 6.
1408 2498 1579 2552 Suidas,
1595 2501 1678 2542 διο.
1713 2498 1891 2540 Boecler.
