2306 3900
711 307 849 347 xiv.
909 293 1246 357 bA'rAMEM',
1288 307 1421 347 cAP.
1459 293 1520 346 3.
1598 279 1605 292 ’

201 428 320 471 siana
338 431 454 470 texit.
507 428 607 470 Fuit
619 426 711 468 haee
731 438 939 480 purpura,
957 438 1079 467 auro-

199 504 282 545 que
299 493 518 545 distincta,
543 504 640 545 quae
669 503 754 531 non
785 491 840 531 ab
868 491 963 542 ipso
983 496 1077 530 tan-

199 560 290 595 tum
308 556 441 608 Rege,
457 555 530 596 sed
547 561 593 596 et
608 553 860 607 proceribus
875 553 965 605 ejus
986 565 1077 605 ges-

198 618 401 669 tabatur3
421 618 534 660 unde
548 619 889 671 Purpuratorum
908 629 1077 658 nomen.

195 682 514 724 Tertullianus:
571 683 806 735 ‘Purpura
840 686 887 721 et
929 692 1077 720 aurum

197 746 378 787 cervicis
398 751 694 787 ornamentum
721 744 836 797 apud
853 743 1079 797 AEgyptios

199 813 246 849 et
280 808 560 860 Babylonios,
596 808 779 860 insignia
814 813 912 847 sunt
946 806 1081 859 digui-

196 871 326 914 tatis!
358 873 494 912 Veste
510 872 586 912 illa
606 883 822 924 purpurea
841 871 988 912 donati
1002 876 1077 910 Δο-

195 934 350 987 ρύφοροι
369 935 648 976 vocabantur.
683 934 857 975 Curtius
877 946 946 974 111.
978 933 1078 973 AEli-

196 1011 303 1039 anus
335 999 452 1040 Hist.
478 1000 581 1040 Var.
602 1011 634 1039 ι».
668 1002 736 1040 22.
792 999 899 1038 Erat
934 1003 1078 1038 autem

195 1062 306 1102 stola
339 1061 529 1113 Medica,
571 1074 655 1114 qua
690 1060 858 1111 donari,
894 1072 1078 1100 summus

195 1125 310 1178 apud
339 1125 496 1165 Persas
520 1125 670 1165 honor.
724 1124 863 1177 quue
893 1124 938 1164 in
964 1123 1081 1164 hodi-

195 1199 345 1230 ernum
363 1189 476 1230 diem
509 1189 625 1242 apud
652 1191 833 1241 Turcas,
861 1190 1079 1242 Tartarus,

195 1252 436 1315 Pesyasque
455 1251 498 1291 in
517 1264 593 1292 usu
625 1258 722 1293 est:
751 1264 877 1292 nemo
909 1252 964 1292 ad
993 1253 1079 1293 Re-

197 1328 296 1368 gem
332 1316 591 1368 admittitur,
642 1317 724 1356 nisi
757 1316 965 1369 ejusmodi
1003 1317 1077 1357 ho·

194 1379 366 1423 notaria
396 1385 518 1421 veste
550 1380 747 1421 donatus.
803 1380 900 1421 Hoc
918 1385 1077 1421 vocant

190 1468 317 1555 ἑλέ
349 1469 550 1525 ἶκλὲΗ
584 1468 711 1544 εμοὺς
757 1478 808 1514 ut
853 1484 986 1525 supra
1029 1472 1076 1512 in

190 1575 476 1617 Themistocle
493 1580 705 1617 notatum.

240 1641 428 1695 *Satrapae
455 1642 578 1693 regii]
605 1642 667 1682 Hi
699 1645 798 1682 sunt
835 1652 939 1693 quos
971 1639 1075 1680 alibi

191 1704 419 1762 Principes
457 1705 787 1758 provinciarum,
823 1702 1077 1756 Praefectos,
1128 1730 1129 1733 =

192 1769 414 1811 Praetores
450 1770 600 1811 vocari
630 1774 813 1811 constat.
879 1770 1074 1822 Eratque

191 1844 317 1872 omne
337 1833 568 1874 Persarum
588 1824 814 1885 imperium
835 1832 877 1872 in
895 1833 1075 1885 ejusmo-

190 1895 232 1935 di
251 1895 469 1948 satrapias
488 1895 684 1936 divisum.
714 1895 939 1935 Videndus
959 1895 1073 1936 Bris-

179 1958 335 1999 -sonius
354 1969 387 1999 1.
407 1957 462 1999 de
478 1970 611 2010 regno
626 1959 875 2009 Persarum,
893 1963 939 1999 et
957 1959 1074 1999 Dru-

188 2022 339 2063 sinsin
370 2021 554 2062 Observ.
585 2026 631 2062 et
659 2022 724 2062 Cl.
753 2022 1074 2075 Berneggerus,

189 2086 218 2127 J
223 2085 350 2127 ustin.
370 2096 416 2126 ν.
434 2088 473 2126 2.
501 2086 678 2125 Boecler.
879 2125 882 2128 ,

206 2183 208 2185 .
246 2134 416 2190 όνηαυίι
433 2151 552 2190 etiam
564 2148 717 2202 torque]
735 2149 968 2190 Persarum
987 2160 1073 2190 mo-

183 2211 306 2254 ribus
339 2214 453 2255 inter
483 2214 662 2267 insignia
692 2213 815 2266 regia
852 2221 943 2254 erat
984 2221 1071 2254 tor-

189 2288 294 2331 ques
313 2290 481 2319 aureus.
538 2278 720 2318 Interim
749 2290 831 2318 non
848 2278 971 2318 modo
987 2283 1071 2317 tor-

188 2352 310 2394 ques,
325 2340 401 2381 sed
417 2341 595 2382 armillae
608 2341 1068 2394 aureae,acinaces‚&c.

185 2404 300 2446 iuter
327 2405 510 2447 honores
541 2405 726 2458 satrapis
762 2418 787 2444 a
821 2406 940 2455 Rege
970 2416 1071 2445 con-

185 2478 345 2519 cessos,
373 2473 420 2509 et
455 2469 633 2522 praemia
662 2467 974 2508 benevolentiae
1009 2479 1073 2507 re-

187 2530 284 2582 giae.
339 2530 451 2572 Vide
477 2531 671 2571 Brisson.
701 2530 755 2570 de
789 2542 918 2582 regno
948 2529 1070 2570 Pers.

188 2592 263 2632 lib.
282 2603 315 2632 1.
358 2593 408 2634 C.
431 2593 654 2637 Bai-thium
675 2591 859 2633 Advers.
881 2604 983 2633 vm.
1007 2596 1071 2639 15.

186 2655 310 2695 laem.
366 2654 495 2695 Adde<
518 2654 587 2695 el.
604 2652 867 2695 Schefferum
887 2654 1071 2707 Syntag-

187 2723 302 2758 mate
319 2719 374 2758 (le
394 2718 663 2771 antiquorum
683 2718 922 2772 torquibus.

240 2781 424 2822 Armillis
440 2781 589 2833 aureis]
632 2781 824 2823 Armillae
851 2781 972 2823 fuere
1006 2794 1071 2823 ro·

187 2845 308 2887 tundi
329 2845 476 2886 circuli
493 2857 549 2885 ex
569 2850 749 2897 argento
764 2845 834 2885 vel
849 2857 968 2896 auro,
983 2845 1071 2899 qui·

184 2908 264 2950 bus
279 2920 488 2949 summum
516 2907 737 2949 brachium
752 2907 986 2960 cingebant
1003 2920 1069 2948 or-

185 2977 309 3012 natus
328 2983 493 3013 caussa.
537 2971 654 3012 Olim
674 2975 801 3012 erant
818 2970 862 3011 in
882 2976 977 3023 usu-3
991 2971 1067 3013 sed

184 3046 264 3087 per
283 3035 443 3075 luxum.
489 3034 636 3075 Livius
651 3034 723 3076 lib.
744 3037 781 3076 1.
803 3034 857 3075 de
873 3035 1068 3076 Sabinis:

181 3099 194 3118 ⁴
213 3097 340 3139 Quod
361 3091 490 3149 vulgo
519 3096 667 3137 Sabini
699 3109 852 3138 aureas
880 3098 1068 3140 armillas

183 3160 326 3212 magni
343 3157 542 3211 ponderis
562 3158 604 3198 in
619 3158 792 3200 brachio
812 3160 919 3201 laevo
935 3161 1067 3202 habu·

183 3222 324 3265 erint!
397 3221 675 3262 Vocabantur
718 3227 764 3262 et
813 3222 1067 3276 brachiales,

184 3286 354 3327 Graecis
386 3285 661 3337 βραχιστῆρες,
688 3289 762 3324 aut
793 3284 1067 3342 βραχιστήρμ,

183 3349 338 3399 viriam,
354 3348 564 3399 dextralia,
581 3345 879 3394 dextrocheriffi·
892 3349 958 3388 uti
970 3347 1065 3389 fuse

184 3412 314 3453 docet
333 3411 555 3452 Rubenius
575 3411 719 3452 Elect.
739 3409 815 3451 lib.
835 3421 868 3451 1.
887 3414 955 3452 38.

176 3515 181 3522 ,
239 3474 327 3527 Ipse
342 3475 505 3528 agresti,
528 3473 743 3527 duplicique
761 3473 944 3527 amiculo]
973 3474 1063 3517 Cir-

1911 293 2019 346 565

1140 426 1366 468 cumdatus
1385 425 1469 468 fuit
1491 426 1648 479 abolla,
1678 439 1772 481 quae
1802 426 2021 468 humilium

1140 504 1418 544 personarum
1455 490 1538 532 fuit
1584 491 1896 543 indumentum,
1949 498 2024 532 ειη

1140 560 1262 596 certe
1279 567 1446 606 senum,
1461 555 1833 608 Philosophorum,
1849 561 1895 596 et
1913 555 2024 596 simi·

1139 619 1259 660 lium.

1196 683 1348 723 Gerens
1370 682 1414 722 in
1442 682 1570 734 capite
1593 683 1748 732 galeam
1764 681 2023 735 venatoriam]

1142 746 1250 788 Quae
1289 746 1345 786 ad
1380 752 1588 786 terrorem
1625 746 1797 786 hirsutis
1836 746 2021 798 pellibus

1140 814 1256 850 tecta
1273 815 1384 862 erat,
1395 814 1445 850 ut
1457 808 1646 863 loquitur
1661 809 1868 861 Vegetius
1882 810 1956 851 lib.
1971 820 2022 850 11.

1142 876 1213 914 17.
1244 872 1404 913 Videas
1426 873 1583 925 passim
1601 884 1794 912 nummos
1812 872 2024 925 antiquos,

1140 936 1216 977 ubi
1246 936 1290 976 in
1328 936 1541 989 capitibus
1575 935 1744 976 exuviae
1782 947 2023 988 caprarum,

1140 1001 1395 1052 caprietum,
1445 999 1785 1052 elephantorum.
1864 998 2023 1038 Galeas

1140 1068 1286 1104 antem
1305 1077 1359 1104 ex
1377 1064 1642 1104 diversorum
1670 1063 1913 1103 animalium
1933 1063 2024 1115 pel-

1139 1125 1250 1167 libus
1269 1125 1402 1167 fuisse
1421 1125 1661 1178 confectas,
1690 1126 1844 1179 probat
1862 1126 1906 1166 in
1925 1139 2024 1167 con·

1132 1189 1352 1242 jectaneis
1381 1191 1468 1230 suis
1498 1190 1550 1230 ad
1571 1191 1808 1231 Varronem
1840 1202 2020 1244 magnus

1137 1253 1346 1306 Scaliger.
1402 1255 1460 1295 Et
1479 1253 1571 1294 haec
1589 1254 1740 1294 eadem
1767 1253 1867 1305 fuit,
1895 1268 2022 1308 quam

1138 1317 1150 1339 ‘
1172 1317 1459 1358 venatoriam'
1490 1323 1616 1358 vocat
1648 1318 1798 1370 Nepos
1827 1319 2021 1360 Corneli-

1138 1391 1201 1422 us.
1233 1379 1274 1420 A
1292 1379 1377 1421 fide
1397 1380 1544 1422 stabat
1562 1381 1662 1421 olim
1677 1383 1832 1424 Justus
1851 1382 2021 1434 Lipsius

1136 1443 1189 1482 ad
1208 1442 1439 1496 Polybium
1454 1449 1680 1484 comment.
1695 1443 1748 1484 de
1761 1442 1922 1484 Militia
1936 1445 2020 1484 Ro-

1137 1518 1263 1547 mana
1280 1507 1355 1548 lib.
1375 1519 1450 1549 1¹1.
1479 1507 1680 1548 Kenchen.

1193 1570 1402 1622 Copulam]
1442 1569 1692 1620 Vinculum,
1721 1567 1876 1619 ἱμάντα.
1907 1570 2021 1611 Vide

1138 1634 1265 1686 Casp.
1284 1634 1510 1674 Barthium
1529 1632 1712 1674 Advers.
1734 1644 1835 1675 vm.
1857 1637 1924 1674 15.

1190 1697 1287 1737 Fuit
1306 1709 1416 1737 nemo
1434 1709 1510 1737 non
1528 1696 1594 1748 qni
1610 1700 1835 1747 agnosceret
1852 1696 2020 1749 Thyum,

1136 1761 1295 1813 regique
1329 1759 1554 1812 nunciaret]
1600 1759 1672 1800 Sic
1709 1759 1935 1812 Longolius
1973 1766 2021 1802 et

1136 1824 1328 1877 Scriptus
1362 1828 1525 1864 noster.
1578 1823 1753 1864 Savaro.
1782 1823 1879 1864 Fuit
1908 1835 2020 1864 nemo

1135 1888 1200 1940 qui
1229 1891 1456 1938 agnosceret
1489 1887 1643 1940 Thyum
1671 1887 1835 1940 regique
1862 1888 2021 1928 nuncia·

1134 1954 1218 1991 ret.-
1243 1951 1371 2002 primo
1387 1963 1463 1990 non
1480 1950 1710 1991 accredidit.
1724 1951 1893 1992 Schott.
1941 1951 2021 1992 Re-

1131 2015 1249 2066 gique
1264 2012 1484 2064 nuntiaret]
1522 2013 1764 2054 Concursus
1795 2013 1939 2067 (quasi
1958 2014 2022 2054 di·

1135 2073 1229 2128 cat)
1257 2074 1397 2116 factus
1417 2081 1484 2115 est
1503 2087 1678 2127 magnus
1714 2074 1769 2115 ob
1800 2075 2019 2117 insolitam

1132 2139 1322 2192 speciem
1341 2138 1532 2190 adducti,
1564 2144 1608 2178 et
1638 2149 1735 2178 cum
1765 2138 1938 2190 propius
1955 2139 2019 2179 in-

1133 2202 1393 2255 spexissent,
1409 2201 1582 2255 plurimi
1599 2206 1879 2253 agnoverunt,
1909 2213 2018 2242 rem-

1133 2280 1216 2321 que
1233 2268 1344 2319 Regi
1363 2266 1628 2317 nuntiarunt,
1646 2276 1772 2318 quam
1790 2264 1862 2306 ille
1879 2266 2018 2318 primo

1133 2344 1219 2373 non
1238 2331 1439 2372 credidit.
1471 2329 1720 2370 Gebhardus.

1188 2396 1328 2436 Primo
1343 2406 1420 2434 non
1435 2388 1670 2443 accredidit]
1700 2391 1772 2432 Ita
1801 2391 2020 2433 venustius

1131 2458 1178 2498 in
1197 2456 1457 2507 melioribus,
1485 2460 1531 2495 et
1549 2454 1796 2507 Excerptis.
1849 2453 1939 2494 Alii
1957 2460 2021 2494 ta-

1134 2517 1231 2562 men
1249 2520 1421 2561 codices
1454 2519 1678 2559 invertunt
1707 2517 1903 2557 ordinem
1932 2518 2020 2557 lec·

1135 2585 1292 2626 tionis:
1325 2583 1387 2624 Ae
1414 2582 1544 2635 primo
1575 2593 1652 2621 non
1683 2580 1866 2621 credidit.
1930 2579 2018 2619 Sed

1133 2649 1346 2690 accredidit
1370 2647 1503 2699 magis
1534 2644 1797 2698 probabunt,
1833 2644 1906 2696 qui
1937 2644 2017 2683 La-

1134 2713 1226 2753 tine
1257 2711 1413 2752 scient.
1482 2708 1707 2753 Quomodo
1750 2706 1984 2758 ‘adjubere
2003 2705 2015 2722 '

1133 2775 1245 2816 dixit
1275 2774 1473 2816 Catullus
1505 2771 1560 2812 ad
1596 2769 1880 2823 Ipsithillam3
1912 2771 1923 2792 ‘
1943 2769 2018 2809 ad-

1125 2838 1279 2890 jurare
1294 2836 1307 2855 '
1337 2836 1481 2877 Livius
1502 2834 1574 2876 lib.
1591 2844 1725 2874 xuu.
1745 2834 1757 2856 ⁴
1773 2833 2019 2886 adopinari’

1131 2900 1376 2952 Lucretius,
1402 2905 1448 2940 et
1468 2899 1569 2940 alia.
1597 2897 1806 2940 Kenchen.

1186 2965 1344 3006 Nobilis
1363 2965 1471 3016 Rex]
1512 2963 1585 3004 Sic
1606 2962 1833 3014 legendum
1854 2960 2013 3014 potius,

1131 3043 1259 3084 quam
1273 3042 1357 3083 quo
1375 3028 1502 3069 modo
1521 3026 1683 3068 habent
1702 3026 1775 3067 alii
1794 3026 1910 3077 libri,
1938 3038 2016 3065 non

1129 3094 1222 3134 vilis
1254 3094 1358 3134 Rex.
1418 3092 1527 3133 Erat
1559 3091 1672 3131 enim
1707 3102 1733 3130 a
1764 3090 2015 3141 Pylaemene

1130 3156 1206 3198 illo
1227 3155 1459 3197 Homerico
1477 3153 1738 3207 progenitus.
1755 3150 1940 3192 Lambin.

1186 3221 1269 3266 Qui
1301 3224 1385 3259 tum
1415 3215 1734 3267 contrahebatur]
1779 3214 2017 3268 Quoeritur,

1129 3285 1203 3326 ubi
1239 3283 1568 3325 contraheretur
1602 3279 1672 3319 hic
1704 3277 1938 3329 exercitus,
1970 3278 2015 3319 in

1131 3347 1392 3399 Phrygiane,
1413 3356 1466 3385 an
1483 3344 1527 3384 in
1546 3341 1712 3392 Cilicia,
1728 3353 1784 3382 an
1801 3341 1844 3381 in
1859 3341 2013 3394 Syria?

1130 3413 1329 3464 Namque
1343 3410 1424 3450 hoc
1443 3408 1556 3449 scire
1566 3407 1745 3448 interest
1762 3405 1817 3446 ad
1833 3417 1900 3457 ea,
1916 3418 2012 3459 quae

1127 3479 1375 3530 sequuntur.
1432 3473 1483 3516 In
1499 3471 1651 3515 Cilicia
1669 3482 1781 3513 non:
1811 3482 1908 3512 nam
1930 3469 2014 3524 pri·
