2306 3900
202 185 254 220 i'
333 228 440 282 528

331 365 560 415 utramque
577 359 798 401 fortunam
818 372 942 415 aequo
960 360 1048 402 fert
1064 362 1219 414 animo,

331 438 472 479 neque
492 425 607 466 tristi
624 424 882 476 succumbit,
906 437 1047 479 neque
1067 437 1220 466 secun«

332 489 391 528 da
405 486 596 530 effertur.
653 487 877 529 Rutilius:
907 486 1031 528 ‘Nec
1054 483 1220 528 tantum

332 552 451 591 duris
472 551 602 592 nituit
615 551 832 603 sapientia
850 551 1002 602 rebus;
1029 551 1221 593 Pectore

330 627 416 654 non
439 615 530 655 alio¹
543 615 817 667 prosperiora
851 616 982 658 tulit.’
1037 617 1221 658 Aristot.

330 679 407 719 lib.
425 690 459 719 1.
492 680 635 719 Ethic.
676 678 748 720 τὸν
777 678 850 730 μὲν
878 679 957 733 ’γὰρ
990 679 1041 722 ὣς
1069 681 1223 729 ἀληθῶς

331 740 481 792 ἀγαθὸν
507 742 570 782 καὶ
603 742 775 796 ἔμφρονα
804 741 934 784 πάσας
951 741 1118 793 ὀἰόμεθα
1149 743 1223 784 τὰς

330 805 460 858 τΰχας
474 806 723 858 εὐσχημόνως
738 805 883 860 φέρειν.
931 806 1102 855 ΫΑδηλος
1129 807 1222 860 qui'-

331 871 454 912 dam:
496 871 546 911 Οἱ
574 869 867 921 πεπαιδευμένοι
898 869 1071 926 καθάπερ
1095 870 1143 910 ὀἷ
1176 871 1223 910 ἐκ

330 933 592 986 παλαίστρας,
620 934 693 975 κᾶν
709 932 874 985 πέσωσι,
890 934 1045 985 ταχέως
1061 932 1127 974 καὶ
1142 934 1223 974 ἐπι-

331 996 460 1048 δεξίως
479 997 523 1037 ἐκ
549 998 620 1045 τῆς
642 996 808 1049 ἀτυχίας
827 996 1112 1048 ἐξανίστανται.
1165 998 1221 1039 Β.

333 1061 548 1101 Basilius:
592 1057 718 1102 Οὗτος
745 1059 814 1102 οὖν
836 1061 923 1101 ἐστι
942 1062 964 1101 ὁ
990 1059 1141 1111 νοήμων
1155 1074 1222 1101 κυ-

331 1123 537 1176 βερνήτης,
551 1124 573 1162 ὁ
592 1122 916 1176 εὐστοχασμένως
932 1125 1005 1174 τῆς
1022 1122 1222 1175 ὑποκειμέ-

332 1203 400 1241 νης
418 1186 571 1240 φύσεως
586 1187 951 1242 μεταχειριζόμενος
977 1187 1031 1229 τὸ.
1054 1187 1223 1239 συμπίπ-

331 1268 471 1308 τοντα,
487 1252 551 1293 καὶ
569 1252 698 1303 ὅμοιος
729 1251 790 1293 ἀεὶ
814 1252 931 1294 αὐτὸς
953 1253 1077 1294 {av-r&
1094 1252 1224 1305 διαμέ·

332 1333 421 1366 νων,
443 1316 544 1369 μήτε
577 1315 823 1370 ἐπαιρόμενος
851 1316 894 1357 ἐν
913 1318 1003 1358 ταῖς
1031 1315 1224 1368 εὐθυμίαις

331 1381 432 1432 μήτε
478 1379 732 1422 καταπίπτων
773 1381 820 1423 ἐν
861 1382 950 1423 ταῖς
995 1382 1223 1435 συμφορως.

336 1445 536 1487 Gebhard.

393 1510 451 1550 Ut
468 1510 794 1551 inconsideratior
824 1509 870 1550 in
888 1493 1084 1562 secunda,
1108 1521 1226 1562 quam

332 1574 376 1614 in
395 1575 579 1626 adversa]
600 1573 715 1615 Ισως
724 1571 806 1625 μὲν
824 1571 892 1614 οὖν
909 1571 974 1613 καὶ
990 1571 1136 1625 ἑτέροις
1149 1572 1224 1621 ἤδη

332 1653 452 1678 τουτο
469 1636 712 1691 συμβέβηκε,
727 1637 777 1677 τὸ
793 1636 867 1678 τὰς
882 1635 956 1687 μὲν
971 1637 1016 1677 ἐν
1029 1638 1118 1677 ταῖς
1145 1636 1226 1676 ἑπι-

333 1701 489 1753 τυχίαις
507 1701 687 1753 ἐξουσίας
707 1701 762 1752 μὴ
792 1698 977 1741 δύνασθαι
986 1693 1132 1778 ”peut
1159 1699 1225 1740 ἆν-

334 1766 540 1819 θρωπίνως,
558 1766 599 1807 ἐν
617 1764 660 1806 δὲ
676 1767 764 1806 ταῖς
776 1762 1032 1816 περιπετείαις
1048 1763 1226 1809 ευλαβῶε

333 1829 495 1870 {cavean
518 1829 583 1870 καὶ
613 1830 819 1880 νουνεχῶς.
875 1827 1085 1880 Polybius
1106 1827 1225 1867 Hist.

335 1904 457 1933 xvn.
489 1892 675 1934 Casaub.
703 1896 816 1938 vert.
844 1890 858 1913 ‘
878 1889 1059 1931 Accidit
1082 1889 1161 1930 hoc
1180 1894 1226 1930 et

336 1956 427 1997 aliis
445 1955 631 1996 fortasse
643 1956 736 2008 jam
754 1959 872 2006 ante,
897 1958 948 1994 ut
965 1953 1094 1994 rebus
1113 1954 1226 1994 laetis

319 2019 579 2073 potentiam
613 2017 749 2071 ferre,
773 2017 887 2058 sicut
921 2017 1115 2058 homines
1147 2029 1226 2070 par

332 2088 448 2135 erat,
464 2083 719 2137 nequirent;
746 2082 788 2122 in
804 2080 995 2122 adversis
1006 2086 1136 2122 caute
1153 2080 1227 2121 ad-

335 2146 510 2187 modum
535 2151 596 2188 'et
632 2145 872 2199 prudenter
908 2148 1067 2184 statum
1105 2156 1227 2185 suum

336 2208 676 2253 conservarent?
728 2207 844 2252 Vide
861 2210 965 2251 Var.
983 2210 1108 2251 Lect.
1129 2209 1228 2249 Mu·

336 2276 422 2316 reti
439 2276 550 2316 libro
569 2287 614 2317 v.
638 2279 704 2318 15.
732 2275 867 2317 Boecz.

395 2340 526 2385 Quum
544 2339 691 2391 ultum]
718 2339 807 2379 Alii
826 2336 925 2378 libri
943 2337 1122 2390 habent,
1139 2349 1228 2378 cum

336 2402 500 2443 ulcisci:
541 2402 629 2453 alii,
664 2414 752 2442 cum
787 2402 938 2442 uztum:
984 2413 1066 2454 ego
1101 2401 1227 2441 ultum

336 2467 465 2508 malo.
522 2466 636 2507 Nam
654 2477 803 2507 revera
822 2466 938 2506 ultus
958 2471 1053 2506 erat
1072 2465 1226 2518 patriae

337 2530 512 2583 injurias
534 2529 665 2570 muris
685 2528 877 2582 refectis,
905 2535 959 2573 et·
980 2529 1036 2570 de
1055 2529 1226 2581 integro

337 2594 557 2645 excitatis,
572 2605 676 2647 quos
691 2593 754 2634 illi
769 2592 1007 2634 diruerant.
1035 2594 1047 2616 ‘
1063 2592 1226 2634 Patriae

336 2655 542 2709 injurias'
563 2660 725 2708 autem,
744 2655 786 2695 id
808 2659 888 2707 est,
906 2655 1085 2708 injurias
1105 2667 1130 2695 a
1150 2656 1229 2696 La·

337 2719 610 2760 cedaemoniis
627 2718 781 2772 patriae
800 2718 955 2760 illatas.
991 2719 1174 2760 Lambin-

392 2785 521 2824 Plura
538 2783 757 2836 concupivit
775 2795 890 2835 quam
908 2784 1056 2837 efficere
1077 2780 1227 2835 potuit]

337 2849 520 2901 Ingenio
540 2849 861 2891 ambitiosorum
883 2849 1046 2891 relictis
1075 2848 1228 2890 mediis

338 2914 556 2954 ruentium
589 2913 644 2953 ad
688 2926 853 2956 summa
898 2926 975 2954 sua
1021 2913 1228 2966 pernicie.

338 2975 480 3016 Tacit.
500 2976 612 3016 Ann.
634 2988 706 3017 ιιι.
727 2981 795 3017 66.
824 2977 837 2999 ‘
853 2976 1100 3017 Brutidium
1126 2977 1228 3018 arti-

338 3039 418 3081 bus
435 3040 626 3082 honestis
644 3043 883 3094 copiosum,
909 3047 969 3093 et,
997 3042 1030 3081 si
1060 3047 1227 3082 rectum

337 3104 424 3145 iter
443 3109 661 3157 pergeret,
691 3104 747 3144 ad
779 3105 1012 3146 clarissima
1043 3117 1227 3159 quaeque

335 3167 514 3219 iturum,
541 3165 759 3208 festinatio
791 3167 1109 3220 exstimulabat,
1125 3167 1227 3208 dum

339 3233 544 3283 aequales,
578 3231 679 3271 dein
717 3231 977 3283 superiores,
1006 3237 1227 3284 postremo

340 3301 530 3336 suasmet
579 3297 672 3348 ipse
714 3309 812 3349 spes
859 3296 1027 3338 anteire
1073 3301 1226 3349 parat:

340 3360 451 3412 quod
486 3361 659 3419 multos,
697 3363 827 3402 etiam
874 3362 1023 3414 bonos,
1053 3374 1227 3414 pessum

339 3423 479 3472 dedit,
508 3424 598 3476 qui,
638 3426 812 3477 spretis,
843 3439 938 3478 quae
972 3425 1098 3467 tarda
1129 3438 1227 3466 cum

341 3487 589 3540 securitate,
607 3495 885 3540 praematura,
914 3490 981 3529 vel
1011 3501 1107 3530 cum
1140 3488 1227 3529 exi-

719 242 899 283 No'rAE
941 241 1278 283 VARIORUM
1324 244 1388 284 ΙΝ
1431 245 1482 284 Ο.
1521 244 1785 308 NEPorrlS

1282 363 1361 416 tlo,
1380 364 1641 418 properant!
1677 365 1804 406 Gebh.

1337 430 1432 470 Non
1461 432 1585 471 solum
1614 431 1723 472 inter
1739 429 1939 483 barbaros,
1962 430 2057 484 esa]
2098 431 2174 473 Al-

1284 497 1426 534 terum
1445 494 1551 535 inter
1569 495 1797 536 redundat.
1829 495 1983 536 Schott.

1337 557 1388 596 Id
1417 569 1535 609 quum
1561 558 1690 598 minus
1718 559 1933 610 diligenter
1957 561 2056 599 esset
2073 559 2174 599 rela-v

1283 620 1385 672 tum]
1425 619 1564 661 Valde
1593 621 1662 660 hic
1697 620 1948 675 discrepant
1975 621 2092 662 inter
2126 633 2175 662 se

1286 682 1508 725 Historici.
1565 685 1679 726 Nam
1721 685 1966 739 Xenophon
2000 685 2176 740 quidem

1283 745 1397 787 Ἕλλ.
1411 758 1474 788 ιν.
1490 754 1655 800 narrat,
1670 748 2042 798 Lacedaemonios,
2055 752 2176 801 post÷

1285 821 1464 863 eaquam
1496 812 1813 864 cognovissent,
1843 812 2062 853 Cononem
2088 821 2180 852 mu·-

1286 884 1356 912 ros
1376 873 1492 913 urbis
1519 879 1567 914 et
1593 873 1752 915 Piraeei
1778 887 1804 914 a
1823 874 2044 927 Lysandro
2065 873 2178 915 dira·-

1285 940 1371 987 tos‚
1400 937 1588 989 pecunia
1623 937 1741 990 regia
1772 937 1828 979 de
1862 939 2033 991 integro
2061 937 2178 980 exci-

1286 1003 1419 1050 tasse,
1447 1003 1494 1040 et
1523 998 1670 1040 urbeis
1702 1000 1838 1040 Ioniae
1858 1005 1906 1041 et
1927 1000 2098 1041 AEtoliae
2131 1001 2177 1040 in

1286 1061 1536 1103 continente
1547 1062 1650 1103 sitas
1657 1062 1713 1104 ad
1723 1062 2027 1105 Athenienseis
2039 1069 2180 1105 trans-

1286 1124 1402 1165 ferre
1423 1125 1635 1179 cogitare,
1654 1127 1930 1168 constituisse
1947 1127 2013 1168 his
2033 1127 2089 1168 de
2109 1139 2178 1168 re-

1287 1188 1368 1229 bus
1379 1189 1630 1230 Tiribaaum
1651 1189 1905 1244 praefectum
1922 1191 2088 1243 regium
2104 1189 2179 1232 do-

1287 1264 1403 1304 cere,
1423 1251 1606 1295 confisos
1634 1252 1731 1295 fore
1759 1254 1843 1295 hoc
1869 1259 2016 1307 pacto,
2034 1259 2085 1296 ut
2103 1255 2180 1296 ille

1287 1321 1362 1357 aut
1385 1328 1534 1358 secum
1557 1317 1810 1359 societatem
1841 1317 1985 1371 iuiret,
2003 1323 2080 1359 ant
2098 1318 2181 1360 Ce-

1288 1379 1390 1421 noni
1410 1385 1607 1433 sumptus
1622 1381 1668 1421 in
1688 1381 1872 1423 classem
1899 1381 2181 1435 suppeditare

1289 1441 1532 1484 desineret:
1563 1455 1648 1496 qua
1680 1456 1727 1484 re
1759 1443 1923 1494 audita,
1942 1444 2181 1486 Athenien-

1289 1506 1371 1547 seis
1388 1511 1543 1547 contra
1571 1511 1668 1547 enm
1697 1507 1874 1550 Conone
1891 1508 2059 1565 legatos
2078 1519 2182 1562 qaa-

1290 1576 1404 1624 tuor,
1431 1571 1765 1624 Hermogenem,
1795 1571 2015 1625 Dionem,
2030 1571 2183 1613 Callis-

1288 1634 1479 1686 thenem,
1515 1634 1889 1688 Callimedontem,
1915 1635 1971 1676 ad
2014 1635 2182 1676 'ritibus

1289 1711 1385 1739 zum
1404 1698 1599 1749 misisse;
1626 1699 1794 1752 legatos
1822 1699 1956 1740 etiam
1981 1712 2007 1740 a
2037 1699 2182 1751 sociis,
2247 1732 2252 1735 .

1289 1763 1362 1816 qui
1398 1774 1484 1803 una
1527 1761 1920 1815 proficiscerentur,
1951 1773 2184 1813 evocasse3

1289 1838 1469 1880 quorum
1503 1825 1769 1867 orationibus
1805 1825 1981 1878 auditis,
1992 1846 1999 1853 2
2018 1825 2183 1867 Tiriba-

1289 1901 1385 1930 zum
1413 1889 1530 1943 clam.
1554 1888 1800 1931 Antalcidae
1834 1888 2185 1931 Lacedaemonio-

1289 1965 1386 1994 rum
1435 1953 1584 2005 legato
1629 1952 1857 2007 pecuniam
1902 1952 2090 2006 dedisse,
2134 1957 2186 1994 ut

1291 2018 1430 2059 classe
1446 2017 1502 2059 ab
1521 2017 1572 2058 iis
1589 2016 1815 2068 instructa,
1832 2015 2118 2058 Athenienses
2135 2020 2184 2056 et

1291 2093 1438 2122 eorum
1458 2080 1568 2122 socii
1598 2080 1796 2137 cupidius
1824 2091 1974 2132 pacem
2004 2072 2186 2131 eipete·

1291 2151 1392 2189 rent
1410 2150 1540 2200 atque
1559 2149 1846 2198 exoptarent:
1877 2145 2099 2186 Cononem
2111 2155 2184 2184 au-

1291 2215 1382 2252 tem
1414 2215 1619 2263 tanquam
1650 2208 1849 2262 injuriam
1873 2205 2183 2261 Regifacien-

1291 2278 1398 2325 tem,
1427 2273 1486 2327 in⁴
1505 2273 1674 2314 vincula
1695 2271 1949 2325 conjecisse.
2001 2268 2076 2311 Sic
2093 2270 2184 2310 Xe·

1289 2339 1479 2391 nophon.
1511 2336 1728 2378 Diodorus
1741 2347 1845 2376 vero
1860 2334 1936 2375 lib.
1953 2344 2058 2375 xlv.
2077 2333 2184 2374 scri-

1290 2401 1370 2455 bit,
1405 2401 1650 2442 Tiribazum
1675 2400 1862 2452 Cononi,
1892 2399 1948 2441 ob
1978 2411 2048 2440 res
2082 2412 2181 2452 pro-

1291 2478 1420 2519 spere
1439 2465 1495 2507 ab
1522 2477 1573 2506 eo
1603 2470 1748 2517 gestas
1774 2462 1997 2515 invidisse,
2025 2467 2074 2504 et
2101 2463 2183 2504 hac

1290 2533 1421 2572 causa
1457 2534 1688 2583 praetexta,
1723 2528 1837 2582 quod
1869 2527 2015 2570 urbeis
2047 2527 2184 2570 Athe

1290 2593 1511 2635 niensibus
1531 2593 1779 2646 acquireret
1810 2592 1951 2634 classe
1982 2596 2031 2632 et
2048 2591 2184 2645 copiis

1292 2657 1445 2710 Regis,
1487 2669 1600 2698 eum⁴
1617 2655 1793 2698 Sat-deis
1840 2654 2101 2708 perductum
2136 2655 2184 2696 in

1291 2722 1462 2763 vincula
1481 2721 1737 2774 conjecisse.
1791 2716 2008 2761 Isocrates
2032 2721 2184 2772 aperte

1293 2783 1507 2836 significat
1541 2785 1584 2825 in
1623 2783 1924 2836 Panegyrico;
1962 2782 2184 2825 Cononem

1291 2847 1507 2889 immerito
1540 2860 1567 2888 a
1603 2847 1751 2889 Persis
1779 2859 1876 2888 esse
1901 2847 2184 2900 comprehen-

1292 2924 1396 2952 sum.
1426 2911 1608 2952 Lambin.
2147 2929 2149 2931 ·

1346 2975 1502 3026 Magna
1519 2975 1649 3027 dere]
1691 2975 1763 3016 Sic
1788 2987 1841 3016 ex
1869 2973 1956 3017 fide
1988 2975 2074 3017 Ms.
2095 2974 2184 3017 mei

1292 3047 1338 3082 et
1368 3039 1460 3082 Gif.
1497 3041 1722 3081 emendavi
1753 3048 1799 3082 et
1827 3041 2043 3094 dispunxi.
2096 3042 2182 3083 Ms.

1290 3104 1393 3144 Put.
1429 3115 1527 3144 cum
1575 3104 1689 3156 vulg.
1725 3116 1871 3156 magna
1907 3101 2184 3155 festinatione.

1290 3168 1489 3208 Savaro..
2172 3200 2177 3204 .

1341 3232 1478 3284 Ibique
1508 3231 1694 3285 periisse]
1733 3231 1880 3273 Editio
1909 3230 2182 3282 Parisiensis,

1288 3295 1417 3348 ibique
1442 3309 1528 3336 eum
1544 3296 1720 3347 periisse.
1775 3295 1994 3336 Diodorus
2011 3294 2181 3335 Siculus

1289 3360 1344 3400 de
1364 3372 1415 3400 eo
1434 3360 1692 3412 supplicium
1721 3364 1939 3410 sumptum
1970 3369 2067 3398 esse
2097 3357 2182 3409 sig-

1290 3422 1440 3464 nificat
1459 3423 1567 3463 libro
1589 3434 1666 3462 xv.
1686 3422 1750 3462 his
1769 3420 1936 3461 verbis:
1963 3419 2178 3460 ‘Tuon-reb-

1290 3502 1362 3529 σας
1379 3489 1400 3527 ὁ
1418 3485 1637 3539 Ἰφικράτης
1651 3486 1705 3534 μὴ
1723 3486 1948 3538 συλληφθῇ,
1966 3485 2030 3525 καὶ
2057 3499 2174 3534 τιμω-
