2306 3900
920 112 975 140 ἢ*

939 151 954 168 s

294 212 347 279 cl
729 224 934 280 murex
972 230 1198 293 nimum
1243 231 1319 269 ΕΤ
1360 230 1727 272 vannorum.

347 348 531 389 convictu
549 356 590 390 et
614 350 916 405 familiaritate):
954 353 1012 393 uti
1036 353 1168 406 aliquo
1284 353 1403 406 vulgo
1435 360 1624 407 praesente
1667 352 1844 409 (militib.
1873 355 2118 408 praesentib.)

303 449 307 452 ι
345 401 582 446 familiariter
597 405 692 452 xvii,
710 410 750 447 1.
775 406 855 453 xix,
873 410 900 447 4
925 406 1062 447 intime
1079 420 1170 454 xxm
1283 407 1352 454 vii,
1365 412 1393 449 8

347 459 373 494 5
402 455 660 498 familiaritate
679 458 845 511 alicujus
863 474 953 508 xxv,
973 465 1000 501 9
1039 460 1171 514 aliquo
1233 460 1388 508 Vulnus
1420 461 1681 514 gravissimum
1714 467 1837 500 morte
1865 458 1937 500 filii
1964 461 2119 513 accepit

345 509 472 550 amico
499 510 648 560 xviim
675 513 867 554 beneficio
885 513 1096 577 (civitatis)
1115 515 1173 554 uti
1285 528 1327 562 x,
1345 519 1373 555 6
1410 513 1502 554 Sic:
1530 515 1662 555 celans
1687 521 1878 567 quantum
1894 514 2036 554 vulnus
2053 527 2119 554 ac·

345 575 438 611 xxv,
456 567 495 618 3,
510 565 644 605 castris
656 567 716 606 uti
734 579 774 614 V,
792 572 817 607 5
838 566 1008 620 (oppon.
1025 574 1085 608 utl
1103 580 1173 620 pa·
1287 567 1456 620 cepisset
1480 567 1560 616 xiV,
1577 573 1605 610 6
1629 569 1771 608 vulnus
1786 567 2024 608 mortiferum
2054 581 2120 615 xv,

300 659 304 662 ,
347 615 487 665 laestra,
500 618 621 672 ibid.)
649 619 708 660 uti
724 620 918 673 sapienter
935 623 1174 674 temporibus
1288 625 1317 662 9

345 667 553 722 (inservire
569 673 756 727 tempori)
783 687 849 722 xv,
866 678 911 723 3,
1235 674 1442 725 Vulnerari
1459 674 1509 713 ab
1534 674 1666 727 aliquo
1692 675 1844 728 aliquot
1860 673 1988 728 plagis
2011 673 2122 723 xviii,

293 721 412 787 Utica
438 725 533 773 xxii,
551 730 578 767 2
616 726 729 781 (urbs
747 727 887 781 Lybiae
906 733 996 780 post
1014 728 1177 769 Cartha·
1291 732 1320 769 4

344 789 477 841 gruem
495 780 677 828 maxima,
694 780 1000 832 quamvelleius
1024 782 1178 821 Patere.
1238 779 1426 821 Vulsonis
1444 779 1521 820 Cn.
1538 779 1685 829 Manlii
1696 793 1757 819 res
1773 787 1893 832 gestae
1910 779 2127 820 Hannibali

346 844 376 878 ι,
398 835 440 879 2,
460 837 502 873 6.
543 833 647 873 circa
671 834 793 874 Codri
824 839 1002 886 tempora
1022 835 1178 887 Tyrios,
1294 839 1516 873 memoratae
1541 833 1648 879 xxiii,
1668 837 1721 875 1³

347 886 485 936 paucis
511 887 623 926 annis
653 893 746 940 post
776 886 926 935 Gades,
956 888 1180 928 condidisse
1241 887 1410 928 Vultus:
1438 886 1481 924 id
1499 899 1522 925 e
1540 884 1650 925 vultu
1668 886 1756 938 ejus
1771 885 1964 925 intellexit
1987 885 2042 932 iv,
2059 889 2085 926 6

346 938 499 992 scribit)
1242 941 1414 989 Uxorem
1434 940 1620 991 *amitt-ere
1645 940 1726 988 xxi,
1746 943 1770 980 1
1815 940 1999 979 reducere
2016 938 2126 992 (quae

296 989 467 1032 Utilitati
497 994 695 1034 communi
719 1006 854 1047 parere
880 994 950 1041 vii,
967 998 995 1035 4
1035 993 1180 1034 veloci·
1297 993 1375 1032 fuit
1400 992 1468 1031 alii
1492 993 1648 1032 tradita.
1671 1007 1710 1032 v.
1739 991 1920 1045 Reduc.)
1947 1006 1987 1040 x,
2005 996 2033 1033 6
2076 993 2128 1031 de

334 1091 335 1094 Ἴ
350 1050 409 1085 tas
427 1046 478 1086 ad
496 1048 703 1087 utilitatem
728 1048 823 1088 belli
845 1048 1017 1102 pertinet
1044 1047 1182 1101 (usum
1296 1059 1416 1086 uxore
1432 1045 1552 1085 alicui
1563 1048 1791 1098 exprobrare
1806 1046 1911 1101 (scil.
1923 1046 2032 1099 quod
2047 1057 2127 1084 non

347 1098 551 1153 bellicum)
575 1115 640 1149 xv,
657 1106 684 1142 2
1297 1100 1473 1140 duxisset
1488 1099 1669 1154 uxorem)
1695 1114 1761 1148 xv,
1777 1104 1804 1141 5

296 1150 474 1205 Utique:
501 1154 543 1194 in
572 1155 727 1195 Graecia
751 1155 890 1208 utique
918 1147 1013 1194 olim
1030 1167 1182 1207 magnae

302 1248 308 1252 ⁴
349 1205 459 1257 laudi
476 1214 560 1248 erat
576 1209 773 1262 (omnino,
790 1206 917 1261 certe)
943 1222 1010 1255 xv,
1029 1211 1056 1248 2
1096 1207 1182 1262 (Sic

353 1259 499 1301 Cicero·
518 1263 570 1301 ad
593 1263 680 1302 Att.
699 1263 726 1303 1.
750 1267 801 1304 13
830 1269 842 1286 ⁸
858 1261 1080 1313 illudlvero'
1103 1261 1182 1300 uti·
1660 1258 1713 1298 X.

300 1359 302 1361 v
350 1314 429 1366 que
438 1316 538 1356 scire
550 1316 696 1369 cupio!
722 1317 965 1366 Quinctil-m
978 1320 1030 1357 10
1050 1322 1062 1341 ‘
1076 1317 1184 1367 quod

345 1366 504 1418 justitia
525 1376 600 1418 est,
617 1371 755 1423 utique
772 1372 894 1411 virtus
913 1370 1001 1411 est?
1019 1371 1184 1421 aliique)
1245 1366 1470 1418 Xenophon
1487 1363 1706 1405 Socraticus
1732 1364 1826 1412 xvii,
1846 1368 1870 1405 1

299 1419 415 1465 Utres
433 1422 485 1460 ad
503 1424 605 1460 hanc
621 1437 702 1461 rem
719 1425 1005 1462 conficiendam
1020 1425 1188 1476 impera-
1247 1421 1394 1460 Xerxes
1413 1419 1509 1459 mari
1534 1425 1575 1458 et
1591 1425 1691 1458 terra
1707 1418 1851 1458 bellum
1876 1415 2132 1457 infert'Euro-

302 1513 305 1518 ,
345 1472 412 1525 ,Υἱὲ
429 1486 546 1527 quam
565 1474 749 1527 plurimos
772 1475 882 1522 xviii,
900 1478 927 1515 8
1303 1487 1367 1526 pae
1384 1473 1427 1520 ii,
1440 1477 1467 1514 2
1495 1473 1539 1511 in
1551 1472 1685 1512 Asiam
1699 1485 1807 1511 suam
1817 1471 2009 1523 relegatur
2034 1471 2078 1517 ii,
2093 1474 2133 1510 2.

301 1526 522 1581 Utrobique
539 1529 603 1582 (et
618 1535 718 1568 terra
734 1534 777 1567 et
788 1527 906 1580 mari)
933 1528 1041 1576 xxiii,
1054 1531 1106 1568 10
1254 1545 1273 1579 g
1302 1527 1382 1573 xxi,
1400 1531 1423 1566 1
1470 1527 1521 1565 ab
1549 1525 1750 1565 Artabano
1779 1526 1881 1564 ferro
1907 1524 2136 1564 interimitur

301 1579 479 1633 Utraque
514 1583 670 1622 fortuna
700 1581 896 1636 (secunda
929 1588 972 1624 et
1007 1579 1190 1634 adversa)
1305 1580 1386 1627 xxi,
1403 1583 1426 1620 1

305 1639 689 1742 Ut'iixcfdelffiionysii
716 1686 827 1741 (pro,
849 1693 1014 1741 uterque
1031 1686 1190 1740 Diony-

359 1743 439 1789 sius
478 1747 579 1806 ¹³5²?ss
594 1748 779 1805 utrosque
791 1738 1012 1796 profligavit
1023 1742 1192 1805 §utrum-
1673 1737 1717 1776 Ζ.

318 1894 323 1899 ,
361 1809 458 1890 ἓιιιιιῗι.
477 1794 771 1890 ἰχὲξὲὶῗιεὴὲῗιῗ
785 1795 1052 1901 Ιειιιῗίῗῗῑξῐῗῃ
1082 1799 1191 1835 vete·
1253 1843 1464 1899 Zacynthji,
1477 1844 1746 1884 adolescentes
1772 1859 1812 1891 x,
1830 1849 1858 1885 9

308 1901 430 1957 Vulgi
458 1905 645 1958 (affectus
675 1902 793 1956 varii)
819 1903 900 1950 xix,
917 1906 945 1943 4
985 1901 1094 1953 vulgi
1123 1914 1193 1939 vo·
1254 1899 1371 1939 Zama
1396 1897 1505 1945 xxiii,
1530 1903 1558 1939 6
1601 1897 1712 1952 (urbs
1735 1897 1891 1946 Africae,
1923 1897 2136 1937 Ptolemaeo

364 1959 495 1997 luntas
512 1956 735 1997 mirabiliter
754 1962 815 1996 est
837 1962 989 1996 mutata
1014 1970 1054 2002 x,
1074 1959 1126 1995 10
1151 1955 1195 1993 in
1308 1951 1458 1992 Azama
1493 1950 1612 1991 dicta.
1664 1950 1797 1992 Hodie
1815 1952 1951 1992 Zamor
1967 1957 2140 1991 vocatur.

365 2012 504 2063 vulgus
523 2013 620 2059 edit,
646 2024 716 2050 suo
732 2010 847 2063 jussu
870 2023 960 2050 eum
978 2009 1195 2062 profectum
1309 2020 1348 2045 v.
1379 2006 1565 2045 Bochart.
1592 2004 1739 2058 Geogr.
1774 2019 1870 2047 sacr.
1902 2011 2002 2059 part.
2035 2011 2138 2058 post.

366 2066 444 2114 xiv,
467 2070 495 2106 6
539 2067 581 2106 ἰιι
611 2066 749 2119 vulgus
780 2064 878 2105 editi
905 2063 994 2104 libri
1019 2076 1111 2111 ην,
1143 2065 1195 2102 16
1308 2060 1378 2100 lib.
1397 2063 1436 2100 1.
1447 2072 1536 2112 cap.
1553 2058 1630 2112 24)
