2306 3900
710 266 933 309 RERUM
975 266 1051 306 ΕΤ
1092 265 1460 308 VERBORUM.

198 388 380 436 insertus,
397 393 443 428 ut
471 388 578 442 loqu.
596 387 700 429 Plin.
727 389 860 437 xxxiii,
882 395 920 431 1.
975 390 1028 431 V.

199 443 338 483 iterum
352 442 513 496 Hugon.
531 442 599 482 lib.
617 447 659 484 5.
685 454 776 495 cap.
791 442 850 496 1).

150 495 355 549 Equitatui
368 496 475 536 omni
493 509 658 549 preesse
685 495 792 543 xxiii,
810 500 836 538 8
879 497 1030 550 equita·

201 557 264 590 tus
282 549 452 590 hostium
469 551 647 590 arborum
671 556 796 590 tractu
821 550 1031 604 impeditus

201 604 230 649 i,
248 609 274 644 5
319 603 489 658 (gaudet
512 602 618 644 enim
645 615 787 656 campo
806 605 963 656 potius:
994 619 1031 645 v.

201 657 337 696 Herm.
382 657 565 710 Hugonis
617 670 758 697 comm.
803 659 854 698 de
897 659 1034 697 militia

201 710 371 763 equestri
389 711 457 751 lib·
475 714 516 752 4.
534 723 622 764 cap.
640 710 704 765 5).
730 711 910 764 equitatu
927 712 1033 752 vale-

202 777 243 804 re
269 763 378 810 xviii,
395 767 420 805 3
618 800 619 803 ,

149 817 304 871 Equum
323 818 519 858 concitare
537 818 578 857 in
595 818 765 871 aliquem
779 818 860 866 xvi,
875 824 900 860 5
930 833 1034 872 equo

203 872 401 919 concitato
433 872 522 911 vehi
549 871 628 919 xiv,
657 876 683 913 4
728 874 823 926 equi
853 872 1036 913 militares

202 925 264 980 (in
283 924 551 973 conclusione,
571 932 653 966 arte
683 926 838 974 servati,
868 940 920 966 ne
949 926 1035 967 scil.

203 992 336 1020 eorum
372 985 514 1032 praeter
549 980 874 1020 consuetudinem
909 982 1037 1020 otian-

203 1034 300 1072 tium
319 1034 456 1086 pedes,
476 1034 583 1086 quod
602 1033 801 1074 Plutarch.
814 1035 842 1074 l.
861 1039 902 1074 5.
929 1035 1037 1075 Con-

204 1086 321 1127 vival.
381 1087 478 1127 robl.
506 1090 546 1127 4.
577 1087 647 1134 ait,
671 1088 808 1128 vitium
834 1089 1038 1128 contrahe-

204 1147 304 1181 rent.
373 1139 496 1192 oecl.)
522 1140 630 1188 xviii,
650 1147 675 1182 5

151 1193 302 1235 Eretria
318 1194 601 1248 (Euboicarum
629 1194 831 1235 civitatum
850 1194 1039 1249 maxima)

205 1247 360 1301 capitur
387 1248 416 1295 i,
434 1252 461 1289 4
502 1247 602 1302 (fuit
619 1254 660 1290 et
674 1248 754 1288 alia
769 1248 948 1300 ejusdem
966 1263 1041 1289 no-

205 1301 320 1341 minis
357 1303 447 1342 urbs
495 1301 538 1342 in
586 1302 811 1342 Thessalia:
857 1316 895 1342 v.
932 1303 1039 1343 Ubb.

207 1355 338 1458 Err)im.
366 1362 462 1395 tom.
487 1355 516 1394 i.
535 1361 614 1396 vet.
646 1355 775 1396 Graec.
795 1369 886 1409 pag.
900 1361 970 1398 41.
1000 1362 1042 1397 et

154 1463 260 1515 Erga
286 1459 491 1500 Romanos
522 1462 767 1502 confirmavit
794 1463 903 1502 velut
919 1464 1041 1504 haere·

207 1517 334 1556 ditate
348 1515 526 1556 relictum
551 1517 684 1556 odium
701 1523 905 1568 paternum
932 1516 1042 1565 xxiii,

210 1574 234 1611 1
281 1582 373 1622 erga
421 1569 577 1610 Italiam
613 1571 754 1610 eodem
794 1572 924 1610 animo
967 1571 1044 1611 fuit

209 1623 318 1672 xxiii,
337 1627 389 1664 10
425 1637 518 1676 erga
534 1637 663 1675 regem
682 1638 890 1664 commune
907 1624 1043 1664 odium

211 1683 464 1729 susceperant
513 1678 592 1724 xiv,
632 1681 684 1718 10
748 1691 840 1730 erga
890 1678 1044 1718 nobiles

212 1731 421 1771 crudelitas
449 1731 516 1778 vii,
541 1734 568 1771 4
606 1744 698 1783 erga
726 1731 927 1772 Romanos
960 1733 1046 1771 odi-

212 1799 278 1824 um
306 1785 439 1832 xxii,4
467 1785 531 1838 (in
560 1784 621 1823 his
636 1786 816 1824 omnibus
836 1791 847 1809 ‘
868 1785 972 1839 erga’
1003 1787 1045 1824 in

215 1837 355 1878 malam
375 1845 524 1891 partem
542 1839 751 1891 accipitur)

157 1891 291 1946 Ergo:
335 1891 509 1932 victoriae
552 1906 645 1945 ergo
681 1893 830 1932 donum
865 1892 1045 1946 Apollini

214 1948 306 1994 dare
342 1946 396 1992 iv,
435 1950 452 1986 1
504 1946 553 2000 (i.
582 1959 619 1986 e.
647 1959 716 1999 pro
753 1960 940 1987 concessa
963 1946 1045 1988 vic-

215 2001 328 2047 toria,
346 2000 386 2038 in
404 2001 627 2045 memoriam
653 2001 840 2040 victoriae.
866 2001 1047 2041 Solennis

213 2061 273 2095 est
300 2053 343 2093 in
370 2052 562 2106 ejusmodi
594 2054 764 2094 donariis
792 2054 911 2107 hujus
940 2056 1047 2095 vocis

215 2121 309 2148 usus

162 2107 376 2201 Erichtlion
390 2160 501 2216 (urbs
516 2160 784 2214 Hellesponti)
803 2161 883 2208 xiii,
900 2166 921 2203 1
951 2162 1048 2216 (hoc

216 2215 375 2254 nomine
420 2214 672 2266 significatur,
715 2216 788 2255 sed
831 2217 1047 2256 mendose:

217 2281 308 2308 vera
323 2268 441 2308 lectio
458 2274 518 2308 est
534 2267 734 2321 Crithote)

164 2323 298 2362 Erexit
312 2335 401 2362 eum
416 2322 502 2362 haec
527 2323 767 2362 contumelia
783 2321 834 2375 (i.
851 2335 888 2362 e.
917 2323 970 2362 ad
988 2323 1049 2362 in-

218 2376 405 2416 dustriam
430 2382 472 2415 et
503 2377 817 2416 emendationem
850 2377 1049 2424 excitavit,

217 2428 394 2483 exacuit)
421 2429 464 2477 ii,
486 2433 508 2471 1
537 2428 648 2484 (cum
675 2429 934 2470 fundamento
962 2444 1050 2470 sen-

221 2484 392 2524 tentioso
410 2497 423 2532 ;
449 2484 630 2535 quaedam
646 2485 750 2523 enim
768 2483 928 2534 ingenia
945 2483 1051 2523 fran-

221 2538 278 2589 git
313 2536 551 2576 contumelia
585 2542 628 2575 et
669 2538 720 2575 ad
754 2537 1051 2577 dissolutionem

220 2590 522 2643 neglectumque
554 2589 725 2629 infamias
751 2589 916 2642 abjicit3
944 2604 1052 2643 quae-

221 2645 312 2683 dam
331 2643 444 2696 erigit
462 2642 715 2696 instigatque,
733 2650 778 2682 ut
809 2643 981 2684 dedecus
1010 2645 1054 2683 in

223 2697 384 2751 gloriam
427 2703 574 2736 vertere
611 2698 866 2736 contendant.
915 2698 1054 2740 Boecl.

222 2766 261 2790 v.
283 2751 457 2790 Freinsh.
487 2757 527 2790 et
546 2750 715 2790 Loccen.
743 2752 794 2790 ad
813 2751 910 2791 illud
930 2752 1054 2792 Curtii

221 2806 289 2852 vii,
307 2809 348 2852 2,
369 2808 422 2846 38
477 2810 489 2827 ⁸
505 2803 703 2844 Incitabat
734 2805 911 2846 virtutem
943 2805 1054 2858 igno-

226 2858 355 2898 miniae
370 2858 575 2899 demendae
595 2857 779 2911 cupido')

170 2913 356 2966 Eripere:
399 2911 533 2951 Asiam
570 2911 777 2965 Agesilaus
808 2912 889 2965 regi
919 2911 1057 2953 fuisset

172 2965 1057 3061 Efsszssff‘ss‘ssssftfflssffszffifflsssssszsssseffaffcm.

226 3073 417 3112 exercitus
448 3071 582 3126 (ducis
600 3072 737 3127 culpa)
763 3087 828 3121 xv,
856 3077 882 3114 ⁷
925 3074 986 3114 his
1015 3074 1057 3113 in

227 3139 391 3167 errorem
418 3126 589 3166 inductis
614 3125 850 3180 (calliditate
866 3127 1059 3180 deceptis,

228 3186 275 3219 ut
298 3180 513 3226 crederent,
531 3192 678 3220 merum
703 3193 837 3220 aurum
863 3187 904 3221 et
921 3194 1058 3234 argen-

232 3240 315 3272 tum
359 3245 458 3279 esse,
504 3234 613 3285 quod
635 3234 864 3295 ..maximam
909 3242 1058 3287 partem

178 3284 567 3380 Ergiiizngtgrceitnutrir
583 3290 808 3390 xdiiiz’iri’lina
825 3338 979 3378 militari
1007 3340 1061 3386 xi,

233 3398 260 3435 2
299 3394 370 3447 (de
389 3406 467 3446 qua
482 3394 716 3433 ὀπλοδιδασκ
835 3392 976 3445 Veget.
995 3393 1061 3432 lib.

236 3451 274 3486 1.
310 3460 396 3499 cap.
433 3451 498 3488 13.
527 3449 603 3487 &m
634 3453 675 3486 ct
706 3447 760 3486 H.
822 3460 886 3499 ug.
923 3446 980 3494 iii,
1000 3445 1062 3499 1).

234 3500 387 3540 erudire
413 3501 536 3542 filium
565 3499 752 3541 doctrinis
783 3514 870 3548 xxv,
906 3504 927 3542 1
975 3513 1062 3540 eru-

1913 250 1972 307 lv

1143 391 1217 430 diri
1249 392 1300 431 ab
1328 391 1461 445 aliquo
1489 387 1556 438 vll,
1570 393 1597 431 2
1641 389 1816 431 eruditus
1841 389 1912 438 sic,
1930 396 1977 430 ut

1145 444 1221 485 &c.
1236 445 1342 499 (scil.
1358 445 1473 485 variis
1492 443 1710 497 disciplinis
1735 450 1779 485 et
1804 443 1977 498 artibus)

1144 512 1209 545 xv,
1227 503 1255 539 2
1293 500 1469 539 eruditus
1499 498 1633 545 literis,
1652 511 1827 539 sermone
1858 498 1903 545 ii,
1922 502 1977 540 lo

1145 551 1220 604 (de
1248 565 1312 599 eo,
1339 553 1406 604 qui
1439 552 1584 605 liuguae
1601 552 1768 606 alicujus
1798 552 1977 592 notitiam

1147 605 1220 644 sibi
1238 605 1509 659 comparavit).
1536 606 1693 658 optimis
1711 606 1858 646 artibus
1886 619 1978 652 xxv,

1149 661 1201 698 12
1246 658 1382 712 (capio
1397 661 1449 698 de
1465 660 1685 699 rectissimis
1701 666 1820 713 atque
1837 662 1979 700 hones-

1147 710 1306 751 tissimis
1333 713 1472 752 studiis
1491 712 1650 752 rationis
1665 719 1707 752 et
1725 713 1860 759 officii,
1889 726 1979 766 qnae

1150 765 1290 806 Cicero
1308 773 1424 806 vocat
1452 770 1490 806 1.
1517 767 1569 806 de
1583 767 1732 806 invent.
1750 771 1789 807 1.
1818 764 1980 818 Boecl.)

1094 815 1310 873 Erumpere
1326 834 1335 858 ε
1357 820 1526 872 erumpit
1545 834 1618 874 pus
1632 834 1702 873 per
1714 821 1867 860 lumbos
1879 819 1981 874 (vel,

1149 879 1195 911 ut
1211 874 1294 921 alii,
1307 874 1439 913 fistula
1449 874 1556 926 puris
1571 883 1640 913 aut
1650 873 1797 928 putris)
1817 887 1907 922 xxv,
1925 878 1979 915 21

1097 923 1263 979 Eruptio
1281 941 1330 966 ex
1349 927 1499 980 oppido
1518 927 1651 967 hostili
1677 928 1760 975 viii,
1778 931 1805 968 4

1097 978 1206 1033 Eryx
1235 981 1329 1028 xxii,
1347 985 1370 1022 1
1413 981 1546 1073 5mons
1564 987 1655 1034 post
1673 994 1791 1021 unam
1815 981 1983 1021 AEtnam

1152 1034 1321 1086 reliquos
1339 1033 1418 1075 Sici
1436 1035 1482 1074 iae
1496 1035 1768 1089 magnitudine
1781 1048 1983 1088 superans,

1152 1087 1195 1126 in
1222 1088 1347 1141 cujus
1368 1087 1514 1129 vertice
1539 1089 1729 1141 templum
1749 1089 1893 1130 Veneri
1913 1102 1984 1142 po-

1153 1141 1272 1181 situm
1309 1148 1406 1188 erat,
1457 1155 1546 1196 quae
1595 1149 1804 1196 propterea
1845 1142 1986 1184 Po'e‘tis

1153 1195 1326 1249 Erycina
1344 1195 1500 1236 dicitur.
1528 1196 1668 1236 Horat.
1705 1197 1773 1236 lib.
1804 1201 1843 1238 1.
1867 1209 1987 1236 carm.

1153 1249 1221 1288 od.
1239 1253 1279 1290 3.
1309 1255 1481 1290 ceterum
1513 1249 1568 1290 sic
1600 1263 1758 1303 quoque
1788 1250 1988 1303 appellata

1113 1332 1115 1334 -
1153 1303 1243 1342 urbs
1274 1303 1353 1343 fuit
1386 1303 1489 1343 inter
1522 1303 1719 1356 fastigium
1761 1309 1803 1343 et
1835 1305 1987 1344 radices

1153 1356 1298 1396 montis
1317 1356 1422 1396 illius
1439 1357 1528 1404 sita,
1548 1370 1636 1409 quae
1655 1370 1760 1396 nunc
1779 1357 1889 1397 vicus
1905 1357 1988 1396 val-

1154 1410 1202 1448 lis
1239 1411 1411 1450 Mazarae
1446 1411 1510 1450 vel
1534 1410 1716 1464 Trapano
1745 1411 1810 1450 del
1843 1411 1988 1451 Monte

1154 1463 1336 1518 vocatur)

1101 1514 1325 1558 Escendere
1343 1533 1352 1557 :
1395 1516 1574 1558 escendit
1589 1518 1632 1557 in
1650 1531 1790 1558 navem
1808 1517 1990 1559 omnibus

1156 1572 1318 1623 ignotus
1332 1572 1462 1611 nautis
1490 1572 1532 1619 ii,
1553 1577 1580 1612 8
1620 1571 1707 1626 (Sic
1723 1586 1795 1624 pro
1813 1573 1992 1613 ascendit

1157 1639 1180 1664 e
1200 1626 1281 1665 Ms.
1299 1625 1348 1665 P.
1366 1625 1474 1664 Dan.
1503 1625 1787 1672 edimus„nulli
1805 1627 1990 1665 dubitan-

1160 1684 1235 1724 tes,
1254 1680 1350 1731 quin
1368 1679 1542 1731 genuina
1556 1679 1613 1718 'sit
1629 1680 1762 1719 lectio.
1818 1679 1924 1719 Nam
1951 1686 1994 1719 et

1159 1731 1246 1771 aliis
1264 1739 1360 1772 vett.
1378 1733 1628 1785 scriptoribus
1646 1733 1773 1772 Paulo
1791 1732 1992 1780 Diacono,

1160 1786 1313 1832 Tacito,
1353 1786 1551 1833 Ciceroni,
1583 1786 1783 1833 Sallustio,
1812 1786 1994 1834 Varroni,

1162 1839 1306 1879 Plauto
1324 1840 1430 1879 idem
1447 1841 1609 1879 verbum
1627 1840 1879 1880 restituerunt
1896 1840 1994 1879 Mu-

1160 1899 1279 1940 retus,
1301 1894 1451 1941 Carrio,
1476 1893 1601 1933 Janus
1620 1894 1871 1941 Guilielmus,
1889 1893 1994 1934 Gru·

1162 1953 1280 1994 tems,
1309 1946 1548 2000 Schoppius,
1577 1946 1660 1986 alii.
1696 1947 1881 2000 Inprimis
1911 1948 1994 1986 vid.

1162 2000 1336 2040 Gronov.
1369 2002 1422 2040 ad
1454 2000 1540 2040 Liv.
1569 2001 1612 2048 ii,
1647 2004 1717 2041 28.
1762 2003 1856 2041 add.
1881 2001 1997 2041 Pare.

1163 2054 1259 2094 Iaex·
1277 2054 1399 2107 crite)

1108 2105 1206 2148 Esse
1222 2107 1368 2148 alicubi
1380 2105 1566 2162 (degere)
1594 2106 1702 2155 xxiii,
1718 2111 1771 2150 12
1798 2106 1996 2162 Esse(ex-

1162 2163 1278 2202 istere
1295 2169 1337 2202 et
1348 2161 1508 2214 quidem
1537 2174 1627 2201 cum
1646 2161 1843 2214 emphasi)
1864 2176 1874 2201 ι
1905 2166 1998 2201 sunt

1163 2216 1316 2269 aliquot
1348 2215 1435 2268 ejus
1462 2215 1549 2254 libri
1582 2214 1630 2269 (i.
1660 2229 1696 2255 e.
1723 2215 1909 2262 existunt,
1926 2217 1998 2255 ha-

1164 2271 1320 2316 bentur,
1335 2269 1677 2323 circumferuntur)
1695 2269 1804 2317 xxiii,
1822 2273 1872 2310 13
1901 2268 2000 2308 effe-

1165 2324 1235 2370 cit,
1251 2329 1296 2362 ut
1312 2329 1415 2362 esset
1434 2323 1615 2374 pecunia,
1634 2336 1723 2375 quae
1740 2322 1934 2362 Romanis
1950 2335 1999 2362 ex

1167 2377 1312 2417 foedere
1331 2377 1567 2429 penderetur
1593 2376 1658 2430 (id
1677 2383 1751 2424 est,
1770 2375 1999 2429 haberetur)

1166 2430 1276 2478 xxiii,
1289 2435 1314 2472 7
1334 2430 1431 2470 Esse
1446 2430 1539 2484 (pro
1552 2429 1658 2483 fore)
1675 2445 1684 2468 :
1702 2431 1999 2482 postPelopon-

1166 2484 1319 2523 nesium
1347 2484 1494 2523 bellum
1524 2483 1780 2536 Athenasque
1809 2484 1999 2529 devictas,

1167 2550 1255 2582 cum
1273 2537 1471 2576 Thebanis
1498 2537 1572 2575 sibi
1600 2549 1679 2575 rem
1698 2550 1785 2576 esse
1801 2536 2000 2576 existima-

1167 2591 1263 2629 bant
1291 2591 1368 2638 xvi,
1388 2593 1410 2630 1
1459 2588 1517 2643 (v.
1547 2589 1702 2629 Buchn.
1737 2591 1788 2630 de
1815 2595 2002 2629 commut.

1169 2650 1241 2683 rat.
1270 2644 1348 2684 dic.
1385 2656 1476 2696 pag.
1498 2642 1614 2697 128).
1653 2656 1743 2683 cum
1767 2642 1852 2696 Jam
1881 2643 1924 2682 in
1952 2657 2002 2683 eo

1168 2704 1284 2745 esset,
1318 2703 1363 2736 ut
1397 2697 1546 2750 oppido
1580 2697 1769 2749 potiretur
1785 2697 2001 2751 (integrum

1169 2757 1255 2792 est:
1284 2752 1325 2791 in
1353 2764 1401 2791 eo
1430 2757 1534 2790 statu
1563 2751 1626 2791 vel
1658 2750 1701 2790 in
1719 2764 1768 2791 eo
1788 2750 1899 2804 loco)
1926 2750 1956 2798 i,
1974 2755 2001 2792 7

1168 2818 1257 2845 cum
1267 2805 1353 2858 jam
1369 2805 1410 2844 in
1429 2817 1478 2844 eo
1493 2811 1611 2851 esset,
1632 2811 1676 2843 ut
1689 2805 1998 2858 comprehende·

1169 2864 1273 2899 retur
1299 2859 1353 2906 iv,
1371 2863 1396 2899 5
1444 2858 1504 2913 (v.
1523 2858 1700 2899 Gronov.
1730 2859 1782 2898 ad
1812 2858 1898 2898 Liv.
1933 2858 2004 2906 vii,

1169 2912 1259 2967 35).
1287 2912 1329 2953 Si
1343 2911 1409 2952 ille
1427 2926 1508 2952 nou
1525 2912 1664 2952 fuisset
1690 2912 1745 2959 ix,
1763 2915 1789 2953 2
1817 2912 1908 2966 (pro
1923 2924 2004 2964 quo

1173 2965 1350 3008 Comici:
1381 2971 1394 2990 ‘
1409 2967 1556 3020 absque
1574 2966 1643 3006 illo
1660 2964 1827 3006 fuisset?
1844 2966 1924 3006 vid.
1941 2966 2004 3006 Cl.

1170 3020 1304 3060 Vorst.
1329 3020 1380 3060 de
1398 3020 1487 3060 Lat.
1505 3020 1643 3060 merito
1673 3033 1778 3072 susp.
1799 3032 1889 3072 pag.
1915 3018 2006 3071 80).

1171 3074 1249 3114 nisi
1286 3074 1353 3114 ille
1383 3074 1536 3121 fuisset,
1573 3075 1714 3137 Sparta
1757 3074 1888 3112 futura
1923 3085 2004 3110 non

1170 3127 1309 3168 fuisset
1336 3127 1428 3175 xvii,
1463 3131 1490 3169 6
1526 3126 1617 3180 (ubi
1652 3126 1764 3166 simul
1801 3125 2006 3178 elegantias

1173 3182 1290 3221 servit
1306 3180 1453 3232 duplex
1480 3180 1660 3232 ejusdem
1677 3178 1785 3219 verbi
1811 3177 2008 3232 significa·

1173 3241 1248 3274 tus.
1277 3240 1290 3259 ‘
1306 3233 1415 3273 Esse’
1443 3235 1548 3275 enim
1577 3234 1701 3285 primo
1719 3245 1851 3285 opem,
1869 3233 2010 3272 auxili·

1177 3301 1257 3334 um,
1288 3300 1446 3339 operam
1478 3292 1614 3325 notat:
1643 3298 1733 3325 mox
1763 3298 1833 3339 pro
1852 3286 2007 3333 durare,

1175 3340 1399 3385 consistere,
1419 3352 1618 3391 superesse
1633 3345 1852 3392 usurpatur.
1871 3339 2008 3380 desiis-

1176 3400 1236 3432 set
1265 3407 1349 3432 esse
1378 3393 1545 3444 Sparta;
1581 3400 1711 3433 actum
1743 3393 1795 3434 de
1829 3406 1878 3433 ea
1911 3399 2010 3439 erat,

1177 3448 1326 3499 absque
1345 3446 1462 3498 hujus
1479 3446 1552 3486 viri
1578 3460 1699 3500 opera
1713 3446 1850 3486 fuisset
1868 3460 1913 3486 ac
1933 3446 2007 3483 vir-

1179 3507 1276 3542 tute.
1303 3500 1483 3542 Boecler.
1530 3499 1595 3542 Sic
1613 3500 1747 3541 Livius
1773 3501 1816 3548 ii,
1854 3503 1920 3540 10.
1967 3504 2008 3538 et
