<?xml version="1.0" encoding="UTF-8"?>
<!DOCTYPE html PUBLIC "-//W3C//DTD XHTML 1.0 Transitional//EN"
    "http://www.w3.org/TR/xhtml1/DTD/xhtml1-transitional.dtd">
<html xmlns="http://www.w3.org/1999/xhtml" xml:lang="en" lang="en">
 <head>
  <title>
</title>
<meta http-equiv="Content-Type" content="text/html;charset=utf-8" />
  <meta name='ocr-system' content='tesseract 3.04.00' />
  <meta name='ocr-capabilities' content='ocr_page ocr_carea ocr_par ocr_line ocrx_word'/>
</head>
<body>
  <div class='ocr_page' id='page_1' title='image "./vitaeexcellentiu02nepouoft_0304.png"; bbox 0 0 2306 3900; ppageno 0'>
   <div class='ocr_carea' id='block_1_1' title="bbox 354 255 1657 320">
    <p class='ocr_par' dir='ltr' id='par_1_1' title="bbox 354 255 1657 320">
     <span class='ocr_line' id='line_1_1' title="bbox 354 255 1657 320; baseline 0.008 -12"><span class='ocrx_word' id='word_1_1' title='bbox 354 255 461 310; x_wconf 74' lang='lat'><strong>726</strong></span> <span class='ocrx_word' id='word_1_2' title='bbox 934 272 1256 314; x_wconf 70' lang='lat' dir='ltr'><strong>Racnnsus</strong></span> <span class='ocrx_word' id='word_1_3' title='bbox 1299 273 1657 320; x_wconf 65' lang='lat' dir='ltr'><strong>ammonem</strong></span> 
     </span>
    </p>
   </div>
   <div class='ocr_carea' id='block_1_2' title="bbox 403 393 2159 469">
    <p class='ocr_par' dir='ltr' id='par_1_2' title="bbox 403 393 2159 469">
     <span class='ocr_line' id='line_1_2' title="bbox 403 393 2159 469; baseline 0.01 -27"><span class='ocrx_word' id='word_1_4' title='bbox 403 393 515 443; x_wconf 83' lang='lat' dir='ltr'><strong>vitis</strong></span> <span class='ocrx_word' id='word_1_5' title='bbox 553 393 910 458; x_wconf 83' lang='lat' dir='ltr'><strong>Sophistarum,</strong></span> <span class='ocrx_word' id='word_1_6' title='bbox 948 414 1060 447; x_wconf 89' lang='lat' dir='ltr'><strong>cum</strong></span> <span class='ocrx_word' id='word_1_7' title='bbox 1087 416 1211 449; x_wconf 84' lang='lat' dir='ltr'><strong>vers.</strong></span> <span class='ocrx_word' id='word_1_8' title='bbox 1238 399 1588 469; x_wconf 51' lang='lat' dir='ltr'><strong>Stepthigri,</strong></span> <span class='ocrx_word' id='word_1_9' title='bbox 1616 415 1668 455; x_wconf 87' lang='lat' dir='ltr'><strong>et</strong></span> <span class='ocrx_word' id='word_1_10' title='bbox 1691 408 1940 457; x_wconf 86' lang='lat' dir='ltr'><strong>Caesarum</strong></span> <span class='ocrx_word' id='word_1_11' title='bbox 1967 410 2159 464; x_wconf 64' lang='lat' dir='ltr'><strong>vitie‘ex</strong></span> 
     </span>
    </p>
   </div>
   <div class='ocr_carea' id='block_1_3' title="bbox 400 474 2164 630">
    <p class='ocr_par' dir='ltr' id='par_1_3' title="bbox 400 474 2164 630">
     <span class='ocr_line' id='line_1_3' title="bbox 402 474 2164 549; baseline 0.01 -26"><span class='ocrx_word' id='word_1_12' title='bbox 402 474 906 541; x_wconf 88' lang='lat' dir='ltr'><strong>Suida.—-Pompeius</strong></span> <span class='ocrx_word' id='word_1_13' title='bbox 944 478 1127 528; x_wconf 89' lang='lat' dir='ltr'><strong>Nutius</strong></span> <span class='ocrx_word' id='word_1_14' title='bbox 1167 479 1302 544; x_wconf 84' lang='lat' dir='ltr'><strong>juvit</strong></span> <span class='ocrx_word' id='word_1_15' title='bbox 1342 483 1566 549; x_wconf 83' lang='lat' dir='ltr'><strong>Magium</strong></span> <span class='ocrx_word' id='word_1_16' title='bbox 1610 487 1656 534; x_wconf 94' lang='lat' dir='ltr'><strong>in</strong></span> <span class='ocrx_word' id='word_1_17' title='bbox 1698 487 2010 539; x_wconf 72' lang='lat' dir='ltr'><strong>conferendis</strong></span> <span class='ocrx_word' id='word_1_18' title='bbox 2044 478 2164 539; x_wconf 80' lang='lat' dir='ltr'><strong>edd.</strong></span> 
     </span>
     <span class='ocr_line' id='line_1_4' title="bbox 400 555 1717 630; baseline 0.008 -25"><span class='ocrx_word' id='word_1_19' title='bbox 400 555 715 615; x_wconf 78' lang='lat' dir='ltr'><strong>Jensoniaua,</strong></span> <span class='ocrx_word' id='word_1_20' title='bbox 742 556 941 617; x_wconf 80' lang='lat' dir='ltr'><strong>Aldina,</strong></span> <span class='ocrx_word' id='word_1_21' title='bbox 963 566 1013 607; x_wconf 90' lang='lat' dir='ltr'><strong>et</strong></span> <span class='ocrx_word' id='word_1_22' title='bbox 1036 560 1315 610; x_wconf 83' lang='lat' dir='ltr'>Coloniensi</span> <span class='ocrx_word' id='word_1_23' title='bbox 1338 578 1374 610; x_wconf 89' lang='lat' dir='ltr'><strong>s.</strong></span> <span class='ocrx_word' id='word_1_24' title='bbox 1399 563 1717 630; x_wconf 84' lang='lat' dir='ltr'><strong>Longoliana.</strong></span> 
     </span>
    </p>
   </div>
   <div class='ocr_carea' id='block_1_4' title="bbox 673 748 1828 814">
    <p class='ocr_par' dir='ltr' id='par_1_4' title="bbox 673 748 1828 814">
     <span class='ocr_line' id='line_1_5' title="bbox 673 748 1828 814; baseline 0.011 -18"><span class='ocrx_word' id='word_1_25' title='bbox 673 748 862 797; x_wconf 81' lang='lat' dir='ltr'><strong>AETAS</strong></span> <span class='ocrx_word' id='word_1_26' title='bbox 887 749 980 798; x_wconf 85' lang='lat'>111.</span> <span class='ocrx_word' id='word_1_27' title='bbox 1007 750 1445 803; x_wconf 80' lang='lat' dir='ltr'><strong>LAMBINIANA</strong></span> <span class='ocrx_word' id='word_1_28' title='bbox 1478 755 1828 814; x_wconf 76' lang='lat'>1569-1648.</span> 
     </span>
    </p>
   </div>
   <div class='ocr_carea' id='block_1_5' title="bbox 336 884 2254 3538">
    <p class='ocr_par' dir='ltr' id='par_1_5' title="bbox 336 884 2179 2647">
     <span class='ocr_line' id='line_1_6' title="bbox 336 884 2168 971; baseline 0.006 -38"><span class='ocrx_word' id='word_1_29' title='bbox 336 884 484 934; x_wconf 88' lang='lat' dir='ltr'><strong>Dion.</strong></span> <span class='ocrx_word' id='word_1_30' title='bbox 507 884 792 943; x_wconf 86' lang='lat' dir='ltr'><strong>Lambinus,</strong></span> <span class='ocrx_word' id='word_1_31' title='bbox 818 886 1098 936; x_wconf 82' lang='lat' dir='ltr'><strong>excellens</strong></span> <span class='ocrx_word' id='word_1_32' title='bbox 1084 888 1295 971; x_wconf 83' lang='lat' dir='ltr'><strong>mgenio,</strong></span> <span class='ocrx_word' id='word_1_33' title='bbox 1315 890 1559 949; x_wconf 85' lang='lat' dir='ltr'><strong>acumine,</strong></span> <span class='ocrx_word' id='word_1_34' title='bbox 1581 898 1630 939; x_wconf 87' lang='lat' dir='ltr'><strong>et</strong></span> <span class='ocrx_word' id='word_1_35' title='bbox 1649 891 1872 940; x_wconf 88' lang='lat' dir='ltr'><strong>doctrina</strong></span> <span class='ocrx_word' id='word_1_36' title='bbox 1893 893 2168 954; x_wconf 83' lang='lat' dir='ltr'><strong>liberaliori,</strong></span> 
     </span>
     <span class='ocr_line' id='line_1_7' title="bbox 405 940 2168 1037; baseline 0.007 -25"><span class='ocrx_word' id='word_1_37' title='bbox 405 965 519 1013; x_wconf 89' lang='lat' dir='ltr'><strong>hinc</strong></span> <span class='ocrx_word' id='word_1_38' title='bbox 556 981 586 1013; x_wconf 88' lang='lat' dir='ltr'><strong>a</strong></span> <span class='ocrx_word' id='word_1_39' title='bbox 624 965 966 1030; x_wconf 79' lang='lat' dir='ltr'><strong>superstitione</strong></span> <span class='ocrx_word' id='word_1_40' title='bbox 989 968 1188 1029; x_wconf 84' lang='lat' dir='ltr'><strong>alienus,</strong></span> <span class='ocrx_word' id='word_1_41' title='bbox 1188 940 1568 1019; x_wconf 85' lang='lat' dir='ltr'><strong>Cornelianum</strong></span> <span class='ocrx_word' id='word_1_42' title='bbox 1594 979 1779 1021; x_wconf 86' lang='lat' dir='ltr'><strong>textum</strong></span> <span class='ocrx_word' id='word_1_43' title='bbox 1805 973 2029 1037; x_wconf 86' lang='lat' dir='ltr'><strong>pluribus</strong></span> <span class='ocrx_word' id='word_1_44' title='bbox 2051 976 2168 1025; x_wconf 91' lang='lat' dir='ltr'><strong>edd.</strong></span> 
     </span>
     <span class='ocr_line' id='line_1_8' title="bbox 403 1045 2169 1120; baseline 0.006 -25"><span class='ocrx_word' id='word_1_45' title='bbox 403 1045 576 1110; x_wconf 82' lang='lat' dir='ltr'><strong>priscis</strong></span> <span class='ocrx_word' id='word_1_46' title='bbox 610 1054 725 1111; x_wconf 90' lang='lat' dir='ltr'><strong>post</strong></span> <span class='ocrx_word' id='word_1_47' title='bbox 766 1048 1057 1112; x_wconf 88' lang='lat' dir='ltr'><strong>Longolium</strong></span> <span class='ocrx_word' id='word_1_48' title='bbox 1099 1057 1150 1100; x_wconf 91' lang='lat' dir='ltr'><strong>et</strong></span> <span class='ocrx_word' id='word_1_49' title='bbox 1191 1052 1411 1114; x_wconf 86' lang='lat' dir='ltr'><strong>Magium</strong></span> <span class='ocrx_word' id='word_1_50' title='bbox 1458 1052 1667 1110; x_wconf 74' lang='lat' dir='ltr'><strong>collatiS,</strong></span> <span class='ocrx_word' id='word_1_51' title='bbox 1704 1053 1926 1103; x_wconf 83' lang='lat' dir='ltr'><strong>adhibita</strong></span> <span class='ocrx_word' id='word_1_52' title='bbox 1974 1070 2169 1120; x_wconf 85' lang='lat' dir='ltr'><strong>quoque</strong></span> 
     </span>
     <span class='ocr_line' id='line_1_9' title="bbox 402 1129 2173 1200; baseline 0.005 -22"><span class='ocrx_word' id='word_1_53' title='bbox 402 1129 625 1189; x_wconf 83' lang='lat' dir='ltr'><strong>aliorum,</strong></span> <span class='ocrx_word' id='word_1_54' title='bbox 663 1137 719 1180; x_wconf 85' lang='lat' dir='ltr'><strong>ut</strong></span> <span class='ocrx_word' id='word_1_55' title='bbox 757 1132 836 1181; x_wconf 84' lang='lat' dir='ltr'><strong>cl.</strong></span> <span class='ocrx_word' id='word_1_56' title='bbox 875 1133 1097 1192; x_wconf 87' lang='lat' dir='ltr'><strong>Puteani,</strong></span> <span class='ocrx_word' id='word_1_57' title='bbox 1134 1134 1345 1194; x_wconf 78' lang='lat' dir='ltr'><strong>solertia,</strong></span> <span class='ocrx_word' id='word_1_58' title='bbox 1383 1141 1434 1184; x_wconf 83' lang='lat' dir='ltr'><strong>et</strong></span> <span class='ocrx_word' id='word_1_59' title='bbox 1470 1152 1583 1184; x_wconf 91' lang='lat' dir='ltr'><strong>cum</strong></span> <span class='ocrx_word' id='word_1_60' title='bbox 1620 1136 1815 1200; x_wconf 88' lang='lat' dir='ltr'><strong>scriptis</strong></span> <span class='ocrx_word' id='word_1_61' title='bbox 1838 1136 2000 1187; x_wconf 88' lang='lat' dir='ltr'><strong>Codd.</strong></span> <span class='ocrx_word' id='word_1_62' title='bbox 2027 1137 2173 1187; x_wconf 83' lang='lat' dir='ltr'><strong>colia-</strong></span> 
     </span>
     <span class='ocr_line' id='line_1_10' title="bbox 401 1210 2173 1280; baseline 0.005 -22"><span class='ocrx_word' id='word_1_63' title='bbox 401 1210 547 1269; x_wconf 88' lang='lat' dir='ltr'><strong>tione,</strong></span> <span class='ocrx_word' id='word_1_64' title='bbox 583 1228 696 1260; x_wconf 89' lang='lat' dir='ltr'><strong>cum</strong></span> <span class='ocrx_word' id='word_1_65' title='bbox 719 1212 926 1262; x_wconf 81' lang='lat' dir='ltr'><strong>dedisset</strong></span> <span class='ocrx_word' id='word_1_66' title='bbox 948 1230 1129 1263; x_wconf 85' lang='lat' dir='ltr'><strong>novum</strong></span> <span class='ocrx_word' id='word_1_67' title='bbox 1170 1214 1316 1273; x_wconf 89' lang='lat'>1569.</span> <span class='ocrx_word' id='word_1_68' title='bbox 1354 1214 1498 1265; x_wconf 84' lang='lat' dir='ltr'><strong>facile</strong></span> <span class='ocrx_word' id='word_1_69' title='bbox 1538 1216 1646 1280; x_wconf 86' lang='lat' dir='ltr'><strong>ejus</strong></span> <span class='ocrx_word' id='word_1_70' title='bbox 1683 1215 1832 1265; x_wconf 88' lang='lat' dir='ltr'><strong>fidem</strong></span> <span class='ocrx_word' id='word_1_71' title='bbox 1867 1218 2024 1267; x_wconf 83' lang='lat' dir='ltr'><strong>secuti</strong></span> <span class='ocrx_word' id='word_1_72' title='bbox 2059 1226 2173 1267; x_wconf 90' lang='lat' dir='ltr'><strong>suut</strong></span> 
     </span>
     <span class='ocr_line' id='line_1_11' title="bbox 401 1290 2170 1362; baseline 0.005 -23"><span class='ocrx_word' id='word_1_73' title='bbox 401 1290 614 1341; x_wconf 86' lang='lat' dir='ltr'><strong>editores</strong></span> <span class='ocrx_word' id='word_1_74' title='bbox 624 1308 714 1358; x_wconf 87' lang='lat' dir='ltr'><strong>per</strong></span> <span class='ocrx_word' id='word_1_75' title='bbox 728 1307 936 1343; x_wconf 77' lang='lat' dir='ltr'>Lxxxx.</span> <span class='ocrx_word' id='word_1_76' title='bbox 955 1311 1124 1355; x_wconf 89' lang='lat' dir='ltr'><strong>annos,</strong></span> <span class='ocrx_word' id='word_1_77' title='bbox 1141 1296 1330 1361; x_wconf 89' lang='lat' dir='ltr'><strong>primus</strong></span> <span class='ocrx_word' id='word_1_78' title='bbox 1345 1295 1540 1362; x_wconf 90' lang='lat' dir='ltr'><strong>quidem</strong></span> <span class='ocrx_word' id='word_1_79' title='bbox 1558 1297 1711 1346; x_wconf 87' lang='lat' dir='ltr'><strong>Henr.</strong></span> <span class='ocrx_word' id='word_1_80' title='bbox 1727 1297 2007 1362; x_wconf 79' lang='lat' dir='ltr'><strong>Stephanus</strong></span> <span class='ocrx_word' id='word_1_81' title='bbox 2024 1305 2170 1355; x_wconf 85' lang='grc'><strong>1572.</strong></span> 
     </span>
     <span class='ocr_line' id='line_1_12' title="bbox 402 1372 2174 1443; baseline 0.004 -24"><span class='ocrx_word' id='word_1_82' title='bbox 402 1372 447 1419; x_wconf 92' lang='lat' dir='ltr'><strong>in</strong></span> <span class='ocrx_word' id='word_1_83' title='bbox 471 1372 671 1421; x_wconf 87' lang='lat' dir='ltr'><strong>edendis</strong></span> <span class='ocrx_word' id='word_1_84' title='bbox 695 1390 807 1422; x_wconf 91' lang='lat' dir='ltr'><strong>cum</strong></span> <span class='ocrx_word' id='word_1_85' title='bbox 832 1375 1084 1424; x_wconf 82' lang='lat' dir='ltr'><strong>Plutarchi</strong></span> <span class='ocrx_word' id='word_1_86' title='bbox 1106 1376 1220 1424; x_wconf 88' lang='lat' dir='ltr'><strong>vitis</strong></span> <span class='ocrx_word' id='word_1_87' title='bbox 1239 1376 1380 1425; x_wconf 90' lang='lat' dir='ltr'><strong>etiam</strong></span> <span class='ocrx_word' id='word_1_88' title='bbox 1408 1378 1533 1425; x_wconf 87' lang='lat' dir='ltr'><strong>AEm.</strong></span> <span class='ocrx_word' id='word_1_89' title='bbox 1558 1376 1708 1424; x_wconf 83' lang='lat' dir='ltr'><strong>Probi</strong></span> <span class='ocrx_word' id='word_1_90' title='bbox 1728 1395 1766 1426; x_wconf 88' lang='lat' dir='ltr'><strong>s.</strong></span> <span class='ocrx_word' id='word_1_91' title='bbox 1792 1378 1942 1427; x_wconf 86' lang='lat' dir='ltr'><strong>Corn.</strong></span> <span class='ocrx_word' id='word_1_92' title='bbox 1965 1379 2174 1443; x_wconf 83' lang='lat' dir='ltr'><strong>Nepotis</strong></span> 
     </span>
     <span class='ocr_line' id='line_1_13' title="bbox 404 1453 2171 1522; baseline 0.004 -23"><span class='ocrx_word' id='word_1_93' title='bbox 404 1453 536 1500; x_wconf 88' lang='lat' dir='ltr'><strong>vitis.</strong></span> <span class='ocrx_word' id='word_1_94' title='bbox 577 1453 760 1502; x_wconf 89' lang='lat' dir='ltr'><strong>Praeter</strong></span> <span class='ocrx_word' id='word_1_95' title='bbox 804 1471 914 1503; x_wconf 89' lang='lat' dir='ltr'><strong>eum</strong></span> <span class='ocrx_word' id='word_1_96' title='bbox 955 1456 1200 1504; x_wconf 88' lang='lat' dir='ltr'><strong>recensuit</strong></span> <span class='ocrx_word' id='word_1_97' title='bbox 1239 1456 1488 1520; x_wconf 87' lang='lat' dir='ltr'><strong>Nepotem</strong></span> <span class='ocrx_word' id='word_1_98' title='bbox 1528 1456 1728 1504; x_wconf 83' lang='lat' dir='ltr'><strong>Nathan</strong></span> <span class='ocrx_word' id='word_1_99' title='bbox 1775 1457 2050 1522; x_wconf 83' lang='lat' dir='ltr'><strong>Chytraeus‚</strong></span> <span class='ocrx_word' id='word_1_100' title='bbox 2087 1459 2171 1506; x_wconf 90' lang='lat' dir='ltr'><strong>sed</strong></span> 
     </span>
     <span class='ocr_line' id='line_1_14' title="bbox 401 1532 2174 1599; baseline 0.004 -19"><span class='ocrx_word' id='word_1_101' title='bbox 401 1533 511 1595; x_wconf 87' lang='lat' dir='ltr'><strong>ejus</strong></span> <span class='ocrx_word' id='word_1_102' title='bbox 533 1532 684 1582; x_wconf 89' lang='lat' dir='ltr'><strong>editio</strong></span> <span class='ocrx_word' id='word_1_103' title='bbox 709 1550 807 1583; x_wconf 92' lang='lat' dir='ltr'><strong>non</strong></span> <span class='ocrx_word' id='word_1_104' title='bbox 831 1551 1027 1599; x_wconf 80' lang='lat' dir='ltr'><strong>egressa</strong></span> <span class='ocrx_word' id='word_1_105' title='bbox 1050 1544 1125 1585; x_wconf 89' lang='lat' dir='ltr'><strong>est</strong></span> <span class='ocrx_word' id='word_1_106' title='bbox 1150 1537 1488 1586; x_wconf 81' lang='lat' dir='ltr'><strong>Germaniam.</strong></span> <span class='ocrx_word' id='word_1_107' title='bbox 1562 1537 1829 1586; x_wconf 86' lang='lat' dir='ltr'><strong>Laudatior</strong></span> <span class='ocrx_word' id='word_1_108' title='bbox 1862 1544 1940 1587; x_wconf 86' lang='lat' dir='ltr'><strong>est</strong></span> <span class='ocrx_word' id='word_1_109' title='bbox 1974 1538 2056 1587; x_wconf 87' lang='lat' dir='ltr'><strong>Jo.</strong></span> <span class='ocrx_word' id='word_1_110' title='bbox 2090 1538 2174 1587; x_wconf 90' lang='lat' dir='ltr'><strong>Sa-</strong></span> 
     </span>
     <span class='ocr_line' id='line_1_15' title="bbox 404 1613 2173 1679; baseline 0.004 -19"><span class='ocrx_word' id='word_1_111' title='bbox 404 1629 539 1671; x_wconf 81' lang='lat' dir='ltr'><strong>varo,</strong></span> <span class='ocrx_word' id='word_1_112' title='bbox 576 1613 660 1678; x_wconf 92' lang='lat' dir='ltr'><strong>qui</strong></span> <span class='ocrx_word' id='word_1_113' title='bbox 700 1613 856 1663; x_wconf 76' lang='lat' dir='ltr'><strong>tribus</strong></span> <span class='ocrx_word' id='word_1_114' title='bbox 894 1615 1092 1679; x_wconf 86' lang='lat' dir='ltr'><strong>scriptis</strong></span> <span class='ocrx_word' id='word_1_115' title='bbox 1131 1615 1263 1664; x_wconf 89' lang='lat' dir='ltr'><strong>libris</strong></span> <span class='ocrx_word' id='word_1_116' title='bbox 1307 1615 1509 1678; x_wconf 88' lang='lat' dir='ltr'><strong>adjutus</strong></span> <span class='ocrx_word' id='word_1_117' title='bbox 1551 1625 1694 1665; x_wconf 82' lang='lat' dir='ltr'><strong>notas</strong></span> <span class='ocrx_word' id='word_1_118' title='bbox 1738 1618 1982 1667; x_wconf 85' lang='lat' dir='ltr'><strong>breviores</strong></span> <span class='ocrx_word' id='word_1_119' title='bbox 2022 1618 2173 1667; x_wconf 90' lang='lat' dir='ltr'><strong>edidit</strong></span> 
     </span>
     <span class='ocr_line' id='line_1_16' title="bbox 404 1692 2174 1759; baseline 0.003 -19"><span class='ocrx_word' id='word_1_120' title='bbox 404 1693 598 1742; x_wconf 91' lang='lat' dir='ltr'><strong>Parisiis</strong></span> <span class='ocrx_word' id='word_1_121' title='bbox 649 1692 790 1744; x_wconf 81' lang='lat'><strong>1602.</strong></span> <span class='ocrx_word' id='word_1_122' title='bbox 832 1695 1049 1759; x_wconf 87' lang='lat' dir='ltr'><strong>repetitis</strong></span> <span class='ocrx_word' id='word_1_123' title='bbox 1096 1695 1145 1743; x_wconf 93' lang='lat' dir='ltr'><strong>in</strong></span> <span class='ocrx_word' id='word_1_124' title='bbox 1190 1695 1607 1745; x_wconf 84' lang='lat' dir='ltr'><strong>Francofurtensi.</strong></span> <span class='ocrx_word' id='word_1_125' title='bbox 1679 1697 2000 1747; x_wconf 82' lang='lat' dir='ltr'><strong>Lambiniana</strong></span> <span class='ocrx_word' id='word_1_126' title='bbox 2045 1699 2174 1747; x_wconf 91' lang='lat' dir='ltr'><strong>notis</strong></span> 
     </span>
     <span class='ocr_line' id='line_1_17' title="bbox 405 1774 2176 1840; baseline 0.004 -19"><span class='ocrx_word' id='word_1_127' title='bbox 405 1774 647 1838; x_wconf 89' lang='lat' dir='ltr'><strong>Longolii,</strong></span> <span class='ocrx_word' id='word_1_128' title='bbox 666 1775 838 1840; x_wconf 65' lang='lat' dir='ltr'><strong>Magn,</strong></span> <span class='ocrx_word' id='word_1_129' title='bbox 862 1783 911 1825; x_wconf 93' lang='lat' dir='ltr'><strong>et</strong></span> <span class='ocrx_word' id='word_1_130' title='bbox 937 1777 1214 1836; x_wconf 80' lang='lat' dir='ltr'><strong>Savaronis,</strong></span> <span class='ocrx_word' id='word_1_131' title='bbox 1251 1784 1303 1825; x_wconf 87' lang='lat' dir='ltr'><strong>et</strong></span> <span class='ocrx_word' id='word_1_132' title='bbox 1323 1777 1566 1840; x_wconf 81' lang='lat' dir='ltr'><strong>excerptis</strong></span> <span class='ocrx_word' id='word_1_133' title='bbox 1592 1777 1719 1826; x_wconf 88' lang='lat' dir='ltr'><strong>Cod.</strong></span> <span class='ocrx_word' id='word_1_134' title='bbox 1745 1779 1844 1826; x_wconf 89' lang='lat' dir='ltr'><strong>Ms.</strong></span> <span class='ocrx_word' id='word_1_135' title='bbox 1875 1779 2004 1827; x_wconf 89' lang='lat' dir='ltr'><strong>Dan.</strong></span> <span class='ocrx_word' id='word_1_136' title='bbox 2028 1787 2176 1828; x_wconf 85' lang='lat' dir='ltr'><strong>aucta</strong></span> 
     </span>
     <span class='ocr_line' id='line_1_18' title="bbox 405 1855 2174 1921; baseline 0.002 -18"><span class='ocrx_word' id='word_1_137' title='bbox 405 1871 488 1919; x_wconf 86' lang='lat' dir='ltr'><strong>ap.</strong></span> <span class='ocrx_word' id='word_1_138' title='bbox 529 1855 607 1903; x_wconf 87' lang='lat' dir='ltr'><strong>cl.</strong></span> <span class='ocrx_word' id='word_1_139' title='bbox 648 1857 895 1905; x_wconf 88' lang='lat' dir='ltr'><strong>Marnium</strong></span> <span class='ocrx_word' id='word_1_140' title='bbox 947 1856 1093 1907; x_wconf 91' lang='grc'><strong>1608.</strong></span> <span class='ocrx_word' id='word_1_141' title='bbox 1165 1861 1312 1906; x_wconf 85' lang='lat' dir='ltr'><strong>Anno</strong></span> <span class='ocrx_word' id='word_1_142' title='bbox 1347 1864 1462 1921; x_wconf 89' lang='lat' dir='ltr'><strong>post</strong></span> <span class='ocrx_word' id='word_1_143' title='bbox 1504 1856 1658 1905; x_wconf 86' lang='lat' dir='ltr'><strong>Andr.</strong></span> <span class='ocrx_word' id='word_1_144' title='bbox 1699 1857 1935 1906; x_wconf 84' lang='lat' dir='ltr'><strong>Schottus</strong></span> <span class='ocrx_word' id='word_1_145' title='bbox 1974 1875 2086 1907; x_wconf 87' lang='lat' dir='ltr'><strong>suas</strong></span> <span class='ocrx_word' id='word_1_146' title='bbox 2125 1860 2174 1906; x_wconf 92' lang='lat' dir='ltr'><strong>in</strong></span> 
     </span>
     <span class='ocr_line' id='line_1_19' title="bbox 403 1937 2178 2002; baseline 0.002 -18"><span class='ocrx_word' id='word_1_147' title='bbox 403 1937 651 2000; x_wconf 86' lang='lat' dir='ltr'><strong>Nepotem</strong></span> <span class='ocrx_word' id='word_1_148' title='bbox 688 1939 892 1986; x_wconf 83' lang='lat' dir='ltr'><strong>Annott.</strong></span> <span class='ocrx_word' id='word_1_149' title='bbox 930 1953 1083 1986; x_wconf 85' lang='lat' dir='ltr'><strong>novas</strong></span> <span class='ocrx_word' id='word_1_150' title='bbox 1119 1945 1169 1986; x_wconf 89' lang='lat' dir='ltr'><strong>et</strong></span> <span class='ocrx_word' id='word_1_151' title='bbox 1197 1937 1246 1986; x_wconf 91' lang='lat' dir='ltr'><strong>in</strong></span> <span class='ocrx_word' id='word_1_152' title='bbox 1283 1938 1575 2001; x_wconf 84' lang='lat' dir='ltr'><strong>Fragmenta</strong></span> <span class='ocrx_word' id='word_1_153' title='bbox 1599 1954 1628 1985; x_wconf 93' lang='lat' dir='ltr'><strong>a</strong></span> <span class='ocrx_word' id='word_1_154' title='bbox 1655 1955 1709 1987; x_wconf 89' lang='lat' dir='ltr'><strong>se</strong></span> <span class='ocrx_word' id='word_1_155' title='bbox 1733 1938 1942 2002; x_wconf 88' lang='lat' dir='ltr'><strong>primum</strong></span> <span class='ocrx_word' id='word_1_156' title='bbox 1969 1939 2178 1988; x_wconf 78' lang='lat' dir='ltr'><strong>collecta</strong></span> 
     </span>
     <span class='ocr_line' id='line_1_20' title="bbox 407 2017 2175 2082; baseline 0.001 -16"><span class='ocrx_word' id='word_1_157' title='bbox 407 2017 659 2082; x_wconf 84' lang='lat' dir='ltr'><strong>Operibus</strong></span> <span class='ocrx_word' id='word_1_158' title='bbox 696 2017 912 2067; x_wconf 80' lang='lat' dir='ltr'><strong>Cornelii</strong></span> <span class='ocrx_word' id='word_1_159' title='bbox 934 2017 1144 2082; x_wconf 85' lang='lat' dir='ltr'><strong>Nepotis</strong></span> <span class='ocrx_word' id='word_1_160' title='bbox 1185 2018 1252 2067; x_wconf 85' lang='lat' dir='ltr'><strong>ab</strong></span> <span class='ocrx_word' id='word_1_161' title='bbox 1285 2018 1459 2067; x_wconf 88' lang='lat' dir='ltr'><strong>eodem</strong></span> <span class='ocrx_word' id='word_1_162' title='bbox 1485 2019 1682 2067; x_wconf 86' lang='lat' dir='ltr'><strong>Marnio</strong></span> <span class='ocrx_word' id='word_1_163' title='bbox 1704 2018 1845 2067; x_wconf 86' lang='lat' dir='ltr'><strong>editis</strong></span> <span class='ocrx_word' id='word_1_164' title='bbox 1860 2019 2047 2082; x_wconf 80' lang='lat' dir='ltr'><strong>junxit,</strong></span> <span class='ocrx_word' id='word_1_165' title='bbox 2085 2019 2175 2068; x_wconf 88' lang='lat' dir='ltr'><strong>sed</strong></span> 
     </span>
     <span class='ocr_line' id='line_1_21' title="bbox 405 2097 2174 2164; baseline 0.001 -18"><span class='ocrx_word' id='word_1_166' title='bbox 405 2105 456 2147; x_wconf 89' lang='lat' dir='ltr'><strong>et</strong></span> <span class='ocrx_word' id='word_1_167' title='bbox 492 2099 577 2163; x_wconf 93' lang='lat' dir='ltr'><strong>qui</strong></span> <span class='ocrx_word' id='word_1_168' title='bbox 608 2099 758 2164; x_wconf 88' lang='lat' dir='ltr'><strong>vulgo</strong></span> <span class='ocrx_word' id='word_1_169' title='bbox 782 2099 994 2147; x_wconf 88' lang='lat' dir='ltr'><strong>Cornelii</strong></span> <span class='ocrx_word' id='word_1_170' title='bbox 1017 2098 1215 2147; x_wconf 89' lang='lat' dir='ltr'><strong>nomine</strong></span> <span class='ocrx_word' id='word_1_171' title='bbox 1232 2097 1479 2147; x_wconf 86' lang='lat' dir='ltr'><strong>ferebatur</strong></span> <span class='ocrx_word' id='word_1_172' title='bbox 1501 2098 1625 2148; x_wconf 88' lang='lat' dir='ltr'><strong>liber</strong></span> <span class='ocrx_word' id='word_1_173' title='bbox 1648 2099 1710 2147; x_wconf 89' lang='lat' dir='ltr'><strong>de</strong></span> <span class='ocrx_word' id='word_1_174' title='bbox 1733 2099 1864 2147; x_wconf 86' lang='lat' dir='ltr'><strong>Viris</strong></span> <span class='ocrx_word' id='word_1_175' title='bbox 1887 2099 2174 2157; x_wconf 86' lang='lat' dir='ltr'><strong>illustribus,</strong></span> 
     </span>
     <span class='ocr_line' id='line_1_22' title="bbox 405 2178 2177 2244; baseline 0.001 -17"><span class='ocrx_word' id='word_1_176' title='bbox 405 2195 516 2227; x_wconf 87' lang='lat' dir='ltr'><strong>eum</strong></span> <span class='ocrx_word' id='word_1_177' title='bbox 539 2179 705 2244; x_wconf 88' lang='lat' dir='ltr'><strong>potius</strong></span> <span class='ocrx_word' id='word_1_178' title='bbox 730 2181 781 2229; x_wconf 89' lang='lat' dir='ltr'><strong>S.</strong></span> <span class='ocrx_word' id='word_1_179' title='bbox 810 2179 1008 2228; x_wconf 87' lang='lat' dir='ltr'><strong>Aurelio</strong></span> <span class='ocrx_word' id='word_1_180' title='bbox 1035 2179 1224 2228; x_wconf 86' lang='lat' dir='ltr'><strong>Victori</strong></span> <span class='ocrx_word' id='word_1_181' title='bbox 1236 2178 1351 2242; x_wconf 87' lang='lat' dir='ltr'><strong>jure</strong></span> <span class='ocrx_word' id='word_1_182' title='bbox 1372 2179 1659 2244; x_wconf 86' lang='lat' dir='ltr'><strong>postliminii</strong></span> <span class='ocrx_word' id='word_1_183' title='bbox 1681 2179 1926 2228; x_wconf 87' lang='lat' dir='ltr'><strong>redditum</strong></span> <span class='ocrx_word' id='word_1_184' title='bbox 1940 2179 2046 2244; x_wconf 87' lang='lat' dir='ltr'><strong>jam</strong></span> <span class='ocrx_word' id='word_1_185' title='bbox 2067 2187 2177 2229; x_wconf 79' lang='lat' dir='ltr'><strong>ante</strong></span> 
     </span>
     <span class='ocr_line' id='line_1_23' title="bbox 406 2259 2179 2324; baseline 0.001 -18"><span class='ocrx_word' id='word_1_186' title='bbox 406 2259 567 2308; x_wconf 89' lang='lat' dir='ltr'><strong>Duaci</strong></span> <span class='ocrx_word' id='word_1_187' title='bbox 611 2265 756 2315; x_wconf 86' lang='lat'>1577.</span> <span class='ocrx_word' id='word_1_188' title='bbox 779 2266 829 2308; x_wconf 92' lang='lat' dir='ltr'><strong>et</strong></span> <span class='ocrx_word' id='word_1_189' title='bbox 850 2259 1006 2321; x_wconf 87' lang='lat' dir='ltr'><strong>Paris.</strong></span> <span class='ocrx_word' id='word_1_190' title='bbox 1044 2275 1177 2308; x_wconf 90' lang='lat' dir='ltr'><strong>nunc</strong></span> <span class='ocrx_word' id='word_1_191' title='bbox 1202 2260 1412 2323; x_wconf 86' lang='lat' dir='ltr'><strong>repetiit.</strong></span> <span class='ocrx_word' id='word_1_192' title='bbox 1482 2260 1682 2308; x_wconf 84' lang='lat' dir='ltr'><strong>Interim</strong></span> <span class='ocrx_word' id='word_1_193' title='bbox 1708 2261 1882 2324; x_wconf 87' lang='lat' dir='ltr'><strong>Nepos</strong></span> <span class='ocrx_word' id='word_1_194' title='bbox 1901 2277 2018 2309; x_wconf 63' lang='lat' dir='ltr'><strong>cum&gt;</strong></span> <span class='ocrx_word' id='word_1_195' title='bbox 2038 2261 2179 2309; x_wconf 88' lang='lat' dir='ltr'><strong>scho-</strong></span> 
     </span>
     <span class='ocr_line' id='line_1_24' title="bbox 405 2339 2174 2409; baseline 0.002 -23"><span class='ocrx_word' id='word_1_196' title='bbox 405 2339 480 2387; x_wconf 89' lang='lat' dir='ltr'><strong>liis</strong></span> <span class='ocrx_word' id='word_1_197' title='bbox 523 2339 741 2409; x_wconf 81' lang='lat' dir='ltr'><strong>Longolii</strong></span> <span class='ocrx_word' id='word_1_198' title='bbox 785 2339 931 2391; x_wconf 88' lang='grc'><strong>1612.</strong></span> <span class='ocrx_word' id='word_1_199' title='bbox 976 2357 1089 2389; x_wconf 86' lang='lat' dir='ltr'><strong>cum</strong></span> <span class='ocrx_word' id='word_1_200' title='bbox 1113 2341 1244 2388; x_wconf 86' lang='lat' dir='ltr'><strong>notis</strong></span> <span class='ocrx_word' id='word_1_201' title='bbox 1269 2340 1421 2404; x_wconf 85' lang='lat' dir='ltr'><strong>Magii</strong></span> <span class='ocrx_word' id='word_1_202' title='bbox 1446 2347 1496 2387; x_wconf 91' lang='lat' dir='ltr'><strong>et</strong></span> <span class='ocrx_word' id='word_1_203' title='bbox 1519 2340 1779 2388; x_wconf 85' lang='lat' dir='ltr'><strong>Savaronis</strong></span> <span class='ocrx_word' id='word_1_204' title='bbox 1811 2339 1958 2390; x_wconf 88' lang='grc'><strong>1628.</strong></span> <span class='ocrx_word' id='word_1_205' title='bbox 1984 2347 2034 2389; x_wconf 91' lang='lat' dir='ltr'><strong>et</strong></span> <span class='ocrx_word' id='word_1_206' title='bbox 2058 2357 2174 2390; x_wconf 91' lang='lat' dir='ltr'><strong>cum</strong></span> 
     </span>
     <span class='ocr_line' id='line_1_25' title="bbox 408 2419 2179 2486; baseline 0.001 -18"><span class='ocrx_word' id='word_1_207' title='bbox 408 2420 721 2486; x_wconf 85' lang='lat' dir='ltr'><strong>Longolianis</strong></span> <span class='ocrx_word' id='word_1_208' title='bbox 748 2421 893 2471; x_wconf 68' lang='lat'><strong>1642.</strong></span> <span class='ocrx_word' id='word_1_209' title='bbox 912 2420 1052 2470; x_wconf 85' lang='lat' dir='ltr'><strong>reddi</strong></span> <span class='ocrx_word' id='word_1_210' title='bbox 1076 2421 1275 2470; x_wconf 87' lang='lat' dir='ltr'><strong>meritus</strong></span> <span class='ocrx_word' id='word_1_211' title='bbox 1294 2429 1385 2469; x_wconf 90' lang='lat' dir='ltr'><strong>est.</strong></span> <span class='ocrx_word' id='word_1_212' title='bbox 1451 2419 1646 2468; x_wconf 89' lang='lat' dir='ltr'><strong>Textus</strong></span> <span class='ocrx_word' id='word_1_213' title='bbox 1665 2419 2010 2469; x_wconf 86' lang='lat' dir='ltr'><strong>Lambinianus</strong></span> <span class='ocrx_word' id='word_1_214' title='bbox 2028 2437 2179 2470; x_wconf 83' lang='lat' dir='ltr'><strong>novos</strong></span> 
     </span>
     <span class='ocr_line' id='line_1_26' title="bbox 407 2500 2178 2567; baseline 0 -18"><span class='ocrx_word' id='word_1_215' title='bbox 407 2502 552 2550; x_wconf 84' lang='lat' dir='ltr'><strong>etiam</strong></span> <span class='ocrx_word' id='word_1_216' title='bbox 592 2502 670 2550; x_wconf 81' lang='lat' dir='ltr'><strong>vel·</strong></span> <span class='ocrx_word' id='word_1_217' title='bbox 706 2503 968 2567; x_wconf 76' lang='lat' dir='ltr'><strong>scriptores</strong></span> <span class='ocrx_word' id='word_1_218' title='bbox 1005 2509 1246 2560; x_wconf 65' lang='lat' dir='ltr'><strong>notarum,</strong></span> <span class='ocrx_word' id='word_1_219' title='bbox 1282 2509 1335 2550; x_wconf 82' lang='lat' dir='ltr'><strong>ut</strong></span> <span class='ocrx_word' id='word_1_220' title='bbox 1359 2502 1437 2550; x_wconf 89' lang='lat' dir='ltr'><strong>Jo.</strong></span> <span class='ocrx_word' id='word_1_221' title='bbox 1463 2501 1597 2550; x_wconf 85' lang='lat' dir='ltr'><strong>Rave</strong></span> <span class='ocrx_word' id='word_1_222' title='bbox 1627 2500 1773 2551; x_wconf 77' lang='lat'>1635.</span> <span class='ocrx_word' id='word_1_223' title='bbox 1798 2506 1924 2566; x_wconf 86' lang='lat' dir='ltr'><strong>(rep.</strong></span> <span class='ocrx_word' id='word_1_224' title='bbox 1955 2500 2103 2552; x_wconf 78' lang='lat'>1648.</span> <span class='ocrx_word' id='word_1_225' title='bbox 2128 2510 2178 2550; x_wconf 90' lang='lat' dir='ltr'><strong>et</strong></span> 
     </span>
     <span class='ocr_line' id='line_1_27' title="bbox 413 2579 2176 2647; baseline -0.001 -15"><span class='ocrx_word' id='word_1_226' title='bbox 413 2579 585 2643; x_wconf 87' lang='grc'><strong>1677.)</strong></span> <span class='ocrx_word' id='word_1_227' title='bbox 620 2583 700 2632; x_wconf 92' lang='lat' dir='ltr'><strong>vel</strong></span> <span class='ocrx_word' id='word_1_228' title='bbox 737 2589 1146 2632; x_wconf 82' lang='lat' dir='ltr'><strong>commentatores</strong></span> <span class='ocrx_word' id='word_1_229' title='bbox 1184 2580 1429 2647; x_wconf 83' lang='lat' dir='ltr'><strong>politicos</strong></span> <span class='ocrx_word' id='word_1_230' title='bbox 1458 2597 1550 2646; x_wconf 90' lang='lat' dir='ltr'><strong>pro</strong></span> <span class='ocrx_word' id='word_1_231' title='bbox 1587 2581 1756 2630; x_wconf 80' lang='lat' dir='ltr'><strong>saeculi</strong></span> <span class='ocrx_word' id='word_1_232' title='bbox 1791 2582 1938 2647; x_wconf 88' lang='lat' dir='ltr'><strong>genio</strong></span> <span class='ocrx_word' id='word_1_233' title='bbox 1974 2582 2176 2643; x_wconf 85' lang='lat' dir='ltr'><strong>invenit,</strong></span> 
     </span>
    </p>

    <p class='ocr_par' dir='ltr' id='par_1_6' title="bbox 360 2661 2254 3538">
     <span class='ocr_line' id='line_1_28' title="bbox 360 2661 2177 2729; baseline -0.001 -16"><span class='ocrx_word' id='word_1_234' title='bbox 360 2696 362 2698; x_wconf 32' lang='lat' dir='ltr'>v</span> <span class='ocrx_word' id='word_1_235' title='bbox 409 2671 464 2713; x_wconf 88' lang='lat' dir='ltr'><strong>ut</strong></span> <span class='ocrx_word' id='word_1_236' title='bbox 487 2664 786 2714; x_wconf 87' lang='lat' dir='ltr'><strong>Loccenium</strong></span> <span class='ocrx_word' id='word_1_237' title='bbox 812 2666 1026 2714; x_wconf 86' lang='lat' dir='ltr'><strong>Sueeum</strong></span> <span class='ocrx_word' id='word_1_238' title='bbox 1066 2663 1212 2715; x_wconf 88' lang='grc'><strong>1638.</strong></span> <span class='ocrx_word' id='word_1_239' title='bbox 1247 2668 1377 2729; x_wconf 87' lang='lat' dir='ltr'><strong>(rep.</strong></span> <span class='ocrx_word' id='word_1_240' title='bbox 1416 2661 1560 2714; x_wconf 80' lang='lat'>1648.</span> <span class='ocrx_word' id='word_1_241' title='bbox 1592 2662 1738 2713; x_wconf 77' lang='lat'>1654.</span> <span class='ocrx_word' id='word_1_242' title='bbox 1761 2671 1810 2712; x_wconf 92' lang='lat' dir='ltr'><strong>et</strong></span> <span class='ocrx_word' id='word_1_243' title='bbox 1838 2662 2005 2724; x_wconf 86' lang='grc'><strong>1673.)</strong></span> <span class='ocrx_word' id='word_1_244' title='bbox 2025 2670 2076 2712; x_wconf 89' lang='lat' dir='ltr'><strong>et</strong></span> <span class='ocrx_word' id='word_1_245' title='bbox 2097 2664 2177 2712; x_wconf 84' lang='lat' dir='ltr'><strong>Jo.</strong></span> 
     </span>
     <span class='ocr_line' id='line_1_29' title="bbox 409 2741 2178 2809; baseline 0.001 -17"><span class='ocrx_word' id='word_1_246' title='bbox 409 2745 564 2794; x_wconf 89' lang='lat' dir='ltr'><strong>Henr.</strong></span> <span class='ocrx_word' id='word_1_247' title='bbox 588 2745 865 2793; x_wconf 87' lang='lat' dir='ltr'><strong>Boeclerum</strong></span> <span class='ocrx_word' id='word_1_248' title='bbox 903 2744 1038 2794; x_wconf 83' lang='lat' dir='ltr'><strong>Prof.</strong></span> <span class='ocrx_word' id='word_1_249' title='bbox 1076 2747 1542 2809; x_wconf 82' lang='lat' dir='ltr'><strong>Argentoratensem</strong></span> <span class='ocrx_word' id='word_1_250' title='bbox 1567 2744 1616 2791; x_wconf 88' lang='lat' dir='ltr'><strong>in</strong></span> <span class='ocrx_word' id='word_1_251' title='bbox 1639 2743 1759 2793; x_wconf 87' lang='lat' dir='ltr'><strong>edd.</strong></span> <span class='ocrx_word' id='word_1_252' title='bbox 1795 2745 2004 2808; x_wconf 86' lang='lat' dir='ltr'><strong>Nepotis</strong></span> <span class='ocrx_word' id='word_1_253' title='bbox 2035 2741 2178 2794; x_wconf 87' lang='grc'><strong>1638.</strong></span> 
     </span>
     <span class='ocr_line' id='line_1_30' title="bbox 408 2816 2181 2890; baseline -0.001 -16"><span class='ocrx_word' id='word_1_254' title='bbox 408 2833 460 2874; x_wconf 88' lang='lat' dir='ltr'><strong>et</strong></span> <span class='ocrx_word' id='word_1_255' title='bbox 488 2822 634 2875; x_wconf 88' lang='grc'><strong>1640.</strong></span> <span class='ocrx_word' id='word_1_256' title='bbox 657 2825 947 2890; x_wconf 73' lang='lat' dir='ltr'><strong>Juveniliter</strong></span> <span class='ocrx_word' id='word_1_257' title='bbox 987 2842 1104 2874; x_wconf 89' lang='lat' dir='ltr'><strong>vero</strong></span> <span class='ocrx_word' id='word_1_258' title='bbox 1144 2826 1450 2883; x_wconf 89' lang='lat' dir='ltr'><strong>Lambinum,</strong></span> <span class='ocrx_word' id='word_1_259' title='bbox 1486 2832 1637 2888; x_wconf 86' lang='lat' dir='ltr'><strong>atque</strong></span> <span class='ocrx_word' id='word_1_260' title='bbox 1679 2824 1746 2873; x_wconf 87' lang='lat' dir='ltr'><strong>sic</strong></span> <span class='ocrx_word' id='word_1_261' title='bbox 1785 2816 2181 2889; x_wconf 71' lang='lat' dir='ltr'><strong>quicquid-boni</strong></span> 
     </span>
     <span class='ocr_line' id='line_1_31' title="bbox 408 2903 2182 2970; baseline 0.001 -16"><span class='ocrx_word' id='word_1_262' title='bbox 408 2906 470 2954; x_wconf 88' lang='lat' dir='ltr'><strong>ad</strong></span> <span class='ocrx_word' id='word_1_263' title='bbox 502 2906 736 2955; x_wconf 85' lang='lat' dir='ltr'><strong>tuendam</strong></span> <span class='ocrx_word' id='word_1_264' title='bbox 773 2906 980 2970; x_wconf 83' lang='lat' dir='ltr'><strong>Nepotis</strong></span> <span class='ocrx_word' id='word_1_265' title='bbox 1013 2905 1273 2955; x_wconf 80' lang='lat' dir='ltr'><strong>lectionem</strong></span> <span class='ocrx_word' id='word_1_266' title='bbox 1297 2905 1345 2954; x_wconf 90' lang='lat' dir='ltr'><strong>in</strong></span> <span class='ocrx_word' id='word_1_267' title='bbox 1370 2905 1450 2969; x_wconf 86' lang='lat' dir='ltr'><strong>ed.</strong></span> <span class='ocrx_word' id='word_1_268' title='bbox 1475 2905 1632 2969; x_wconf 87' lang='lat' dir='ltr'><strong>Lugd.</strong></span> <span class='ocrx_word' id='word_1_269' title='bbox 1658 2907 1768 2954; x_wconf 87' lang='lat' dir='ltr'><strong>Bat.</strong></span> <span class='ocrx_word' id='word_1_270' title='bbox 1799 2903 1945 2954; x_wconf 76' lang='grc'><strong>1642.</strong></span> <span class='ocrx_word' id='word_1_271' title='bbox 1971 2905 2182 2955; x_wconf 82' lang='lat' dir='ltr'><strong>Amstel.</strong></span> 
     </span>
     <span class='ocr_line' id='line_1_32' title="bbox 418 2985 2254 3054; baseline -0.001 -18"><span class='ocrx_word' id='word_1_272' title='bbox 418 2985 565 3039; x_wconf 88' lang='grc'><strong>1662.</strong></span> <span class='ocrx_word' id='word_1_273' title='bbox 610 2987 836 3054; x_wconf 75' lang='lat' dir='ltr'><strong>repetita,</strong></span> <span class='ocrx_word' id='word_1_274' title='bbox 886 2987 1074 3052; x_wconf 76' lang='lat' dir='ltr'><strong>injuriis</strong></span> <span class='ocrx_word' id='word_1_275' title='bbox 1119 2987 1507 3036; x_wconf 64' lang='lat' dir='ltr'><strong>contaminavit.‘</strong></span> <span class='ocrx_word' id='word_1_276' title='bbox 1560 2987 1670 3036; x_wconf 82' lang='lat' dir='ltr'><strong>vita</strong></span> <span class='ocrx_word' id='word_1_277' title='bbox 1717 2985 1886 3043; x_wconf 87' lang='lat' dir='ltr'><strong>Attici,</strong></span> <span class='ocrx_word' id='word_1_278' title='bbox 1923 2985 2073 3035; x_wconf 86' lang='lat' dir='ltr'><strong>credo</strong></span> <span class='ocrx_word' id='word_1_279' title='bbox 2118 3003 2180 3035; x_wconf 87' lang='lat' dir='ltr'><strong>ex</strong></span> <span class='ocrx_word' id='word_1_280' title='bbox 2251 2991 2254 2994; x_wconf 74' lang='grc'>’</span> 
     </span>
     <span class='ocr_line' id='line_1_33' title="bbox 410 3060 2178 3135; baseline -0.003 -16"><span class='ocrx_word' id='word_1_281' title='bbox 410 3070 618 3119; x_wconf 90' lang='lat' dir='ltr'><strong>lectione</strong></span> <span class='ocrx_word' id='word_1_282' title='bbox 653 3069 965 3135; x_wconf 76' lang='lat' dir='ltr'><strong>Gryphiana,</strong></span> <span class='ocrx_word' id='word_1_283' title='bbox 990 3068 1168 3134; x_wconf 83' lang='lat' dir='ltr'><strong>legitur</strong></span> <span class='ocrx_word' id='word_1_284' title='bbox 1203 3069 1265 3117; x_wconf 91' lang='lat' dir='ltr'><strong>ad</strong></span> <span class='ocrx_word' id='word_1_285' title='bbox 1302 3070 1486 3117; x_wconf 85' lang='lat' dir='ltr'><strong>calcem</strong></span> <span class='ocrx_word' id='word_1_286' title='bbox 1528 3067 1635 3116; x_wconf 86' lang='lat' dir='ltr'><strong>Cic.</strong></span> <span class='ocrx_word' id='word_1_287' title='bbox 1677 3068 1808 3131; x_wconf 88' lang='lat' dir='ltr'><strong>Epp.</strong></span> <span class='ocrx_word' id='word_1_288' title='bbox 1851 3065 1914 3115; x_wconf 90' lang='lat' dir='ltr'><strong>ad</strong></span> <span class='ocrx_word' id='word_1_289' title='bbox 1957 3060 2178 3115; x_wconf 73' lang='lat' dir='ltr'><strong>Atticu&#39;m</strong></span> 
     </span>
     <span class='ocr_line' id='line_1_34' title="bbox 412 3145 2176 3215; baseline -0.003 -15"><span class='ocrx_word' id='word_1_290' title='bbox 412 3169 470 3200; x_wconf 85' lang='lat' dir='ltr'><strong>ex</strong></span> <span class='ocrx_word' id='word_1_291' title='bbox 511 3168 612 3202; x_wconf 85' lang='lat' dir='ltr'><strong>rec.</strong></span> <span class='ocrx_word' id='word_1_292' title='bbox 655 3150 892 3201; x_wconf 84' lang='lat' dir='ltr'><strong>Simeonis</strong></span> <span class='ocrx_word' id='word_1_293' title='bbox 932 3150 1082 3209; x_wconf 84' lang='lat' dir='ltr'><strong>Bosii,</strong></span> <span class='ocrx_word' id='word_1_294' title='bbox 1120 3157 1253 3200; x_wconf 87' lang='lat' dir='ltr'><strong>certe</strong></span> <span class='ocrx_word' id='word_1_295' title='bbox 1293 3151 1343 3199; x_wconf 89' lang='lat' dir='ltr'><strong>in</strong></span> <span class='ocrx_word' id='word_1_296' title='bbox 1382 3150 1463 3199; x_wconf 90' lang='lat' dir='ltr'><strong>ed.</strong></span> <span class='ocrx_word' id='word_1_297' title='bbox 1509 3148 1810 3215; x_wconf 85' lang='lat' dir='ltr'><strong>Rapheleng.</strong></span> <span class='ocrx_word' id='word_1_298' title='bbox 1864 3154 2011 3206; x_wconf 85' lang='grc'><strong>1592.</strong></span> <span class='ocrx_word' id='word_1_299' title='bbox 2079 3145 2176 3195; x_wconf 89' lang='lat' dir='ltr'><strong>Sed</strong></span> 
     </span>
     <span class='ocr_line' id='line_1_35' title="bbox 413 3227 2179 3298; baseline -0.005 -16"><span class='ocrx_word' id='word_1_300' title='bbox 413 3233 569 3282; x_wconf 81' lang='lat' dir='ltr'><strong>multo</strong></span> <span class='ocrx_word' id='word_1_301' title='bbox 607 3233 719 3298; x_wconf 85' lang='lat' dir='ltr'><strong>plus</strong></span> <span class='ocrx_word' id='word_1_302' title='bbox 758 3232 1047 3298; x_wconf 84' lang='lat' dir='ltr'><strong>profuturus</strong></span> <span class='ocrx_word' id='word_1_303' title='bbox 1072 3230 1172 3281; x_wconf 67' lang='lat' dir='ltr'><strong>suit</strong></span> <span class='ocrx_word' id='word_1_304' title='bbox 1193 3231 1381 3281; x_wconf 85' lang='lat' dir='ltr'><strong>etvitae</strong></span> <span class='ocrx_word' id='word_1_305' title='bbox 1405 3229 1559 3281; x_wconf 87' lang='lat' dir='ltr'><strong>Attici</strong></span> <span class='ocrx_word' id='word_1_306' title='bbox 1582 3237 1635 3278; x_wconf 90' lang='lat' dir='ltr'><strong>et</strong></span> <span class='ocrx_word' id='word_1_307' title='bbox 1658 3228 1832 3278; x_wconf 88' lang='lat' dir='ltr'><strong>ceteris</strong></span> <span class='ocrx_word' id='word_1_308' title='bbox 1857 3228 2004 3276; x_wconf 81' lang='lat' dir='ltr'><strong>Ernst</strong></span> <span class='ocrx_word' id='word_1_309' title='bbox 2023 3242 2066 3275; x_wconf 82' lang='lat' dir='ltr'><strong>s.</strong></span> <span class='ocrx_word' id='word_1_310' title='bbox 2094 3227 2179 3275; x_wconf 85' lang='lat' dir='ltr'><strong>Er-</strong></span> 
     </span>
     <span class='ocr_line' id='line_1_36' title="bbox 413 3307 2177 3379; baseline -0.003 -20"><span class='ocrx_word' id='word_1_311' title='bbox 413 3313 540 3362; x_wconf 86' lang='lat' dir='ltr'><strong>nesti</strong></span> <span class='ocrx_word' id='word_1_312' title='bbox 570 3314 732 3373; x_wconf 84' lang='lat' dir='ltr'><strong>Jctus,</strong></span> <span class='ocrx_word' id='word_1_313' title='bbox 769 3314 856 3379; x_wconf 87' lang='lat' dir='ltr'><strong>qui</strong></span> <span class='ocrx_word' id='word_1_314' title='bbox 893 3313 942 3361; x_wconf 92' lang='lat' dir='ltr'><strong>in</strong></span> <span class='ocrx_word' id='word_1_315' title='bbox 983 3311 1156 3362; x_wconf 83' lang='lat' dir='ltr'><strong>itinere</strong></span> <span class='ocrx_word' id='word_1_316' title='bbox 1181 3311 1358 3361; x_wconf 80' lang='lat' dir='ltr'><strong>Italico</strong></span> <span class='ocrx_word' id='word_1_317' title='bbox 1380 3311 1506 3361; x_wconf 88' lang='lat' dir='ltr'><strong>duos</strong></span> <span class='ocrx_word' id='word_1_318' title='bbox 1530 3309 1786 3364; x_wconf 83' lang='lat' dir='ltr'><strong>Mediceos</strong></span> <span class='ocrx_word' id='word_1_319' title='bbox 1811 3307 2030 3366; x_wconf 78' lang='lat' dir='ltr'><strong>contulit,</strong></span> <span class='ocrx_word' id='word_1_320' title='bbox 2047 3313 2106 3355; x_wconf 61' lang='lat' dir='ltr'><strong>‘et</strong></span> <span class='ocrx_word' id='word_1_321' title='bbox 2130 3307 2177 3355; x_wconf 92' lang='lat' dir='ltr'><strong>in</strong></span> 
     </span>
     <span class='ocr_line' id='line_1_37' title="bbox 415 3387 2176 3459; baseline -0.003 -19"><span class='ocrx_word' id='word_1_322' title='bbox 415 3392 578 3441; x_wconf 85' lang='lat' dir='ltr'><strong>Gallia</strong></span> <span class='ocrx_word' id='word_1_323' title='bbox 618 3393 711 3442; x_wconf 88' lang='lat' dir='ltr'><strong>sibi</strong></span> <span class='ocrx_word' id='word_1_324' title='bbox 750 3397 856 3458; x_wconf 83' lang='lat' dir='ltr'><strong>ipse</strong></span> <span class='ocrx_word' id='word_1_325' title='bbox 898 3410 1046 3442; x_wconf 91' lang='lat' dir='ltr'><strong>unum</strong></span> <span class='ocrx_word' id='word_1_326' title='bbox 1076 3392 1426 3459; x_wconf 85' lang='lat' dir='ltr'><strong>comparando,</strong></span> <span class='ocrx_word' id='word_1_327' title='bbox 1464 3391 1555 3440; x_wconf 81' lang='lat' dir='ltr'><strong>nisi</strong></span> <span class='ocrx_word' id='word_1_328' title='bbox 1580 3391 1673 3455; x_wconf 89' lang='lat' dir='ltr'><strong>ipsi</strong></span> <span class='ocrx_word' id='word_1_329' title='bbox 1697 3395 1961 3445; x_wconf 86' lang='lat' dir='ltr'><strong>curatores,</strong></span> <span class='ocrx_word' id='word_1_330' title='bbox 1999 3387 2176 3451; x_wconf 88' lang='lat' dir='ltr'><strong>quibus</strong></span> 
     </span>
     <span class='ocr_line' id='line_1_38' title="bbox 417 3467 2177 3538; baseline -0.004 -16"><span class='ocrx_word' id='word_1_331' title='bbox 417 3471 610 3522; x_wconf 83' lang='lat' dir='ltr'><strong>Hafniae</strong></span> <span class='ocrx_word' id='word_1_332' title='bbox 634 3474 841 3538; x_wconf 88' lang='lat' dir='ltr'><strong>primum</strong></span> <span class='ocrx_word' id='word_1_333' title='bbox 875 3474 1019 3532; x_wconf 77' lang='lat'><strong>1629.</strong></span> <span class='ocrx_word' id='word_1_334' title='bbox 1044 3475 1155 3524; x_wconf 86' lang='lat' dir='ltr'><strong>dein</strong></span> <span class='ocrx_word' id='word_1_335' title='bbox 1182 3474 1372 3524; x_wconf 87' lang='lat' dir='ltr'><strong>Amstel</strong></span> <span class='ocrx_word' id='word_1_336' title='bbox 1404 3471 1547 3529; x_wconf 86' lang='grc'><strong>1637.</strong></span> <span class='ocrx_word' id='word_1_337' title='bbox 1576 3471 1720 3519; x_wconf 88' lang='lat' dir='ltr'><strong>vitam</strong></span> <span class='ocrx_word' id='word_1_338' title='bbox 1741 3468 2027 3518; x_wconf 83' lang='lat' dir='ltr'><strong>Attici-cum</strong></span> <span class='ocrx_word' id='word_1_339' title='bbox 2049 3467 2177 3519; x_wconf 85' lang='lat' dir='ltr'><strong>notis</strong></span> 
     </span>
    </p>
   </div>
  </div>
 </body>
</html>
