2306 3900
311 237 420 291 556

312 371 366 411 tis
387 369 656 423 ‚pecuniariae
688 380 920 422 aspergere
953 369 1197 421 suspicione

313 435 558 485 Agesilaum
578 433 790 481 videatur,
810 432 922 473 infra
949 434 995 474 in
1014 433 1104 474 vita
1125 435 1198 475 ab·

315 499 444 539 solvit
471 498 667 538 eundem.
714 496 888 550 ‘Atque
922 497 966 536 in
996 497 1107 548 hoe,’
1136 498 1198 537 in-

314 562 422 614 quit,
439 562 452 584 ‘
469 561 574 601 illud
594 561 636 601 in
656 562 805 613 primis
825 561 909 601 fuit
929 560 1197 614 admirabile,

313 636 409 664 cum
428 625 612 665 maxima
629 635 808 664 munera
826 623 866 664 ei
887 623 942 664 ab
962 623 1134 676 regibus
1153 631 1199 664 et

313 688 508 741 dynastis
532 688 866 741 civitatibusque
885 685 1200 739 conferrentur,

312 752 418 792 nihil
435 765 621 806 unquam
640 752 684 792 in
703 751 876 792 domum
906 762 1024 792 stiam
1048 756 1198 792 contu-

312 815 396 857 lit!
420 817 635 858 Gebhard.

351 879 650 920 'Erichthonem
668 883 706 920 et
728 878 903 930 Sestum]
936 877 1200 919 Abrahamus

316 942 509 984 Ortelius
542 940 767 984 locum'se
798 943 996 995 ignorare
1014 941 1199 992 fatetur,

314 999 578 1059 conjicitque
596 1006 740 1058 Abydi
755 1017 1050 1060 synonymum.
1077 1006 1200 1046 Lam-

313 1069 416 1110 bino
429 1074 475 1110 et
486 1069 667 1110 Schotto
684 1069 783 1109 heic
805 1081 914 1122 aqua
930 1069 1082 1121 haeret,
1097 1069 1202 1121 quo-

314 1146 410 1174 rum
434 1134 504 1174 hic
535 1133 715 1186 penitus
739 1132 910 1173 silentio
936 1133 1202 1185 desperatio-

316 1189 382 1248 nis
401 1196 544 1237 indice
560 1196 811 1237 medicinam
841 1197 1071 1237 admovere
1090 1196 1203 1238 insu-

315 1258 396 1312 p'er
413 1261 572 1302 habet:
603 1261 675 1301 ille
689 1273 791 1302 vero
810 1261 1014 1301 audacior
1034 1261 1202 1314 Erythi-

313 1319 383 1365 nos
415 1324 638 1376 excogitat
668 1324 986 1377 Paphlagoniae
1032 1324 1201 1376 urbem,

315 1390 385 1442 vel
405 1389 709 1441 Ctesiphontem.
752 1387 902 1430 Laudo
921 1388 1203 1440 voluntatem,

317 1451 372 1492 de
394 1464 594 1493 successu
608 1464 739 1504 penes
755 1450 980 1504 peritiores
988 1450 1202 1503 judicium

315 1519 425 1556 esto.
474 1515 528 1555 P.
562 1515 755 1555 Danielis
791 1520 999 1567 excerpta
1025 1513 1203 1566 habent,

318 1575 551 1618 Erithonem
582 1583 622 1618 et
659 1578 842 1629 Senum,
874 1582 1041 1619 mutata
1074 1577 1201 1618 modo

314 1641 489 1681 literula
501 1639 780 1681 GifaniiCod.
806 1641 1048 1682 Crithonem.
1074 1641 1202 1682 Unde

315 1704 439 1761 lego:
470 1705 615 1756 Itaque
640 1705 790 1757 accepit
819 1697 1028 1745 Crithoten
1053 1708 1093 1744 et
1113 1704 1203 1745 Ses-

315 1771 412 1807 tum.
469 1769 550 1808 Est
579 1780 681 1809 vero
713 1769 893 1809 Crithote
910 1769 1012 1810 urbs
1035 1768 1205 1808 Helles-

317 1831 442 1884 ponti
469 1831 511 1871 in
534 1832 799 1872 Chersoneso
824 1832 1047 1881 Thraciae3
1078 1842 1204 1884 quem

316 1899 366 1936 et
383 1895 567 1936 antehac
585 1894 867 1935 Athenienses
896 1894 1110 1936 Miltiadis
1133 1906 1206 1936 co-

317 1950 462 2009 mites,
483 1963 593 1998 teste
612 1958 761 2010 Sinda,
778 1958 1066 1999 incoluerunt.
1099 1957 1205 1998 Geb-

316 2021 432 2061 hard.
462 2021 610 2062 Sestus
628 2021 682 2061 ad
702 2022 1032 2073 Hellespontum
1047 2018 1205 2074 Abydo

318 2084 508 2138 objecta,
527 2085 632 2125 satis
668 2090 772 2126 nota
799 2084 987 2125 Leandri
1020 2089 1066 2125 et
1095 2085 1206 2125 Erus

318 2144 562 2201 rumoribus
595 2152 726 2200 atque
750 2147 933 2188 interitu
961 2137 1074 2200 apud
1108 2147 1206 2195 Μιι-

318 2222 467 2263 saeum,
498 2211 733 2262 Nasonem,
751 2216 798 2252 et
828 2212 989 2252 Melam
1017 2211 1207 2264 Geogra-

318 2275 465 2328 phum.
507 2275 660 2316 Schott.

375 2339 483 2380 cn».
502 2343 542 2381 2.
573 2339 892 2411 Circumvehens]
919 2340 1101 2380 Frustra
1124 2338 1206 2379 viri

319 2401 439 2457 docti
469 2403 689 2454 corrigunt
723 2402 968 2444 circumiens.
1025 2403 1204 2443 Salmas.

310 2467 428 2518 prol.
445 2467 500 2507 ad
520 2467 649 2507 Solin.
697 2466 897 2507 Keachen.
966 2474 968 2477 ’

377 2530 592 2582 Corcyram
607 2528 676 2568 snb
689 2529 897 2580 imperium
909 2528 1206 2569 Atheniensium

318 2592 493 2644 redegit]
522 2592 723 2645 Xenoph.
743 2592 860 2633 Ἓλλ.
886 2592 961 2633 lib.
986 2604 1030 2634 v.
1057 2592 1105 2632 ‘0
1120 2590 1208 2643 μέν·

318 2670 382 2696 τοι
411 2654 593 2707 Τιμόθεος
623 2654 900 2709 περιπλεύσας,
919 2653 1116 2710 Κέρκυραν
1138 2655 1209 2708 μὲν

321 2719 432 2761 εὐθὺς
468 2721 533 2771 ὑφ’
564 2720 690 2770 ἑαυτῷ
723 2718 947 2768 ἐποιήσατο.
999 2720 1114 2760 Vide
1145 2731 1208 2760 se-

320 2784 513 2838 quentia.
565 2782 709 2842 Aliter
736 2788 881 2823 tamen
912 2782 1098 2822 Diodor.
1129 2782 1207 2823 lib.

322 2860 401 2890 xv.
430 2847 593 2890 Confer
606 2860 704 2888 cum
722 2847 870 2887 Probo
890 2852 936 2888 et
948 2846 1208 2899 Xenophon-

322 2915 369 2951 te
397 2910 643 2951 AEschinem
670 2910 716 2950 in
744 2910 944 2951 Oration.
974 2908 1077 2949 κατὰ
1104 2914 1209 2959 Κτη-

322 2979 408 3026 σιφ

376 3036 582 3089 Epirotas,
595 3035 853 3087 Athamanas,
869 3033 1066 3087 Chaonas]
1085 3035 1208 3075 Lam-

322 3099 448 3141 binus
475 3098 738 3140 auctoritate
769 3097 950 3137 Diodori
978 3098 1210 3139 Acarnanas

321 3161 665 3203 substituendum
682 3162 776 3202 loco
791 3160 1035 3201 Athamanas
1054 3161 1210 3202 existu-

322 3230 427 3276 mat,
441 3225 513 3278 qui
532 3225 607 3265 lib.
624 3235 700 3264 xv.
726 3223 804 3265 Τὰς
819 3225 920 3264 κατὰ
935 3222 1010 3271 τὴν
1026 3223 1210 3277 Ἀκαρνα-

324 3286 410 3328 νίαν
426 3286 560 3328 πόλεις
580 3300 605 3328 a
616 3288 840 3328 Timotheo
862 3287 1091 3340 perductas
1107 3299 1208 3328 enu-

323 3356 462 3392 merat
496 3352 549 3391 ad
582 3351 910 3393 Atheniensium
943 3353 1209 3394 societatem.

326 3407 397 3458 De
416 3416 629 3458 sententia
659 3416 773 3458 illius
798 3429 884 3459 non
911 3418 1092 3472 amplius
1110 3429 1209 3460 con-

1257 2216 1419 2256 Horat.
1442 2215 1582 2267 Epist.
1598 2214 1672 2255 lib.
1693 2226 1724 2255 1.

1185 2287 1190 2292 ·
1267 2279 1280 2302 ‘
1300 2279 1360 2319 Et
1376 2278 1564 2318 homines
1585 2277 1671 2317 suis
1700 2276 1830 2317 rebus
1857 2276 2153 2319 abalienaret?

1259 2341 1338 2382 ⁴Sic
1356 2341 1471 2393 apud
1490 2341 1668 2381 Homer.
1687 2339 1814 2380 Iliad.
1834 2336 1886 2380 Π.
1925 2341 1989 2390 Τῷ·
2018 2338 2063 2380 δὲ
2090 2340 2155 2380 καὶ

701 253 880 292 No'rAE
921 252 1255 294 VARIORUM
1297 256 1362 295 IN
1405 258 1455 298 C.
1496 259 1758 298 NEPOTIS

1261 373 1462 425 tendam;
1490 377 1644 417 saltem
1676 376 1756 417 hoc
1789 387 1901 417 nunc
1933 389 2072 430 agam,
2096 384 2146 420 ut

1262 437 1578 480 Latinissimam
1611 447 1656 480 et
1689 440 2026 493 antiquissimam
2049 441 2146 495 ’ypa-

1260 498 1340 550 φὴν
1364 501 1615 552 significem.
1663 503 1923 550 Athamanas,
1953 504 2148 558 Chaonas,

1261 563 1454 615 ἀρχαϊκῶς
1481 565 1607 617 dixit,
1635 578 1714 618 pro
1732 566 1988 614 Athamanes,
2019 568 2147 608 Chao-

1260 639 1343 668 nes.
1400 629 1524 669 Utin
1543 631 1842 682 Epaminonda
1865 624 2044 671 Arcadas
2069 643 2147 684 pro

1260 690 1450 732 Arcades.
1516 693 1588 732 De
1626 693 1778 745 quibus
1811 694 1976 735 Charis.
2007 694 2082 735 lib.
2112 706 2146 735 1.

1261 752 1464 794 Kcuchen.
1512 755 1719 807 Epirotas]
1749 757 1834 799 Qui
1863 759 2000 809 primo
2034 757 2148 810 Pyr-

1261 815 1397 855 rhidae
1411 814 1678 860 dicebantur.
1700 818 1858 859 Justin.
1906 821 2064 872 Epirus
2082 832 2150 860 re-

1264 878 1334 928 gio
1353 877 1539 919 Graeciae
1559 891 1704 919 versus
1722 879 1991 923 Adriaticum
2010 895 2145 924 mare.

1263 942 1502 982 Ptolemaeo
1534 947 1600 982 est
1621 939 1814 994 Ἔπὲιρος,
1840 944 1952 984 unde
1970 946 2149 998 Stepha—

1265 1017 1344 1046 nus
1364 1010 1504 1058 per'H
1534 1005 1891 1059 scribit²'Hvreapos.
1935 1008 2000 1048 ·In
2029 1020 2149 1050 num—

1265 1069 1345 1109 mis
1365 1069 1552 1122 antiquis
1580 1076 1648 1110 est
1666 1069 1914 1113 ’'AnEn’oz.
1970 1071 2085 1112 Olim
2103 1073 2150 1112 in

1266 1133 1414 1174 varias
1436 1138 1588 1185 gentes
1620 1133 1761 1174 divisa
1784 1133 1886 1184 fuit,
1918 1132 1972 1173 de
1991 1133 2148 1187 quibus

1263 1197 1362 1250 lege
1385 1196 1501 1238 Ubb.
1536 1197 1746 1238 Emmium
1778 1197 1824 1238 in
1842 1197 2007 1238 illustr.
2027 1197 2150 1239 Grae-

1265 1260 1347 1302 cia.

1317 1323 1581 1377 Athamanas]
1647 1324 1795 1365 Codex
1840 1323 1896 1364 P.
1942 1280 2152 1376 Danielis,

1266 1386 1533 1428 Athamattas.
1589 1387 1706 1429 Edit.
1751 1387 1984 1429 Jensonica
2023 1387 2151 1429 Atha-

1263 1450 1443 1508 mantios.
1470 1450 1559 1491 Sed
1579 1451 1748 1491 videtur
1767 1451 2009 1504 legendum,
2025 1451 2150 1492 Acar-

1263 1525 1403 1565 nanas,
1435 1526 1489 1554 ex
1522 1514 1720 1555 Diodoro
1748 1515 1823 1556 lib.
1853 1526 1930 1556 xv.
1973 1513 2049 1555 Kal
2073 1514 2147 1556 τὰς

1264 1571 1368 1618 κατὰ
1384 1577 1459 1626 τὴν
1474 1577 1727 1631 Ἀκαρνανίαν
1743 1578 1878 1621 πόλεις
1903 1579 2040 1630 ὁμοίως
2058 1580 2152 1622 ἀπ’·

1264 1643 1396 1682 κλῖναι
1429 1641 1525 1694 πρὸς
1554 1643 1791 1692 Ἀθηναίους.
1860 1644 1969 1685 Sunt
2007 1649 2149 1685 autem

1264 1704 1514 1746 Acarnanes
1534 1707 1686 1758 populi
1715 1707 1769 1747 ad
1795 1707 2032 1748 Acheloum
2062 1708 2152 1750 siti.

1264 1768 1446 1810 Lambin.
1502 1769 1630 1811 Quod
1649 1775 1796 1811 contra
1815 1771 2027 1823 Magium.

1324 1834 1424 1879 Quoe
1454 1845 1561 1874 mare
1592 1834 1690 1874 illud
1724 1833 1923 1885 adiacent]
1965 1834 2152 1875 *Dictum

1267 1896 1461 1950 antique,
1481 1909 1575 1949 pro,
1601 1909 1696 1951 quae
1714 1898 1821 1937 mari
1839 1897 1900 1937 illi
1920 1897 2152 1950 adjacent3

1267 1972 1360 2013 seu,
1394 1961 1449 2002 ad
1479 1966 1596 2002 mare
1631 1961 1744 2002 illud»
1767 1961 1981 2014 adjacent.
2037 1963 2152 2003 Nam

1267 2029 1436 2065 veteres
1451 2036 1538 2066 non
1557 2023 1651 2065 fere
1671 2022 2003 2077 praepositiones
2027 2024 2155 2066 itera·

1267 2087 1389 2141 bant,
1423 2093 1473 2130 ut
1511 2089 1524 2111 ‘
1547 2088 1719 2140 adigere
1757 2087 1997 2138 arbitrum,'
2038 2088 2152 2140 apud

1268 2152 1537 2203 Ciceronem,
1550 2152 1563 2174 ‘
1576 2163 1850 2203 propugnare
1863 2151 2015 2204 nugis,’
2036 2151 2153 2204 apud

1765 2214 1835 2255 Sic
1856 2214 1899 2254 in
1920 2214 2151 2267 Agesilao:

1267 2402 1494 2455 Αὐτομέδων
1529 2402 1657 2454 ὕπαγε
1693 2401 1816 2454 ζυγὸν
1848 2401 1970 2444 ὠκέας
1996 2402 2155 2456 Inoas,

1267 2481 1346 2522 pro
1365 2469 1496 2519 ἤγαγε
1522 2466 1643 2520 ζυγὸν
1661 2466 1734 2507 ὑπὸ
1754 2466 1909 2508 ἵππους.
1964 2469 2072 2508 Mox
2092 2474 2155 2509 ta-

1269 2544 1368 2573 men
1385 2537 1537 2572 contra
1557 2531 1806 2584 praepositio
1825 2531 2019 2571 iteratur.
2057 2529 2153 2571 Ibi:

1270 2597 1284 2648 f
1305 2596 1360 2636 de
1382 2596 1550 2637 diutina
1573 2594 1851 2636 contentione
1870 2594 2158 2635 destiterunt!

1269 2658 1449 2700 Lambin.
1522 2658 1624 2704 Quat
1667 2669 1776 2697 mare
1818 2657 1918 2698 illud
1953 2656 2154 2708 adiacent]

1270 2715 1383 2763 Vide
1403 2721 1627 2764 Gifanium
1648 2719 1887 2762 Collectan.
1934 2720 2158 2760 Lucretia·

1270 2786 1336 2826 nis
1366 2786 1410 2826 in
1445 2785 1635 2835 adiacere.
1689 2785 1809 2824 Male
1831 2790 1976 2824 autem
2000 2784 2043 2824 in
2070 2784 2156 2824 Ex-

1271 2854 1413 2901 cerpt.
1431 2850 1630 2900 adjacunt.
1661 2848 1885 2888 Keuchen.

1325 2913 1383 2952 Et
1414 2924 1487 2951 sua
1516 2914 1650 2962 sponte
1678 2906 2015 2950 Atheniensibus
1998 2907 2157 2959 imperii

1269 2973 1464 3015 maritimi
1480 2973 1742 3024 principatum
1759 2968 2042 3020 concesserunt]
2082 2968 2156 3009 In-

1271 3036 1431 3088 telligit
1444 3032 1643 3082 θαλάττης
1661 3031 1920 3085 ἐπικράτειαν,
1933 3044 2061 3085 quam
2076 3043 2157 3084 per

1271 3099 1390 3140 vices
1426 3098 1706 3139 obtinuerunt
1739 3097 2025 3136 Athenienses
2057 3096 2154 3136 cu'm

1269 3161 1624 3203 Lacedaemoniis.
1696 3160 1845 3200 Istum·
1867 3158 2155 3211 principatum

1269 3228 1415 3264 autem
1451 3228 1552 3277 post
1587 3222 1797 3264 diutinam
1831 3221 2154 3264 contentionem

1269 3292 1529 3340 receperunt
1545 3286 1843 3339 Athenienses,
1855 3290 1903 3327 et
1921 3296 2001 3338 per
2014 3296 2156 3327 mxxv.

1269 3362 1403 3392 annos
1449 3350 1744 3392 obtinuerunt.
1828 3349 1954 3390 Inter
1991 3352 2156 3401 caetera

1271 3416 1511 3468 commoda,
1548 3427 1642 3470 quae
1677 3415 1705 3465 ἦ
1742 3413 2056 3467 vanari-experta
2081 3407 2154 3455 ad-
