2306 3900
718 229 878 284 xxv.
943 228 1247 278 ΑττιουΜ,
1288 227 1423 268 οΑΡ.
1465 215 1555 268 14.

215 344 260 384 in
293 344 387 384 loco
419 344 533 384 aedes
563 344 740 395 Salutis,
767 344 928 385 Salutis
959 358 1090 397 augu-

215 407 324 448 rium
343 407 474 448 dicta.
501 406 654 448 Solunte.
675 436 678 442 .

269 470 581 524 Tamphilanam]
608 471 680 511 Sic
697 470 908 511 edendum
927 472 1092 512 curavi.

212 537 225 559 ‘
243 535 563 587 Tamphilanam
575 572 579 575 ,
591 534 762 574 domum
778 535 788 551 '
819 540 962 575 autem
981 536 1093 576 acci-

216 599 286 651 pio
305 611 330 639 a
347 597 573 649 Tamphilo
602 597 786 649 quodam
813 599 1004 639 Romano
1032 599 1093 639 sic

214 662 487 714 appellatam.
552 661 766 712 Tamphili
797 661 908 701 enim
943 663 1093 702 Romae

214 724 403 774 fuerunt,
417 711 630 775 Pamphili
649 736 733 763 non
752 723 872 763 item.
908 723 1091 764 Lambin.

213 788 299 829 Sed
325 800 407 840 ego
427 787 626 828 existimo
648 788 900 828 Caecilianam
918 799 1010 828 esse
1034 788 1095 826 le-

213 851 418 904 gendum,
437 857 483 891 et
498 851 666 891 domum
696 863 722 889 a
749 862 991 902 possessore
1017 862 1094 890 sno

214 915 389 955 Caecilio
407 914 546 954 Attici
566 915 775 954 avunculo
790 926 944 954 nomen
962 912 1094 954 fuisse

215 979 423 1019 sortitam.
454 978 653 1018 Ernstius.
954 1009 956 1012 .

268 1041 429 1081 Teemm
469 1042 557 1092 plus
595 1043 704 1092 salis,
747 1053 863 1093 quam
899 1039 1094 1092 sumptus]

213 1105 313 1146 Hoc
332 1110 413 1150 est,
432 1104 540 1144 tecti
554 1104 847 1145 architectura
864 1106 959 1156 plus
974 1104 1095 1156 artis,

214 1166 468 1216 venustatis,
483 1172 528 1206 et
546 1168 792 1219 elegantiae,
809 1179 936 1220 qnam
950 1178 1095 1217 sump-

213 1235 290 1271 tus<
302 1229 504 1269 habebat.
549 1230 623 1269 Sal.
638 1231 750 1270 enim
771 1230 1094 1270 condimentum

213 1292 411 1334 omnium.
478 1292 612 1332 Vives
646 1292 802 1333 ibidem
835 1294 1093 1344 interpreta-

213 1361 285 1396 tur
316 1355 371 1396 de
403 1355 544 1408 gratia
580 1367 632 1396 ac
667 1359 893 1396 venustate
922 1355 1091 1402 aedium,

211 1430 407 1472 quaeper
439 1420 572 1458 salem
603 1419 853 1470 plerumque
881 1416 1092 1469 significa-

212 1486 299 1522 tur.
341 1481 540 1522 Senonas.
608 1482 746 1521 Imeus
771 1480 842 1520 hic
862 1485 1090 1532 corruptus

210 1545 384 1587 videtur
403 1547 469 1597 Ch
487 1546 712 1586 Boeclero.
740 1545 902 1585 Rosius.

263 1608 506 1660 Amgnostae
523 1609 683 1661 optimi]
726 1609 904 1648 Romani
921 1607 1092 1648 Princi-

210 1683 289 1725 pes
308 1673 494 1712 lectores
520 1673 634 1725 apud
655 1684 701 1712 se
721 1672 954 1723 habebant,
985 1683 1090 1724 quos

211 1734 462 1786 ἀναγνώστας
479 1734 763 1786 dixere‚·cum
791 1734 872 1786 ipsi
892 1732 1092 1785 occupati

210 1799 387 1840 lectioni
405 1811 559 1839 vacare
589 1811 672 1838 non
701 1799 906 1839 valerent.
962 1797 1093 1854 Alex-

212 1860 345 1901 ander
362 1861 416 1901 ab
438 1861 651 1902 Alexand.
707 1862 821 1902 Vide
853 1862 1091 1902 Meursium

210 1924 390 1966 Auctar.
410 1924 622 1976 Philolog.
642 1937 738 1976 cap.
758 1929 797 1966 3.

266 1989 440 2029 Plurimi
457 1988 633 2040 librarii]
686 1989 791 2029 'tres
812 1988 1003 2029 nominat
1022 1988 1093 2029 Ci-

211 2051 487 2103 cero-Epist.
515 2052 588 2091 lib.
619 2062 727 2091 xm.
760 2055 829 2092 44.
872 2051 1093 2091 ‘Pharna-

211 2126 322 2165 cem,
353 2114 573 2164 Antaeum,
603 2120 652 2154 et
681 2113 896 2155 Salvium.’
963 2113 1091 2154 Ama-

210 2188 394 2218 nuenses
418 2182 465 2217 et
482 2176 755 2229 Anagnostas
779 2178 855 2217 hos
886 2178 1092 2230 colligere

210 2239 358 2280 licuit.v
402 2239 444 2279 A
465 2240 618 2280 studiis
652 2246 701 2281 et
732 2241 786 2280 ab
819 2241 1010 2292 epistolis
1035 2240 1092 2280 A·

210 2302 368 2343 lexium
389 2303 576 2342 nominat
606 2303 747 2355 Epist.
778 2303 852 2343 lib.
873 2314 918 2344 v.
948 2307 1016 2343 20.
1045 2309 1092 2344 et

209 2363 284 2405 lib.
303 2376 383 2406 vu.
402 2369 442 2405 2.
464 2370 511 2406 et
530 2366 605 2406 lib.
623 2376 721 2406 xvt.
739 2369 806 2406 15.
861 2365 1090 2407 Athamam

210 2432 258 2467 et
284 2427 483 2468 Alexium
518 2440 813 2478 amanuenses,
848 2429 985 2480 Epist.
1006 2441 1091 2470 xit.

210 2493 278 2531 11.
299 2497 344 2531 et
364 2492 544 2531 alterum
564 2502 648 2531 vu.
667 2495 707 2531 2.
762 2491 1021 2533 Antiochum
1045 2498 1091 2532 et

209 2554 523 2594 Thallumetum
532 2555 727 2595 literatos
736 2555 943 2607 nominat,
952 2556 1090 2607 Epist.

210 2616 288 2657 lib.
308 2627 416 2657 xtu.
437 2620 504 2657 33.
534 2622 580 2657 et
599 2617 673 2658 lib.
690 2629 733 2658 v.
752 2621 815 2658 12.
871 2619 938 2658 De
958 2619 1091 2672 Euty·

211 2679 351 2730 chide,
365 2692 490 2732 quem
511 2679 771 2731 manumisit,
786 2680 923 2732 Epist.
940 2680 1015 2722 lib.
1027 2692 1092 2722 ιν.

213 2748 278 2783 15.
332 2744 404 2783 De
428 2743 643 2784 Nicanore
664 2744 803 2796 Epist.
820 2744 893 2785 lib.
911 2756 956 2785 v.
976 2749 1016 2787 3.
1045 2751 1093 2786 et

210 2805 286 2846 lib.
307 2816 366 2846 vt.
384 2808 425 2844 2.
461 2804 611 2846 Schott.

267 2868 376 2913 Quos
390 2869 517 2909 cultus
532 2869 764 2909 domesticus
777 2869 995 2922 desiderat]
1023 2869 1092 2911 Ad

211 2932 479 2983 voluptatem
506 2937 553 2972 et
577 2932 743 2972 lucrum
774 2933 918 2973 locata
945 2945 1092 2975 eorum

213 3005 359 3046 opera.
411 2995 520 3035 Sunt
551 3000 695 3035 autem
726 2996 931 3048 ejusmodi
952 3008 1094 3037 servo-

212 3068 306 3096 rum
325 3057 522 3108 nomina;
552 3058 826 3110 gladiatores,
841 3060 1093 3112 agitatores,

212 3117 465 3169 funambuli,
483 3121 747 3171 pala‘stritae,
773 3122 980 3174 pictores,
1012 3134 1092 3163 cae-

213 3181 390 3235 latores,
418 3184 501 3221 &c.
536 3182 668 3222 ‚Vide
705 3184 907 3226 Laurent.
936 3185 1092 3236 Pigno-

213 3244 321 3284 rium
342 3244 398 3284 de
416 3243 563 3285 servis.
590 3246 769 3286 Bneclaer.

271 3307 456 3357 EIegans,
487 3319 563 3347 non
591 3308 840 3361 magnificus]
907 3309 1093 3360 Elegans

214 3369 354 3419 homo,
384 3369 439 3409 ad
486 3375 656 3410 aetatem
688 3370 882 3423 Catonis,
925 3382 1010 3410 non
1049 3371 1094 3411 in

214 3429 356 3484 laude,
374 3432 452 3474 sed
473 3433 577 3474 vitio
598 3432 849 3485 ponebatur.
892 3433 963 3474 Sic
983 3434 1095 3475 enim

1933 213 2040 266 691

1155 346 1228 385 ille
1245 345 1301 386 de
1334 345 1480 386 saeculi
1513 344 1578 385 sui
1608 344 1826 385 moribus:
1853 343 1866 366 ‘
1886 343 2038 383 Avari-

1156 410 1258 450 tiam
1293 411 1435 451 omnia
1468 411 1573 451 vitia
1605 410 1766 450 babere
1798 408 2038 461 putabant:

1156 478 1443 525 sumptuosus,
1473 473 1669 525 cupidus,
1697 473 1887 524 elegans,
1913 471 2039 511 vitio-

1155 536 1254 577 sus.'
1310 537 1415 576 Post
1434 537 1476 576 in
1497 535 1666 576 laudem
1697 536 1847 585 vertit,
1878 540 1928 575 ut
1960 534 2040 575 hoc

1155 599 1250 651 ipso
1271 601 1381 640 loco.
1435 601 1552 652 Lege
1572 598 1787 651 Agellium
1808 599 1940 640 Noct.
1962 597 2043 638 At-

1156 664 1227 704 tic.
1248 663 1320 703 lib.
1337 675 1382 703 x.
1416 667 1457 703 2.
1494 668 1541 703 et
1572 663 1862 714 JoamBapt.
1899 661 2042 712 Pium,

1155 727 1314 768 Annot.
1334 732 1448 779 post.
1466 739 1562 777 cap.
1578 729 1619 766 8.
1649 725 1806 766 Schott.

1208 790 1419 842 Suppeuex
1450 790 1616 839 modica,
1649 801 1726 828 mm
1760 790 1901 835 multa,
1934 788 2041 829 utin

1154 857 1335 894 neutram
1374 856 1530 906 partem
1564 852 1736 904 conspici
1765 851 1914 903 posset]
1969 851 2041 891 Ita

1155 916 1378 968 scripsisse
1394 928 1506 964 eum,
1526 927 1581 955 ex
1598 915 1944 967 praeced'entibus
1965 927 2040 966 ap-

1156 983 1311 1031 paret:
1356 990 1455 1019 nam
1497 989 1646 1019 omnes
1697 977 1934 1017 antitheses
1979 977 2042 1016 ita

1158 1047 1257 1080 sunt
1277 1039 1518 1092 conceptae,
1538 1045 1586 1079 ut
1615 1039 1717 1092 quid
1747 1038 1880 1079 fuerit
1911 1037 2041 1079 adfir-

1156 1108 1263 1154 met,
1276 1103 1378 1156 qnid
1400 1115 1484 1143 non
1502 1101 1632 1143 fuerit
1647 1107 1792 1153 neget.
1835 1102 2041 1155 Elegans,

1155 1177 1240 1205 non
1297 1164 1578 1216 magnificus;
1635 1165 1900 1217 splendidus,
1955 1177 2042 1205 non

1156 1234 1458 1281 sumptuosus;
1500 1228 1725 1269 adfectans
1773 1229 2041 1280 munditiem,

1155 1304 1240 1332 non
1280 1290 1572 1332 adfluentiam.
1641 1292 1870 1337 Sicetiam
1908 1294 2040 1344 ‘sup-

1155 1355 1300 1406 pellex
1331 1355 1371 1394 ei
1404 1354 1588 1406 modica,
1621 1367 1706 1394 non
1736 1354 1915 1395 multa:'
1958 1356 2039 1395 hoe

1156 1423 1237 1467 est,
1282 1418 1424 1467 modo,
1461 1429 1546 1456 non
1595 1417 1723 1468 copia
1755 1418 2037 1466 aestiinanda3

1154 1481 1485 1520 instrumentum
1538 1480 1725 1529 modice,
1773 1491 1857 1519 non
1907 1479 2040 1519 abun-

1154 1543 1324 1593 danter,
1360 1541 1600 1592 sufficiens;
1655 1547 1704 1582 nt
1753 1540 1819 1582 in'
1843 1549 2039 1583 neutram

1155 1611 1326 1658 partem
1345 1606 1484 1645 notari
1509 1610 1666 1657 posset,
1682 1617 1820 1658 neque
1838 1605 2041 1657 sordium,

1155 1669 1258 1721 quia
1276 1668 1426 1708 aderat
1441 1668 1608 1718 modus,
1622 1680 1763 1722 neq-ue
1783 1669 1922 1719 luxus,
1940 1669 2041 1722 quia

1156 1733 1309 1773 aberat
1324 1729 1599 1783 superfluum.
1655 1731 1773 1771 Huic
1790 1732 1930 1770 sensui
1947 1743 2040 1771 ver-

1157 1795 1213 1836 ba
1230 1794 1331 1834 mihi
1348 1794 1452 1834 satis
1470 1793 1782 1834 esse-videntur
1799 1788 2040 1846 exprimen-

1156 1860 1238 1900 do:
1269 1872 1410 1912 neque
1427 1864 1502 1899 aut
1519 1858 1574 1898 τὸ
1591 1856 1711 1899 multo
1746 1860 1800 1899 ad
1820 1859 2037 1900 defectum

1156 1922 1448 1973 referendum,
1471 1928 1547 1963 aut
1573 1922 1659 1962 alia
1685 1922 1861 1974 negatio
1893 1922 2038 1975 adjici·

1155 1986 1284 2027 enda.
1316 1986 1492 2026 Gronov.

1211 2049 1339 2094 Quam
1355 2052 1468 2088 terna
1498 2047 1625 2088 millia
1651 2048 1764 2100 oeris]
1820 2048 1919 2089 Non
1939 2052 2039 2088 sunt

1155 2111 1271 2151 mille
1289 2111 1466 2151 ducenti
1497 2111 1710 2151 sestertii:
1754 2111 1794 2151 hi
1823 2111 1935 2150 enim
1965 2111 2039 2150 illo

1155 2186 1248 2215 aevo
1276 2179 1460 2227 quatuor
1479 2174 1609 2214 millia
1628 2174 1900 2226 octingentos
1920 2185 2039 2214 asses

1154 2237 1440 2289 colligebant:
1491 2237 1566 2277 sed
1608 2236 1875 2289 septingenti
1918 2236 2039 2289 quin·

1154 2300 1374 2352 quaginta,
1393 2300 1560 2340 denarii
1579 2310 1842 2341 cmxxxvm.
1859 2311 1955 2340 cum
1975 2299 2039 2339 di·

1154 2366 1302 2416 midio,
1316 2360 1450 2406 nostri
1471 2365 1664 2406 coronati
1685 2365 1926 2406 octodecim
1941 2376 2037 2406 cum

1154 2429 1400 2470 didrachmo
1446 2435 1492 2470 et
1535 2429 1881 2470 hemidrachmo:
1938 2440 2038 2468 nam

1154 2493 1270 2532 mille
1310 2493 1408 2532 aeris
1449 2498 1539 2532 tum
1583 2491 1809 2531 sestertios
1845 2490 2038 2531 faciebat

1154 2567 1248 2598 σοι..
1279 2557 1476 2597 denarios
1504 2566 1617 2596 Lxu.
1659 2561 1706 2596 et
1751 2555 2039 2597 victoriatum.

1154 2619 1398 2660 Gronovius
1414 2619 1486 2659 lib.
1503 2629 1573 2660 111.
1589 2617 1644 2658 de
1657 2618 1847 2658 Pecunia
1861 2619 2039 2659 Vetere.

1210 2683 1279 2722 Ex
1296 2682 1538 2734 ephemeride
1555 2693 1643 2721 eum
1668 2693 1879 2733 expensum
1908 2693 2039 2733 sump-

1155 2745 1337 2795 tuiferre
1355 2745 1533 2796 solitum]
1567 2743 1911 2798 Ephemeridem,
1923 2744 2039 2784 diur-

1155 2819 1256 2847 num
1288 2807 1431 2848 Latini
1466 2813 1636 2849 vocant.
1704 2807 1930 2859 Significat
1969 2807 2039 2849 bie

1155 2869 1346 2910 libellum
1379 2869 1727 2923 quotidianarum
1758 2881 2039 2921 expensarum

1156 2939 1202 2973 et
1242 2933 1550 2986 erogationum.
1618 2932 1752 2974 Aliud
1795 2931 2040 2984 significant

1156 2996 1293 3036 diurni
1314 2995 1609 3036 commentarii
1626 2995 1738 3048 apud
1757 2995 1933 3036 Sueton.
1949 2995 2038 3035 Au·

1155 3065 1269 3111 gust.
1296 3061 1362 3100 64.
1395 3059 1437 3099 in
1464 3070 1572 3111 quos
1601 3058 1731 3099 etiam
1751 3057 1867 3098 dicta
1885 3062 1931 3097 et
1949 3068 2038 3097 ser·

1155 3133 1300 3162 mones
1335 3122 1612 3162 annotabant.
1680 3119 1790 3160 Vide
1823 3119 2038 3161 casaubo-

1155 3196 1254 3224 num
1275 3183 1343 3223 ad-
1349 3184 1469 3228 illum
1489 3182 1853 3223 locum.Boec1er-.

1210 3247 1321 3286 cn.
1361 3250 1425 3287 14.
1478 3246 1604 3285 Aliud
1647 3257 1827 3285 acroama
1866 3244 2040 3297 audivit]

1156 3308 1268 3348 Vide
1308 3307 1584 3348 Plutarchum
1626 3307 1821 3360 Sympos.
1866 3308 2038 3349 Macro·

1156 3370 1289 3418 bium,
1308 3374 1355 3410 et
1373 3369 1642 3410 Athenaenm.
1693 3369 1897 3411 solebant
1924 3371 2038 3412 enim

1161 3432 1239 3474 sub
1263 3444 1397 3475 coenae
1418 3432 1546 3474 finem
1566 3433 1752 3487 admitti,
1777 3435 1851 3489 qui
1879 3435 2038 3487 partim
