2306 3900
291 258 435 313 xviii

297 393 458 434 Baebius
483 394 559 434 Cn.
588 392 816 445 Tamphilus
843 403 952 433 cons.
982 393 1092 442 xxiii,
1127 397 1178 435 13

354 448 418 487 Μ.
432 446 626 498 Tamphil.
645 459 753 486 cous.
770 446 867 485 ibid.

299 502 467 553 Bagaeus
486 502 537 540 ad
552 499 686 540 Alcib.
714 500 879 539 interfic.
910 499 1077 539 mittitur
1104 499 1184 554 (sic

349 554 476 604 Mss.)
523 554 591 600 vii,
633 557 686 594 10
728 553 888 606 (Lamb.
915 555 980 594 ed.
1013 554 1182 608 Bagoas,

352 607 462 660 quod
492 620 635 647 nomen
675 606 875 646 Persicum
915 607 1050 655 fuisse,
1103 620 1184 661 quo

351 675 370 700 s
400 661 546 700 adones
605 660 914 712 designarentur,
981 662 1187 700 observant

387 714 591 753 reinsbem.
641 713 735 753 Ind.
772 714 884 754 Curt.
928 713 1099 754 Homius
1133 714 1186 753 ad

353 767 503 819 Sulpic.
522 781 612 820 pag.
627 770 723 808 323.
749 767 828 807 alii·
847 781 886 806 v.
901 774 985 807 not.
1009 768 1188 808 Restitu-

354 822 501 860 endum
528 821 658 860 forsan
689 826 731 860 et
747 820 913 860 Arriano
931 821 1079 862 Indicis
1097 834 1188 875 pag.

352 877 448 915 546.
474 874 543 913 ubi
562 875 678 927 vulgo
698 880 758 913 est
771 873 954 927 μαγῶας)

303 928 458 1034 Βαὶδίιῗ
474 928 543 982 (L.
563 927 790 980 Cornelius)
815 941 904 976 xxv,
922 931 975 969 21
1013 928 1073 982 (ν.
1093 927 1190 968 cor-

357 995 407 1020 ne
424 1008 436 1020 .

297 1035 429 1074 Barba
436 1033 622 1086 promissa
635 1033 740 1088 (seu,
753 1039 796 1073 ut
803 1031 883 1081 alii,
897 1034 1067 1088 prolixa)
1078 1034 1154 1082 xiv,
1165 1039 1190 1076 3

301 1088 494 1128 Barbarus
526 1100 595 1139 per
611 1087 917 1127 antonomasiam
928 1088 979 1128 de
985 1087 1136 1142 Xerxe)
1148 1089 1191 1135 ii,

354 1145 383 1182 4
410 1142 461 1181 de
479 1141 515 1181 P
543 1142 734 1181 amabazo
766 1142 868 1181 duce
898 1141 1057 1182 Persico
1084 1141 1138 1189 ix,
1161 1144 1189 1182 4

354 1195 407 1234 de
437 1194 694 1246 Tissapherne
728 1200 883 1247 satrapa
910 1195 1020 1235 Pers.
1046 1195 1141 1243 xvii,
1164 1199 1190 1236 3

357 1248 508 1288 barbari
533 1249 585 1288 de
605 1249 733 1288 Persis
760 1249 791 1296 i,
808 1252 849 1290 7.
865 1248 921 1295 ὶὶἰ,
940 1252 967 1289 2
1005 1250 1057 1289 de
1070 1249 1194 1288 Thra·

361 1301 472 1341 cibus
498 1302 567 1349 i,2
594 1303 646 1341 de
659 1302 870 1354 Aspendiis
897 1302 1016 1349 viii,4
1045 1303 1192 1342 barbari

355 1355 516 1407 quidam
535 1355 784 1408 (indefinite)
823 1355 930 1402 xviii,
948 1359 974 1396 3
1017 1356 1193 1410 (Plinius

355 1409 382 1447 l.
410 1413 451 1449 6.
478 1421 567 1460 cap.
597 1413 638 1449 2.
663 1423 704 1461 p.
727 1412 820 1450 302.
850 1409 948 1449 dicit
976 1414 988 1432 ⁰
1005 1409 1193 1461 proditur,

358 1468 437 1501 tres
468 1468 618 1501 tantum
651 1468 786 1514 gentes
819 1461 976 1501 Graecas
989 1461 1080 1514 jure
1097 1462 1192 1508 dici,

358 1514 559 1562 Doricam,
587 1515 778 1563 Ionicam,
807 1515 1016 1564 AEolicam,
1044 1522 1191 1556 ceteras

358 1569 616 1608 Barbarorum
634 1569 752 1621 esse’)

307 1623 452 1663 Bareas
470 1623 702 1673 cognomine
721 1622 919 1661 Hamilcar
945 1622 1039 1668 xxii,
1059 1626 1081 1662 1

304 1676 452 1715 Beatus
471 1690 480 1714 ε
507 1674 686 1728 (ὄλβιος)
711 1677 827 1714 homo
856 1688 937 1714 non
954 1674 1198 1715 beatissimus

359 1729 461 1782 (non
491 1729 717 1775 ditissimus,
749 1729 817 1781 qui
847 1741 928 1767 non
958 1727 1119 1780 quidem
1155 1728 1197 1767 in

359 1796 501 1834 magna
518 1795 573 1828 re,
605 1795 734 1834 neque
771 1789 903 1820 tamen
930 1781 1196 1834 pauperrimus

359 1835 828 1982 zggsfftgfgztjgffiz·
841 1834 1196 1941 mmm

416 1956 467 1990 ia,
514 1956 543 1981 r.

305 1955 462 2035 ΒειῖΙυηι
481 1997 720 2048 AEgyptium
736 1997 754 2045 (
758 1996 798 2035 in
813 1997 909 2048 AEg.
926 1994 1100 2049 gestum)
1115 1996 1194 2042 xiv,

360 2053 385 2090 3
414 2048 530 2089 civile
548 2050 811 2091 Caesarianum
858 2054 993 2094 xxva
1045 2050 1196 2103 Corcy-

361 2115 481 2142 raeum
508 2103 591 2150 ii,2
620 2102 866 2143 Corinthium
893 2103 988 2151 xvii,
1005 2107 1030 2143 5
1077 2103 1195 2142 Pelo-

362 2157 642 2207 ponnesiacum
700 2155 767 2210 vii,
807 2161 846 2196 3.
880 2156 962 2203 viii,
1004 2161 1041 2196 1.
1070 2156 1125 2203 ix,
1158 2161 1196 2197 1.

362 2211 442 2257 xvi,
463 2215 484 2251 1
515 2211 714 2251 Persicum
751 2210 796 2256 ii,
815 2214 841 2250 2
884 2210 1088 2250 Poenicum
1117 2211 1194 2262 pri-

363 2276 469 2302 mum
526 2264 618 2310 xxii,
672 2268 694 2304 1
759 2265 974 2303 secundum
1030 2264 1122 2310 xxii,
1167 2269 1195 2304 4

364 2317 530 2367 primum
549 2318 821 2358 etysecundum
854 2317 958 2363 xxiv,
987 2319 1012 2356 3
1053 2317 1196 2356 sociale

365 2369 420 2416 xi,
447 2373 479 2415 Ι3
523 2369 703 2410 Troicum
734 2369 806 2423 (ad
837 2369 995 2422 Trojam
1027 2369 1198 2423 gestum)

366 2422 484 2470 xiv,2

315 2474 472 2515 Bellum
502 2476 729 2516 intestinum
756 2476 973 2516 exardescit
1003 2476 1195 2516 diuturni-

365 2535 446 2568 tate
465 2529 558 2568 mali
576 2530 726 2569 externi
754 2530 847 2576 xxii,
865 2535 891 2570 2
929 2530 1068 2569 navale
1107 2527 1151 2576 ii,
1170 2534 1197 2571 2

367 2595 484 2622 omne
502 2583 701 2623 confertur
717 2582 820 2623 circa
845 2583 1077 2624 Corinthum
1107 2583 1199 2636 (illa

369 2637 481 2676 sedes
515 2635 612 2676 belli
636 2635 795 2690 legitur)
823 2637 915 2684 xvii,
934 2641 958 2676 5
1010 2637 1202 2677 conflatur

366 2690 468 2729 inter
479 2690 648 2743 AEgypt.
663 2697 703 2730 et
711 2690 818 2730 Pers.
830 2689 897 2737 xii,
911 2694 937 2731 2
949 2691 1106 2730 sedatur
1119 2692 1199 2739 xiv,

371 2748 399 2784 8
429 2743 521 2783 belli
540 2744 778 2783 calamitates
813 2745 928 2797 (quas
957 2744 1102 2783 bellum
1128 2758 1198 2798 pa·

369 2810 452 2837 rere
466 2797 579 2843 solet,
595 2795 770 2850 bellicae)
798 2798 890 2844 xxii,
907 2802 928 2838 1
957 2797 1079 2849 gloria
1092 2798 1199 2851 Aga-

369 2848 585 2891 memnonis
621 2851 797 2903 (bellica,
830 2852 911 2890 reb.
947 2851 1051 2891 bello
1080 2852 1200 2904 gestis

369 2903 500 2958 parta)
534 2917 598 2950 xv,
617 2910 641 2945 5
688 2916 830 2957 magna
859 2905 1064 2943 Pausaniae
1101 2906 1155 2952 iv,
1173 2910 1198 2946 5

369 2957 458 2997 Sic:
503 2957 595 2996 belli
624 2964 734 3009 gesta
762 2957 996 2997 Hannibalis
1029 2958 1094 3011 (iu
1111 2958 1194 2998 Ms.

371 3007 533 3064 Boecl.)
562 3011 670 3058 xxiii,
701 3015 751 3051 13
785 3011 875 3051 belli
894 3011 1093 3063 imperitus
1122 3014 1202 3052 dux

368 3077 433 3112 xv,
452 3069 478 3106 7
524 3063 670 3116 peritus
715 3078 780 3112 xv,
807 3068 833 3105 3
875 3065 967 3104 belli
997 3065 1201 3105 inscientia

369 3131 434 3166 xv,
453 3122 479 3159 7
508 3125 666 3170 propter
689 3118 781 3158 belli
794 3118 1101 3166 diuturnitatem,
1129 3119 1199 3158 de·

370 3178 481 3210 sertae
513 3172 688 3225 regiones
724 3177 766 3211 et
795 3173 908 3212 urbes
956 3186 1019 3219 xx,
1039 3175 1064 3212 3
1109 3172 1200 3212 belli

370 3231 594 3275 praetextus,
631 3226 816 3265 auxilium
836 3224 1012 3266 hostibus
1032 3226 1153 3265 latum
1170 3225 1200 3273 i,

371 3280 412 3317 4.
437 3281 463 3316 7
506 3279 706 3329 ἐπίπληξις
755 3278 995 3331 impotentias
1039 3279 1201 3319 aliorum

370 3329 425 3376 vi,
442 3334 463 3368 1
493 3332 543 3368 ad
572 3332 665 3370 belli
683 3332 890 3371 utilitatem
909 3333 1077 3384 pertinet
1094 3332 1200 3372 velo-

371 3383 470 3422 citas
496 3396 560 3429 xv,
580 3387 605 3423 2
634 3385 736 3424 bello
755 3386 944 3425 anteferre
972 3400 1109 3439 pacem
1137 3400 1201 3433 xv,

372 3441 398 3476 5
427 3435 572 3475 bellum
590 3450 703 3489 agere
722 3439 839 3491 (opp.
856 3438 1071 3494 suscipere)
1096 3440 1203 3487 xxiii,

374 3494 420 3554 8.
447 3501 632 3543 apparare
664 3504 803 3543 magna
834 3493 1021 3532 industria
1066 3493 1158 3540 xvii,
1177 3498 1201 3534 3

1102 266 1309 309 INDEX

1293 403 1514 444 comparare
1534 394 1638 433 omni
1664 394 1813 434 ratione
1855 408 1894 442 x,
1921 398 1946 434 5
1993 402 2122 449 σσὴιρ.

1294 447 1476 486 adversus
1507 447 1601 500 aliq.
1652 448 1761 495 xviii,
1804 451 1829 488 7
1889 458 2125 501 componere

1294 499 1452 554 (pacem
1468 501 1618 555 facere)
1647 501 1740 549 xxii,
1760 505 1783 542 1
1826 501 2017 542 conficere
2034 515 2126 542 cnm

1297 554 1586 648 33⁰3ss
1597 554 2128 663 fgssffiffiffffifizss’t

1297 660 1492 713 insperato
1524 661 1603 701 fine
1620 662 1817 714 imposito,
1849 661 2025 701 hostibus
2054 661 2128 702 im·

1301 720 1398 766 petu
1415 715 1622 768 oppressis.
1649 715 1810 768 Boecl.)
1822 715 1924 763 vii,8
1943 714 2128 770 (Barthio

1301 767 1398 807 mira
1425 768 1572 807 locutio
1602 768 1842 823 videbatur.)
1858 769 2000 809 ducere
2052 775 2130 808 tra-

1301 821 1408 867 here,
1429 833 1652 872 permotam
1670 834 1816 874 gerere,
1831 834 1926 874 opp.
1958 834 2007 862 eo
2063 834 2130 862 ce·

1302 885 1359 920 re,
1377 874 1481 913 bello
1499 873 1722 921 decernere,
1739 874 1949 915 debellare.
1969 875 2130 928 Boeel.)

1302 925 1371 974 vii,
1390 930 1431 968 8.
1463 926 1542 974 xiv,
1570 931 1596 968 8
1623 928 1682 981 (ν.
1702 927 1776 967 inf.
1806 926 1973 977 ducere)
1999 928 2128 968 faeere

1302 979 1421 1020 alicui
1437 979 1618 1034 (inferre)
1637 995 1675 1028 x,
1690 985 1731 1022 4.
1750 981 1841 1029 xvii,
1859 985 1886 1022 2
1929 980 2016 1035 (Sic
2044 981 2134 1022 cic.

1301 1037 1329 1074 6
1357 1034 1470 1074 Verr.
1510 1039 1552 1074 et
1569 1034 1686 1076 catil.
1712 1039 1752 1076 2.
1789 1034 1916 1075 Tacit.
1939 1034 2047 1074 Ann-
2074 1034 2135 1083 iii,

1307 1090 1373 1134 18,
1392 1091 1414 1128 1
1424 1085 1522 1139 ὅτε.)
1536 1101 1666 1140 gerere
1673 1089 1855 1129 adversus
1866 1087 2134 1141 aliquemcnm

1304 1140 1437 1194 aliquo
1466 1139 1532 1188 xii,
1551 1146 1576 1182 3
1598 1142 1666 1194 (v.
1687 1141 1798 1196 eum)
1819 1143 1861 1182 in
1879 1141 2051 1195 aliquem
2077 1141 2133 1188 vi,

1307 1198 1330 1234 1
1360 1194 1501 1235 inferre
1519 1195 1636 1235 alicui
1653 1202 1751 1236 terra
1769 1202 1811 1236 et
1827 1195 1922 1235 mari
1939 1195 2017 1243 xxi,
2037 1198 2060 1236 1
2090 1194 2133 1234 in

1305 1247 1463 1287 Italiam
1504 1248 1598 1296 xxii,
1627 1253 1666 1290 4.
1692 1248 1736 1297 ii,
1771 1253 1798 1290 2
1844 1249 1997 1288 bellum*
2031 1248 2134 1288 clam

1305 1314 1440 1353 parare
1458 1302 1575 1342 alicui
1587 1305 1830 1355 (comparare
1843 1301 2048 1366 adversus)
2064 1300 2136 1349 vii,

1306 1359 1333 1395 9
1361 1368 1550 1395 renovare
1578 1356 1637 1404 iii,
1654 1361 1694 1397 2.
1740 1356 1834 1403 xxii,
1871 1360 1887 1396 1
1939 1368 2136 1408 suscipere

1307 1409 1491 1448 adversus
1508 1410 1677 1461 aliquem
1704 1409 1782 1457 xiv,
1799 1415 1826 1450 8
1866 1409 1971 1450 bello
1987 1408 2134 1448 exerci-

1308 1468 1412 1501 tatus
1439 1476 1504 1509 xv,
1523 1468 1547 1502 5
1577 1469 1754 1502 strenuus
1781 1463 1848 1509 xii,
1867 1467 1890 1503 1
1920 1461 2137 1516 superiores

1307 1515 1375 1562 vii,
1393 1519 1420 1556 4
1462 1515 1668 1555 devincere
1685 1522 1807 1555 totam
1834 1516 1999 1555 insulam
2025 1515 2095 1563 xii,
2109 1519 2137 1556 2

1308 1569 1488 1620 persequi
1519 1569 1670 1621 aliquos
1698 1570 1751 1616 ix,
1780 1574 1821 1610 4.
1847 1570 1927 1617 xvi,
1945 1574 1983 1619 57
2014 1570 2138 1622 premi

1310 1622 1483 1673 undique
1511 1623 1632 1669 xiii,a
1661 1621 1830 1674 opprimi
1874 1623 1954 1671 xiv,
1972 1625 2000 1663 9
2045 1623 2138 1662 sub-

1309 1674 1414 1767 iffi?
1425 1674 1906 1771 {szssffin‘ssss‘ffllffiffifi
1921 1676 2136 1782 ¹b0⁵2¹1¹1<¹5⁶112⁰

1851 1757 1863 1776 ‚
2121 1751 2139 1760 -

1311 1782 1405 1821 ritur
1435 1795 1511 1834 pax
1555 1795 1620 1830 xv,
1637 1787 1662 1822 5
1706 1795 1731 1821 a
1758 1781 1862 1822 bello
1879 1791 2042 1824 avocare
2069 1782 2141 1823 ali·

1310 1848 1443 1887 quem,
1459 1835 1557 1875 ibid.
2011 1855 2013 1858 ·

1257 1889 1372 1929 Bella
1389 1894 1499 1942 gesta
1514 1888 1748 1929 Hannibalis
1775 1888 1884 1937 xxiii,
1908 1893 1960 1931 13
2001 1887 2099 1944 (nisi
2115 1902 2139 1930 e

1309 1943 1394 1984 Ms.
1413 1942 1550 1983 Boeel.
1581 1944 1657 1995 leg.
1687 1942 1802 1996 belli)
1821 1943 1874 1982 ad
1904 1943 2140 1983 internecio-

1311 2010 1402 2036 nem
1428 1997 1536 2044 xviii,
1550 2001 1574 2037 3
1617 1996 1804 2036 bellorum
1821 1997 1942 2037 duces
1987 1996 2093 2045 xxiV,
2113 2001 2140 2039 ⁸

1311 2050 1414 2090 bella
1431 2050 1554 2090 multa
1571 2049 1837 2090 administrare
1866 2050 1933 2098 xii,
1951 2053 1979 2090 2

1257 2104 1412 2144 Bellare
1437 2104 1482 2151 ii,
1497 2109 1521 2144 6
1551 2105 1733 2144 adversus
1751 2104 1920 2156 aliquem
1937 2103 1980 2150 ii,
1996 2106 2024 2144 9
2050 2115 2141 2143 cum

1312 2157 1444 2210 aliquo
1489 2171 1554 2204 xx,
1573 2163 1613 2198 2.
1642 2156 1724 2205 xxi,
1741 2161 1768 2198 2
1813 2157 1944 2197 animo
1961 2158 2053 2196 ‘cum
2070 2156 2143 2196 ali-

1311 2224 1391 2263 quo
1432 2210 1492 2264 (v.
1523 2209 1694 2263 animus)
1739 2210 1847 2258 xxiii,
1883 2214 1907 2252 1
1954 2209 2142 2252 bellatum

1311 2265 1463 2303 mittere
1481 2265 1650 2317 aliquem
1677 2264 1732 2311 ix,
1749 2268 1776 2304 2

1257 2316 1482 2356 Bellicosus
1521 2315 1805 2370 (πολεμιωνὴς)
1861 2330 1927 2364 xx,
1958 2320 1987 2357 2
2026 2315 2142 2356 belli-

1311 2381 1413 2409 cosae
1429 2370 1608 2410 nationes
1643 2370 1751 2416 xxiii,
1771 2373 1823 2410 10
1849 2369 1904 2422 (si
1933 2375 2064 2410 tamen
2081 2369 2142 2408 in-

1311 2429 1420 2484 teger
1436 2430 1497 2462 est
1513 2422 1646 2476 locus)
1679 2422 1981 2463 bellicosissimae
2005 2429 2142 2476 gente·

1312 2477 1405 2525 xxii,
1424 2479 1451 2516 4

1259 2529 1371 2569 Bene
1419 2530 1529 2582 (cum
1564 2537 1660 2569 nota
1710 2529 2030 2582 approbationis:
2086 2528 2145 2568 ita

1263 2615 1265 2617 .
1314 2582 1443 2622 Graec.
1461 2596 1572 2622 snum
1591 2585 1735 2625 καλῶς.
1752 2583 1912 2633 Boecl.)
1939 2583 2022 2630 viii,
2040 2586 2069 2624 4

1260 2636 1462 2677 Beneficio
1498 2636 1630 2689 aliquo
1662 2637 1722 2677 uti
1766 2650 1855 2683 xxv,
1882 2641 1908 2678 8
1953 2635 2146 2677 beneficia

1314 2691 1493 2743 accipere
1519 2704 1609 2738 xxv,
1630 2695 1680 2732 11
1702 2691 1934 2737 meminisse,
1949 2698 2147 2742 praecepta

1314 2743 1478 2784 retinere
1496 2745 1693 2791 memoria,
1712 2743 1809 2786 ibid.
1838 2744 2018 2791 tribuere,
2046 2742 2146 2784 ibid.

1261 2797 1372 2838 Bene
1382 2797 1507 2838 meriti
1520 2798 1607 2851 (qui
1621 2796 1733 2837 nobis
1747 2797 1911 2837 benefic.
1925 2796 2146 2852 contulere)

1315 2851 1424 2899 xviii,
1443 2855 1470 2892 6

1262 2900 1545 2944 Benevolentia
1562 2903 1706 2944 civium
1737 2904 1828 2958 (pro
1860 2902 2088 2956 pignoribus
2105 2910 2148 2943 et

1317 2958 1542 2998 document.
1590 2956 1791 3010 benevol.)
1818 2957 1886 3004 vii,
1905 2961 1932 2998 6
1976 2957 2149 2997 benevo-

1316 3010 1477 3051 lentiam
1519 3024 1700 3064 magnam
1752 3009 1919 3063 alicujus
1957 3010 2147 3062 consequi

1314 3064 1393 3111 xiv,
1412 3070 1436 3105 5
1478 3064 1751 3104 benevolentia
1778 3070 1924 3113 tenere,
1951 3065 2059 3117 quod
2079 3063 2147 3104 alii

1315 3117 1478 3170 imperio
1510 3131 1574 3164 xx,
1594 3123 1619 3158 3

1263 3170 1494 3222 Benignitas
1543 3170 1837 3226 (beneficentia,
1885 3170 1938 3211 de
1970 3170 2145 3224 prestito

1317 3224 1483 3278 auxilio)
1511 3239 1577 3272 xx,
1595 3229 1622 3265 2
1872 3222 1877 3225 “

1263 3279 1408 3318 Bestias
1435 3279 1526 3318 ferae
1557 3278 1822 3332 (comparatus
1851 3283 1989 3329 captus
2003 3274 2146 3330 hostis)

1317 3333 1394 3380 xiv,
1415 3335 1439 3373 3
1468 3332 1536 3387 (ut
1553 3333 1665 3382 alibi)
1682 3331 1787 3373 leoni
1813 3331 1920 3377 xviii,
1941 3334 1991 3370 11

1264 3385 1431 3439 Bithyni
1450 3386 1610 3439 (incolae
1628 3387 1720 3426 Bith
1751 3383 1850 3437 niae)
1885 3382 1989 3429 xxiii,
2007 3386 2056 3423 11

1265 3439 1457 3492 Bithynia
1473 3440 1692 3493 (provincia
1708 3399 1815 3479 Xsiae
1833 3435 2012 3491 minoris)
2039 3435 2146 3484 xxiii,
