2306 3900
919 251 1330 292 FRAGMENTA.

202 380 323 410 usum
353 381 440 409 non
460 369 619 420 fuisse3
647 368 722 409 sed
745 367 924 408 materie
957 365 1086 407 infor-

204 433 261 473 mi
281 433 454 475 domum
476 439 628 488 tegere
648 432 815 483 solitos,
847 436 1001 472 auctor
1019 435 1089 471 est

201 496 393 540 Tacitus.
447 499 608 541 culmis
624 498 752 538 etiam
782 501 901 537 tecta
919 495 1088 536 concin-

202 565 381 614 narunt,
399 561 514 602 unde
532 559 715 601 culmina.
755 560 922 600 Seneca
932 557 984 598 ad
1003 558 1087 598 Lu·

203 623 375 665 cilium:
426 623 440 646 ⁴
461 623 622 664 Culmis
652 622 813 662 liberos
849 620 976 670 texit,
1011 619 1088 660 sub

203 697 414 727 marmore
429 692 562 739 atque
576 699 678 727 auro
697 687 881 727 servitus
893 684 1088 726 habitat:

204 749 357 791 Sem.
410 749 525 790 Vide
562 750 692 790 etiam
723 747 1012 790 Stewechium
1045 747 1090 787 in

204 819 483 855 commentar.
512 813 566 855 ad
584 815 832 867 Vegetium.

260 877 421 930 lineus]
453 877 646 918 Plinius:
679 888 757 918 eas.
792 875 1003 928 Loquitur
1020 886 1092 915 au-

205 945 292 981 tem
331 941 386 981 de
437 940 576 981 lineis.
646 938 925 981 Continentia
959 938 1092 980 verba

206 1004 353 1056 paullo
372 1005 498 1045 aliter
518 1004 635 1056 apud
655 1003 836 1044 eundem
858 1003 1089 1055 leguntur:

208 1066 330 1107 Hunc
354 1071 425 1107 aut
452 1068 584 1107 eodem
618 1066 773 1107 nemim
798 1065 921 1106 alium
946 1064 1094 1118 fuisse,

206 1142 320 1183 quem
349 1132 476 1172 tradit
515 1132 637 1172 Corn.
675 1131 810 1183 Nepos
847 1135 1018 1171 secutum
1048 1130 1093 1170 in

207 1194 370 1236 Italiam
404 1195 674 1247 Demaratum,
705 1196 774 1246 ὅγε.
806 1194 903 1245 sug.
935 1206 961 1233 α
998 1193 1091 1234 Cor.

205 1256 331 1306 infer.
362 1259 519 1311 Cypseli
538 1258 716 1311 tyranni,
744 1270 836 1298 mox
860 1250 1091 1297 docebimus.

208 1319 247 1358 E
283 1319 437 1373 quibus
469 1327 670 1373 apparet,
703 1321 921 1372 Nepotem
955 1320 1091 1360 solum

208 1381 385 1434 dixisse,
421 1383 734 1434 Cleophantum
767 1381 981 1435 quendam
1012 1381 1092 1421 Co·

207 1444 410 1485 rinthium
443 1450 637 1486 secutum
659 1446 702 1485 in
734 1445 907 1486 Italiam
934 1446 1094 1486 Dema·

207 1513 365 1560 ratum,
383 1511 465 1549 διο.
484 1515 632 1549 cetera
649 1508 783 1549 Plinii
801 1513 914 1549 sunt.
947 1508 1094 1551 Quare

206 1570 278 1611 vel
296 1576 412 1612 totus
440 1572 557 1612 locus
586 1571 875 1612 recensendus
893 1577 1006 1623 erat,
1025 1571 1094 1611 vel

211 1632 287 1675 illa
319 1641 390 1676 unt
425 1638 558 1676 eodem
594 1635 748 1675 nornine
792 1635 913 1675 alium
952 1634 1096 1687 filisu,

209 1698 466 1739 omittenda.
496 1699 658 1739 Rosius.

266 1761 447 1812 Adiecit]
487 1761 664 1801 Plenius
689 1759 808 1801 Edit.
826 1760 1009 1801 Dalech.
1027 1762 1095 1801 ad·

199 1823 300 1873 jecit
317 1824 419 1863 idem
441 1825 583 1875 Nepos.
637 1823 726 1864 Sed
758 1828 979 1875 postrema
1009 1823 1095 1863 duo

208 1886 421 1927 vocabula
437 1887 631 1939 Scaliger
649 1886 851 1938 castigat.
871 1886 913 1925 in
933 1886 1095 1927 Catull.

212 1961 312 2003 pag.
332 1953 399 1991 32.
428 1951 633 2003 glossema
653 1954 795 2002 putat.
843 1950 984 1991 Quam
999 1960 1099 1989 con-

203 2013 422 2065 jecturam
455 2012 599 2053 firmat
630 2013 714 2053 Ms.
748 2011 854 2052 Cod.
885 2012 955 2064 qui
983 2012 1096 2064 lege-

211 2077 313 2117 bat:
343 2076 588 2128 addiditque,
605 2075 888 2127 cumprimum,
905 2077 972 2127 qv.
1002 2075 1098 2116 Cae·

213 2143 356 2180 terum
386 2138 502 2191 apud
533 2139 723 2178 Plinium
755 2138 950 2191 quaedam
968 2137 1099 2178 inter-

204 2202 372 2254 jacent,
389 2214 486 2255 quae
516 2202 720 2243 Schottus
751 2202 908 2243 omisit.
954 2202 1098 2243 Etiam

211 2264 336 2316 illud,
365 2268 432 2304 αιιι
449 2264 636 2315 Iamensi,
667 2265 752 2305 Ms.
771 2263 938 2316 aberat,
955 2269 1000 2305 et
1021 2276 1099 2316 pro

210 2341 233 2368 e
253 2330 437 2382 Carystio
466 2328 695 2382 legebatur
722 2341 748 2369 a
782 2330 962 2381 Carysto.
996 2329 1098 2370 Bos.

211 2392 381 2434 Schott.

218 2475 223 2478 ⁴
261 2465 327 2496 xi.
346 2455 469 2495 AE'des
482 2453 653 2506 Martis]
669 2455 786 2496 Edit.
801 2455 978 2496 Putseh.
990 2457 1100 2508 oedis,

215 2518 425 2570 ἆρχαῖκῶς.
452 2518 613 2558 Rosius.

268 2579 565 2631 Architectata]
604 2579 676 2620 Sic
708 2585 755 2620 et
785 2581 798 2603 ‘
826 2580 1100 2633 machinata,'

217 2646 451 2693 παθητικῶς.
515 2643 743 2684 Sallustius
786 2643 903 2685 Hist.
942 2644 1014 2685 lib.
1051 2656 1102 2686 11.

214 2708 226 2729 ‘
248 2706 310 2747 At
329 2706 552 2747 Lucullum
586 2706 700 2758 regis
728 2717 833 2746 cura
859 2707 1102 2748 machinata

216 2769 350 2811 fames
382 2769 500 2810 brevi
532 2767 777 2821 fatigabat!
831 2769 918 2811 Sed
947 2769 1002 2810 de
1035 2771 1102 2811 his

216 2845 346 2885 supra
366 2831 419 2873 ad
440 2832 579 2884 Epist.
608 2832 754 2872 dicere
780 2832 966 2874 memini.
1021 2832 1103 2874 Ar-

216 2894 398 2937 chitecti
419 2907 522 2936 vero
543 2894 804 2936 Hermodori
830 2895 892 2936 sic
911 2895 1105 2937 meminit

216 2959 440 3000 Vitruvius
479 2958 724 2999 Architect.
746 2969 817 2999 ιιι.
849 2963 887 3000 l.
915 2959 927 2982 ‘
945 2959 1103 3002 Quem·

219 3021 446 3061 admodum
465 3026 534 3061 est
553 3022 593 3060 in
614 3021 782 3072 porticu
796 3022 966 3062 Metelli
981 3023 1104 3065 Jovis

222 3083 409 3124 Statoris
421 3083 709 3124 Hermodori!
719 3090 767 3125 ιιι
779 3084 981 3126 emendat
994 3085 1103 3125 Tur·

221 3145 355 3187 nebus
375 3145 557 3188 Advers.
578 3147 654 3189 lib.
670 3159 735 3189 xi.
757 3153 798 3189 2.
844 3149 1044 3190 Meminit
1059 3154 1105 3189 et

221 3209 289 3250 M.
306 3210 473 3251 Tullius
492 3211 547 3251 de
568 3210 695 3253 Orat.
712 3212 788 3254 lib.
803 3222 837 3252 ι.
867 3212 1023 3253 Senon.

275 3274 369 3313 Non
380 3272 565 3325 amplius]
580 3273 725 3314 Verba
738 3274 938 3315 Suetonii
951 3287 962 3315 ι
977 3274 991 3296 ‘
1005 3274 1104 3316 Nou

220 3336 404 3388 amplius
423 3347 518 3376 eum
536 3341 604 3376 ter
615 3335 766 3377 bibere
783 3337 955 3377 solitum
975 3348 1105 3389 super

222 3409 385 3439 coenam
398 3399 440 3439 iu
457 3400 611 3440 castris
626 3399 740 3452 apud
753 3399 864 3440 Mut.
881 3399 1105 3440 Cornelius

224 3461 373 3513 Nepos
387 3462 551 3503 tradit!
574 3463 730 3504 Rosius.
758 3463 914 3504 Similis
929 3462 1105 3515 Vopisci

1924 239 2032 292 717

1151 367 1205 407 de
1223 368 1374 409 Tacito
1389 367 1502 421 Imp.
1515 368 1634 409 locus
1650 381 1663 408 ι
1690 367 1703 392 ‘
1722 367 1822 409 Fuit
1838 368 1926 410 vita
1941 382 2037 423 par-

1151 431 1360 483 cissimus,
1388 431 1451 472 ita
1479 436 1527 472 nt
1556 430 1792 472 sextarium
1822 431 1912 473 vini
1943 438 2037 474 tota

1151 493 1222 533 die
1241 506 1456 547 nunquam
1482 493 1732 547 potaverit!
1785 496 2036 537 Eustathius

1151 557 1208 598 de
1250 557 1447 599 Ismeniae
1489 571 1540 600 ac
1572 559 1764 599 Ismenes
1805 559 2038 611 amoribus,

1150 620 1262 661 libro
1281 632 1348 662 lv.
1376 620 1453 662 Καὶ
1471 620 1573 672 μετὰ
1589 620 1727 674 τρίτην
1743 620 1857 661 πόσιν
1883 620 1950 661 καὶ
1972 636 2039 662 τε-

1151 682 1300 737 τάρτην
1324 684 1389 724 καὶ
1406 686 1643 726 πολυτελεῖς
1667 685 1740 726 τὰς
1752 685 1900 738 τρυφὰς
1917 683 2036 726 abero

1152 746 1200 787 τὸ
1213 746 1441 798 συμπόσιον.
1468 749 1736 790 Keuchenius.

1207 811 1258 852 In
1289 816 1466 853 extrema
1498 812 1726 854 Britannia
1746 811 1882 866 parte]
1910 813 2037 867 Saepe

1151 876 1419 929 multumque
1450 876 1664 924 dubitavi,
1695 876 1785 917 utri
1821 876 2041 928 Cornelio,

1153 939 1319 992 Nepoti
1336 951 1408 993 ne,
1427 952 1480 980 an
1504 940 1673 992 Tacito,
1689 940 1809 993 cujus
1827 940 2040 994 hodieque

1154 1001 1363 1055 Annales,
1401 1002 1508 1044 lieet
1544 1003 1704 1056 mutili,
1747 1003 1794 1043 in
1842 1002 2038 1044 manibus

1154 1065 1377 1107 doctorum
1413 1066 1630 1107 hominum
1667 1071 1909 1118 versantur,
1945 1066 2039 1107 haee
2071 1115 2076 1119 ,

1154 1129 1329 1170 daremz
1359 1129 1437 1170 sed
1456 1129 1559 1170 dum
1591 1129 1788 1181 insulam,
1819 1141 1915 1170 oras
1944 1130 2041 1171 Bri-

1155 1192 1312 1233 tanniae
1329 1192 1532 1245 legendo,
1557 1202 1674 1244 saepe
1692 1192 1824 1233 etiam
1844 1193 1889 1232 in
1905 1193 2040 1233 altum

1156 1259 1352 1306 evectus,
1379 1255 1612 1308 diligenter
1629 1255 1859 1308 investigo,
1878 1257 2041 1296 Monam

1155 1317 1326 1371 quidem
1362 1316 1520 1359 Annal.
1548 1329 1646 1360 xiv,
1673 1323 1720 1359 et
1748 1319 1791 1359 in
1823 1317 2040 1371 Agricolae

1155 1381 1246 1421 vita
1279 1382 1451 1432 reperi:
1508 1383 1696 1422 Memmoe
1732 1394 1853 1433 vero,
1891 1382 2042 1423 velut

1155 1444 1226 1484 alii
1285 1444 1400 1497 libri,
1458 1446 1619 1497 Minioe,
1663 1457 1745 1486 nec
1808 1446 1906 1486 vola
1959 1458 2041 1486 nee

1155 1506 1400 1560 vestigium.
1462 1508 1709 1561 Xiphilinu's
1740 1521 1844 1549 vero
1877 1521 1932 1550 ex
1968 1509 2043 1549 Di-

1154 1582 1254 1623 one,
1286 1572 1608 1625 Britannorum,
1635 1573 1790 1626 inquit,
1825 1573 1911 1614 duo
1943 1580 2045 1614 sunt

1157 1645 1332 1686 genera,
1359 1634 1584 1675 Caledonii
1609 1640 1655 1676 et
1685 1636 1876 1677 Maeatae.
1933 1636 2043 1679 Quae

1156 1708 1241 1737 vox
1260 1696 1435 1738 Μαιάται
1462 1710 1488 1739 a
1506 1699 1632 1740 Mona
1662 1699 1834 1752 longius
1864 1699 2046 1742 recedit.

1156 1759 1303 1802 Quare
1337 1760 1381 1800 in
1416 1772 1510 1801 eam
1544 1763 1643 1802 veni
1680 1763 1959 1816 sententiam,
1995 1770 2046 1803 ut

1158 1827 1308 1863 nostro
1328 1823 1658 1865 adscribendum
1677 1837 1924 1876 censerem3
1944 1826 2046 1866 dum

1158 1886 1369 1927 alteruter
1383 1899 1408 1927 e
1423 1888 1616 1928 tenebris
1631 1888 1800 1939 integer
1813 1895 2046 1942 appareat:

1161 1954 1208 1988 et
1229 1949 1426 1990 Chronica
1444 1950 1611 2002 Nepos,
1636 1955 1685 1991 ιιι
1702 1949 1809 2003 dixi,
1828 1953 2047 2003 conscrip-

1161 2012 1246 2062 sit;
1274 2023 1382 2064 quos
1415 2012 1550 2053 libros
1577 2011 1761 2053 fortasse
1779 2013 1948 2054 Gothus
1973 2014 2047 2055 ille

1160 2074 1422 2126 Jornandes,
1449 2075 1541 2116 sive
1560 2075 1596 2115 is
1613 2074 1829 2117 Jordanus
1848 2082 1932 2128 est,
1963 2077 2048 2117 An-

1161 2138 1269 2179 nales
1298 2138 1500 2187 vocavit3
1541 2143 1730 2191 secutus,
1756 2144 1806 2178 ιιι
1840 2139 2048 2192 suspicor,

1158 2202 1330 2255 aliquot
1344 2202 1624 2244 Gothicarum
1637 2212 1780 2242 rerum
1791 2201 2050 2254 Scriptores,

1162 2277 1341 2318 quorum
1362 2270 1522 2318 praeter
1540 2276 1693 2306 nomen
1711 2265 1853 2317 inane,
1869 2265 1975 2305 nihil
1993 2265 2048 2306 ad

1161 2339 1240 2368 nos
1276 2327 1499 2379 pervenit:
1544 2327 1903 2380 quemadmodum
1938 2327 2049 2369 libro

1163 2392 1310 2445 priore
1330 2392 1572 2445 Epitomam
1597 2393 1715 2433 illam
1735 2393 1784 2433 L.
1803 2391 1959 2434 Annaei
1974 2394 2050 2435 Se·

1162 2467 1302 2507 necae,
1316 2468 1412 2509 quae
1429 2456 1555 2508 vulgo
1571 2458 1621 2498 L.
1636 2456 1768 2498 Floro
1782 2457 2051 2511 attribuitur,

1163 2519 1440 2570 exscripsisse
1458 2518 1698 2560 observavi.
1725 2519 1877 2560 Schott.

1221 2582 1380 2622 cornel.
1396 2582 1516 2622 etiam
1529 2582 1743 2623 Annalium
1760 2582 1950 2634 scriptor]
1971 2583 2049 2623 As-

1163 2644 1329 2685 sentior
1343 2645 1524 2685 Schotto
1541 2649 1587 2685 et
1602 2644 1909 2698 Lindebrogio,
1925 2645 2051 2687 Corn.

1163 2708 1357 2748 Tacitum
1377 2707 1621 2760 significari.
1659 2709 1773 2749 Nam
1792 2720 1847 2749 ex
1861 2720 1915 2749 eo
1933 2720 2052 2761 mag-

1165 2781 1262 2810 nam
1281 2777 1450 2823 partem
1479 2771 1588 2812 hanc
1622 2772 1912 2813 narrationem
1946 2772 2049 2813 liau-

1164 2838 1273 2874 stam
1291 2846 1404 2886 esse,
1426 2836 1495 2875 vel
1516 2835 1589 2876 illa
1606 2834 1735 2876 fidem
1752 2834 1936 2887 faciunt,
1955 2849 2051 2891 quae

1165 2897 1409 2940 Jornandes
1424 2898 1619 2951 subjicit:
1638 2898 1651 2921 ⁴
1669 2898 1854 2939 Silurum
1871 2899 2054 2940 colorati

1166 2961 1324 3013 vultus,
1355 2967 1472 3003 torto
1500 2962 1694 3016 plerique
1722 2963 1843 3003 crine
1862 2968 1909 3002 et
1927 2963 2052 3015 nigro

1166 3031 1412 3066 nascuntur.
1473 3025 1752 3067 Caledoniam
1795 3037 1900 3066 vero
1936 3026 2055 3066 inco-

1166 3087 1356 3128 lentibus
1384 3088 1524 3129 rutilae
1558 3099 1709 3138 comae,
1736 3098 1920 3139 corpora
1938 3098 2053 3138 mag·

1166 3151 1253 3203 nn,'
1273 3154 1355 3193 διο.
1402 3151 1530 3202 Quae,
1565 3156 1612 3191 et
1631 3151 1712 3190 alia
1732 3149 1943 3191 Jomandi
1962 3149 2054 3191 dic-

1167 3220 1228 3264 ta,
1255 3225 1380 3265 paene
1401 3213 1582 3253 totidem
1612 3211 1755 3253 verbis
1781 3211 1824 3252 in
1845 3210 2054 3265 Agricola

1165 3277 1314 3317 Taciti
1333 3277 1551 3328 leguntur.
1608 3275 1719 3315 Vide
1738 3286 1834 3316 eum
1865 3287 1964 3328 cap.
1985 3280 2053 3318 lo.

1166 3346 1211 3379 et
1231 3338 1525 3392 sequentibus.
1581 3338 1819 3391 Perper-um
1838 3338 1970 3392 igitur
1989 3339 2053 3378 in-

1168 3406 1237 3442 ter
1265 3403 1528 3454 Fragmenta
1554 3401 1741 3456 Nepotis
1772 3402 1910 3443 relata
1938 3408 2051 3443 suut.

1167 3465 1266 3505 Bos.
