2306 3900
0 576 24 713 '‘qq-'⁸¹¹2‘
0 378 18 555 repas-xv<¹
0 349 6 354 ·
0 272 9 302 ,ἡ

703 252 817 291 ΧΠ.
878 250 1230 303 GHABRIAM,
1271 250 1408 289 cAP.
1445 237 1497 289 2.
1907 233 2015 288 549

187 381 268 423 ego
298 371 556 423 explicatius
588 369 712 411 dabo.
763 369 929 410 Milites
960 369 1068 410 Cha-

187 432 296 473 briae
344 433 502 474 obnixo
547 444 659 485 genu
706 437 831 471 scuto
869 425 1069 483 protensa

187 496 312 536 hasta
340 496 527 546 stabant,
559 499 608 535 ut
626 495 676 534 eo
693 494 957 534 commodius
978 494 1069 533 hos·

187 560 273 600 tilis
292 558 528 611 ,phalangis
565 557 772 610 impetum
815 557 1070 609 exciperent

188 627 235 662 et
253 622 512 662 sustinerent
531 634 541 660 :
571 620 680 673 quod
696 620 826 660 etiam
842 619 1070 671 Polyaenus

189 683 308 725 dicto
345 684 437 725 loco
473 682 712 724 confirmat.
767 684 919 723 Triarii
965 696 1069 724 vero

183 747 372 788 Romani
393 759 506 799 genu
526 746 679 786 dextro
708 746 858 796 innixi,
894 746 1070 787 sinistro

189 823 313 852 crure
331 810 548 863 porrecto,
563 817 685 850 scuta
703 810 850 850 innixa
868 811 1071 863 humeris,

186 875 331 915 hastas
362 873 440 914 sub
471 878 620 913 erecta
653 872 832 924 cuspide
866 873 909 912 in
956 878 1071 913 terra

187 937 296 978 fixas
317 941 530 988 tenentes,
565 936 643 977 sub
677 936 843 976 vexillis
878 937 1071 978 conside-

187 991 319 1044 bant:
349 1002 449 1042 dum
465 1002 531 1041 vel
544 1000 716 1052 hastati,
734 999 806 1053 qui
823 1000 949 1053 primi
965 1013 1071 1053 pug-

187 1079 287 1107 nam
320 1066 501 1113 inibant,
534 1065 602 1104 vel
636 1064 873 1116 principes,
899 1064 970 1117 qui
1005 1076 1071 1104 ro-

187 1129 391 1171 bustioris
410 1129 550 1169 aetatis
569 1134 615 1168 et
632 1140 657 1167 a
689 1127 899 1180 principio
918 1128 1071 1180 gladiis

189 1192 455 1246 pugnabant,
486 1204 582 1233 cum
617 1192 739 1231 hoste
775 1189 1067 1231 dimicabant:

189 1255 369 1310 quorum
397 1254 585 1295 subsidio
613 1253 743 1294 tertio
763 1253 910 1293 ordine
926 1253 1071 1305 dispo-

188 1317 262 1359 siti
283 1322 422 1368 erant,
441 1323 487 1358 et
506 1317 550 1356 in
569 1327 716 1356 eorum
745 1315 882 1355 vicem
909 1316 1070 1356 locum-

190 1393 274 1435 que
317 1380 472 1434 parati.
540 1380 584 1420 Si
630 1379 744 1431 apud
782 1378 972 1419 hastatos
1019 1391 1070 1420 ac

186 1445 407 1497 principes
426 1455 578 1496 parum
599 1454 805 1495 prospere
833 1447 1070 1495 pugnatum

186 1512 317 1559 esset,
343 1513 446 1548 tuuc
474 1505 645 1546 demum
672 1505 805 1546 triarii
835 1506 891 1546 ad
919 1511 1070 1547 nutum

188 1572 312 1612 ducis
339 1570 654 1622 consurgebant
680 1569 735 1609 ad
765 1569 1041 1621 pugnandum
1053 1576 1070 1620 ’;

188 1632 348 1678 Triarii
374 1635 486 1676 enim
502 1638 628 1675 erant
646 1633 840 1674 veterani
856 1637 1069 1685 spectatae

187 1699 443 1754 virtutis‚‘ad
453 1697 567 1752 ‘quos'
575 1697 702 1737 rebus
716 1695 853 1737 ferme
869 1695 1071 1747 despera-

187 1763 243 1804 tis
261 1764 382 1804 velut
401 1762 456 1803 ad
483 1766 721 1802 extremum
740 1757 975 1799 subsidium
1003 1770 1071 1799 re-

189 1816 428 1878 fugiebant,
454 1831 504 1865 ut
530 1824 735 1865 observat
761 1822 946 1875 Dionys.
982 1823 1072 1863 Ha-

190 1890 411 1930 licarnass.
449 1887 599 1941 Antiq.
617 1888 742 1928 Rom.
761 1898 803 1928 v.
824 1891 887 1927 15.
907 1892 952 1929 et
965 1898 1068 1928 vm.

191 1955 261 1993 98.
309 1951 419 1992 Inde
438 1951 449 1973 ‘
466 1963 554 1990 rem
584 1950 638 1991 ad
666 1950 837 1991 triarios
863 1951 1070 2002 rediisse,’

190 2027 289 2055 cum
307 2014 542 2065 laboratur,
580 2014 811 2066 proverbio
841 2015 1070 2067 increbuit,

190 2078 241 2119 ut
259 2083 421 2131 'praeter
442 2077 635 2130 Lipsium
664 2078 885 2119 Valtrinus
910 2078 966 2119 de
993 2078 1072 2118 mi·

190 2142 253 2183 lit.
287 2143 339 2184 R.
367 2147 465 2184 v.3.
505 2143 648 2184 docet.
702 2143 812 2184 Haec
846 2155 951 2197 ergo
983 2149 1071 2184 tam

190 2206 395 2248 distincta
413 2212 459 2248 et
477 2206 648 2246 diversa
667 2205 876 2247 confundi
894 2218 978 2247 non
997 2206 1071 2247 de-

190 2265 316 2321 bent,
345 2282 426 2310 nec
460 2270 638 2310 alterum
673 2269 726 2310 ab
760 2269 898 2311 altero
939 2269 1071 2311 dedu-

187 2333 242 2374 ci.
271 2334 388 2375 Locc.
415 2348 420 2353 ·
775 2344 778 2346 ’

244 2397 497 2450 Proca-taque
513 2396 645 2449 hana]
674 2397 722 2437 Si
734 2397 854 2437 locus
872 2396 1070 2437 emenda·

189 2463 259 2500 tus
277 2465 346 2500 est
373 2459 442 2514 (ut
457 2460 558 2500 mihi
574 2459 746 2513 quidem
774 2458 965 2514 videtur)
978 2473 1071 2512 pro-

179 2524 290 2575 jecta
322 2525 510 2577 positum
540 2537 620 2577 pro
646 2529 842 2578 porrecta,
875 2537 953 2566 seu
980 2530 1073 2566 ante

188 2592 332 2640 erecta,
348 2586 666 2641 πρθβεβλημένης
695 2587 869 2630 ἀσπίδος.
913 2589 1070 2630 Sic-Si-

191 2652 410 2693 sennalib.
426 2663 480 2694 11.
494 2653 610 2705 apud
624 2652 895 2693 Macrobium
914 2652 988 2694 lib.
1006 2664 1071 2695 vr.

190 2717 231 2756 4.
259 2716 273 2737 ‘
289 2715 422 2755 scutis
447 2715 681 2767 projectis!
737 2716 860 2756 Idem
879 2718 891 2739 ‘
910 2715 1074 2768 projec-

192 2778 249 2819 tis
266 2777 422 2819 ramis.’
443 2779 506 2819 M.
522 2778 685 2819 Tunius
706 2778 760 2818 de
778 2778 935 2831 signis:
966 2779 978 2801 ‘
995 2778 1072 2819 sed

193 2842 308 2896 quod
341 2847 437 2883 erat
472 2842 681 2894 ejusmodi
716 2843 825 2894 loco,
854 2847 984 2896 atque
1008 2843 1074 2884 ita

190 2905 388 2958 projecta
404 2906 446 2946 iu
466 2904 628 2957 altum‚'
659 2907 740 2946 stc.
766 2905 948 2946 Lambiu.
1004 2906 1072 2947 Ia-

188 2970 384 3022 bolenus,
415 2969 528 3022 quod
563 2969 617 3010 ad
649 2969 764 3011 vocis
795 2969 1073 3022 significatio·

191 3046 289 3074 nem
306 3034 480 3084 attinet,
500 3034 549 3074 L.
569 3034 734 3074 Malum
752 3033 798 3074 ff.
820 3033 876 3074 de
906 3034 1072 3077 verbor.

191 3096 337 3150 signif.
372 3097 432 3137 sic
462 3097 629 3150 inquit:
657 3098 670 3119 ‘
690 3097 812 3138 Inter
831 3098 1071 3151 proJeetum

191 3165 239 3200 et
269 3160 517 3208 immissum,
560 3159 640 3200 hoc
677 3160 885 3202 interesse
928 3162 1071 3203 Labeo

192 3224 270 3275 ait,
292 3223 402 3277 quod
424 3224 664 3275 projectum
683 3230 800 3267 esset
815 3227 859 3267 id
877 3228 990 3279 quod
1009 3228 1073 3269 ita

189 3289 512 3341 proveheretur,
548 3292 596 3328 ut
619 3299 822 3342 nusquam
852 3292 1073 3344 conquies-

193 3355 330 3403 ceret,
348 3350 492 3403 qualia
519 3350 726 3391 Meniana
751 3357 796 3392 et
811 3355 1073 3405 suggrundia

193 3412 365 3465 essent,’
382 3415 463 3454 διο.
476 3411 638 3453 Eadem
657 3412 713 3454 de
729 3426 777 3455 re
791 3414 958 3457 Gellius
970 3429 1073 3471 quo-

196 3488 279 3529 que
298 3476 460 3518 eadem.
493 3477 608 3527 Mag.

1189 368 1299 409 Tuba
1312 368 1528 421 revocavit]
1564 365 1761 418 Σάλπιγγι
1779 364 2015 407 ἀνεκαλέσα-

1129 447 1191 472 το.
1214 433 1423 473 Gebhard.
1966 432 1968 434 ’

1186 496 1311 536 Fama
1345 496 1580 535 celebratum
1620 495 1699 546 est]
1754 494 1826 535 Sic
1860 494 2015 534 Cicero

1131 557 1242 598 dixit
1256 570 1335 610 pro
1355 557 1583 597 Cluentio:
1613 559 1627 581 ‘
1645 549 1809 598 caedem
1829 556 2015 597 omnium

1131 631 1327 659 sermone
1360 620 1623 669 celebratum
1641 620 1670 659 :'
1716 626 1760 660 et
1791 633 1870 673 pro
1891 621 2016 660 domo

1133 695 1227 734 sua,
1254 683 1266 704 ‘
1286 682 1473 722 omnium
1500 694 1693 723 sermone
1722 684 2017 725 celebratum!

1132 747 1312 786 Lambin.

1192 811 1247 851 Ut
1285 809 1353 850 ino
1390 814 1500 851 statu
1539 810 1751 862 Chabrias]
1798 810 2017 850 Diodorus

1133 875 1302 915 Siculus
1339 885 1418 915 xv.
1474 874 1521 914 ‘O
1557 874 1599 915 δὲ
1643 873 1816 926 Χαβρίας
1845 876 2017 915 ινητλλῶν

1133 938 1238 988 αὐτῷ
1272 933 1551 991 πεπραγμένων
1588 938 1691 978 κατὰ
1725 937 1929 991 πόλεμον,’
1953 937 2017 977 ἐπὶ

1131 1002 1258 1053 τούτῳ
1273 1001 1696 1053 μάλισταέσεμνύνετο
1718 1003 1775 1052 τῷ
1792 1000 2017 1054 στρατηγή-

1132 1080 1242 1118 ματι,
1265 1063 1330 1105 καὶ
1346 1064 1419 1105 τὰς
1437 1063 1513 1104 ὑπὸ
1529 1066 1602 1104 τοῦ
1618 1064 1739 1115 δήμου
1755 1064 1932 1105 δοθείσας
1949 1064 2018 1105 αὔ-

1131 1132 1188 1180 τῷ
1217 1128 1448 1170 navia-ram
1460 1127 1630 1180 ἐχούσας
1653 1129 1771 1169 τοῦτο
1788 1128 1836 1168 τὸ
1863 1131 2015 1181 σχῆμα.

1132 1195 1313 1236 Lambin.
1715 1212 1718 1214 ’
1831 1200 1833 1203 “
1999 1204 2011 1212 ·

1151 1275 1157 1279 ·
1185 1258 1380 1310 Athletae]
1420 1258 1507 1302 Qui
1542 1258 1746 1299 vicissent
1774 1258 2017 1299 certamini-

1132 1320 1210 1361 bus
1228 1321 1477 1372 Iselastieis,
1511 1334 1607 1374 quae
1625 1333 1651 1361 a
1670 1321 1838 1362 Graecis
1869 1321 2018 1371 ἀγῶνες

1132 1383 1394 1439 εἶσελαστικοὶ
1413 1389 1646 1426 vocantur:
1690 1385 1744 1424 de
1779 1385 1932 1438 quibus
1952 1386 2017 1426 Sis

1133 1446 1250 1500 bylla
1268 1446 1393 1499 μέγας
1408 1447 1486 1502 γὰρ
1505 1446 1595 1489 αἲῶν
1615 1446 1880 1489 εἶσελαστικὸς
1893 1446 2018 1488 ἔσται.

1132 1511 1337 1552 Keuchen.
1360 1526 1364 1531 ·
1628 1530 1635 1534 -

1146 1588 1151 1594 ·
1190 1575 1410 1627 Caeterique
1427 1574 1619 1629 artifices]
1645 1575 1847 1616 Scenicos
1864 1581 1910 1617 et
1921 1576 2020 1617 Mu-

1133 1638 1260 1689 sicos,
1278 1637 1369 1678 sive
1385 1638 1680 1690 'Dionysiacos
1710 1639 2018 1691 atque-Panto—

1131 1700 1283 1741 mimos
1301 1700 1521 1753 intelligit.
1542 1702 1614 1741 De
1631 1701 1800 1741 athletis
1813 1699 2017 1754 frequens

1130 1764 1309 1805 historia
1343 1770 1410 1804 est
1441 1763 1732 1816 ponendarum
1764 1769 2020 1816 statuarum,

1133 1833 1183 1868 ut
1201 1840 1286 1868 non
1309 1826 1507 1880 προτομὰς
1525 1827 1668 1878 modo,
1687 1827 1763 1867 sed
1782 1827 1941 1880 iconas,
1958 1828 2018 1867 vi-

1131 1903 1228 1933 vam
1274 1892 1466 1946 ipsorum
1509 1891 1738 1943 imaginem
1787 1890 2015 1932 referrent.

1131 1955 1367 1997 Palaestras
1379 1955 1635 1996 athletarum
1646 1954 1919 2006 imaginibus,
1935 1955 2019 1995 sic-

1132 2025 1181 2060 ut
1200 2024 1247 2060 et
1261 2022 1482 2060 ceromata
1496 2030 1574 2058 sua
1587 2017 1866 2057 exornabant.
1906 2018 2021 2057 Pau-

1132 2083 1271 2124 sanias
1285 2083 1328 2122 in
1344 2082 1532 2122 Eliacis:
1562 2079 1740 2132 ubivrepi
1767 2079 2017 2130 ἀναθημάτων

1131 2147 1380 2200 Ιοᾳιιίῐιπ,ἑν
1389 2145 1432 2186 δὲ
1442 2145 1634 2198 τῇἌλτι,
1644 2144 1765 2199 (ait,)
1777 2144 1828 2184 r&
1840 2143 1911 2195 μὲν
1925 2148 2019 2199 τιμῇ

1131 2212 1185 2264 τῇ
1199 2210 1238 2252 ἐς
1254 2209 1303 2250 τὸ
1316 2211 1418 2250 θεῖον
1434 2207 1668 2250 ἀνάκεινται.
1682 2207 1719 2248 οἱ
1735 2206 1778 2247 δὲ
1795 2207 2017 2260 ἀνδριάντες

1131 2275 1210 2314 ἰ’-ὣν
1229 2273 1418 2314 νικώντων
1432 2272 1474 2313 ἐν
1488 2270 1610 2313 ἄθλου
1623 2271 1734 2322 λόγῳ
1748 2270 1861 2323 σφίσι
1873 2272 1938 2313 καὶ
1954 2271 2017 2313 05-

1130 2353 1193 2378 τοι
1201 2336 1383 2378 δίδονται.
1427 2336 1560 2389 Cujus
1580 2335 1687 2376 ritus
1706 2336 1912 2388 imprimis
1931 2338 2013 2378 ins-

1132 2406 1376 2443 tauratores
1394 2399 1527 2442 fuisse
1550 2400 1796 2452 Cretenses,
1813 2401 1926 2442 idem
1945 2402 2020 2443 mi-

1131 2465 1176 2506 hi
1191 2469 1343 2506 auctor
1357 2476 1408 2506 11.
1421 2464 1599 2506 ἑλιακῶν.
1629 2463 1700 2504 De·
1716 2477 1831 2505 aerea
1842 2466 2018 2507 Milonis

1132 2529 1530 2570 luctatoris'statua
1559 2529 1657 2580 lege
1691 2540 1788 2580 quae
1822 2528 2017 2570 disertim

1133 2594 1422 2636 Philostratus
1442 2593 1552 2633 libro
1566 2604 1630 2634 lv.
1654 2592 1698 2633 in
1721 2593 1827 2633 Vita
1844 2593 2021 2646 Apollo-

1133 2657 1208 2698 nii.
1263 2657 1371 2698 Cum
1391 2667 1476 2709 quo
1494 2654 1641 2696 confer
1658 2654 1897 2696 Aristidam
1917 2657 2019 2698 κατὰ

1133 2725 1212 2763 τῶν
1226 2718 1528 2775 ἑξορχουμένων.
1585 2719 1883 2761 Hellanodicis
1898 2733 2016 2763 curae

1135 2791 1244 2837 erat,
1280 2790 1330 2825 ut
1367 2782 1508 2824 εἰκόνες
1555 2780 1801 2834 ἰσομέτρητοι
1842 2791 1986 2824 essent
2003 2798 2016 2825 ι

1135 2850 1349 2892 Lucianus
1378 2850 1421 2889 ἐν
1436 2850 1493 2900 τῷ
1511 2847 1606 2901 ὑπὲρ
1623 2847 1787 2889 εἰκόνων.
1832 2849 1960 2891 Plato
1975 2851 2021 2891 in

1134 2912 1348 2954 Phaedro:
1367 2912 1626 2963 ὑπισχνοῦμαι
1634 2913 1786 2964 χρυσῆν
1798 2909 1925 2952 εἰκόνα
1940 2911 2020 2953 ἶσο-

1133 2974 1328 3030 perpuri-ov
1344 2975 1398 3017 εἷς
1412 2974 1593 3028 Δελφοὺς
1605 2973 1822 3023 ἀναθήσειν.
1861 2976 2015 3017 Keuch.

1190 3043 1243 3083 In
1260 3042 1399 3095 quibus
1412 3042 1633 3092 siccariam,
1646 3040 1733 3094 qa]
1760 3040 1872 3082 Vide
1886 3042 2018 3084 Fabr.

1135 3103 1276 3158 Agon.
1296 3117 1351 3146 ιι.
1367 3109 1436 3146 20.
1466 3105 1618 3145 Schott.

1191 3169 1304 3209 Car.
1324 3172 1365 3209 2.
1395 3168 1527 3207 Multa
1545 3167 1587 3206 in
1606 3167 1781 3217 AEgypto
1794 3177 1863 3206 sua
1879 3170 2016 3218 sponte

1130 3230 1274 3282 gessit]
1330 3229 1540 3270 Ediderat
1575 3227 1753 3278 Longol.
1786 3239 1859 3267 sua
1883 3226 2020 3279 monte

1134 3294 1311 3344 quaedam
1325 3291 1463 3342 gessit.
1517 3290 1626 3331 Inde
1649 3288 1874 3331 confestim
1888 3289 2017 3333 'Lam-

1136 3354 1221 3395 biu.
1250 3355 1374 3394 multa
1408 3353 1594 3393 intrusit.
1664 3352 1878 3394 Neutrum
1919 3361 2019 3395 vero

1136 3428 1279 3470 neque
1314 3417 1451 3467 mlta,
1483 3427 1622 3470 neque
1653 3417 1829 3467 quaedam
1860 3429 2020 3468 'agnos-

1139 3475 1359 3522 cuntlibri
1386 3480 1549 3522 calamo
1577 3479 1697 3532 picti.
1752 3478 1866 3520 Illud
1897 3480 2019 3520 multa
