2306 3900
742 251 962 292 RERUM
1008 251 1083 294 12¹1*

239 374 305 428 qui
321 381 401 414 tum
413 382 531 415 ‘erant
556 374 596 414 in
612 374 858 428 magistratu)
875 375 965 415 Sic:
985 383 1066 415 erat

236 430 291 468 ibi
307 430 369 482 (in
384 429 578 482 exercitu)
597 430 767 483 privatus
786 442 946 469 numero
965 430 1066 469 mili·

236 482 286 522 tis
314 497 379 530 xv,
405 487 431 524 7
478 490 523 523 ut
556 483 589 523 si
624 483 796 546 privatus
832 483 871 521 in
906 484 1064 524 comitio

235 543 341 576 esset
373 537 521 590 Spartae
558 537 651 583 xvir,
680 539 707 578 4
771 536 946 589 privatus
981 551 1064 577 esse

234 602 352 642 posse
388 604 467 630 non
504 589 708 630 videbatur
749 589 954 631 Miltiades
1016 605 1064 631 ex

235 643 406 696 imperiis
433 651 473 684 et
495 644 779 696 magistratibus
798 645 847 683 ad
867 643 972 686 ἴσονο
1017 660 1065 685 αν

234 697 376 750 privati
388 697 487 750 juris
506 711 586 737 non
613 697 804 737 rediturus
829 699 944 739 facile
963 699 1063 738 exis-

237 751 466 803 timabatur)
493 751 524 799 i,
541 755 566 793 8
595 751 768 804 privatus
785 751 875 806 (qui
907 753 1064 806 imperi·

235 817 302 850 um
330 805 539 858 deposuit)
567 819 630 851 xx.
652 808 692 846 3.
733 807 837 853 κιίν,
854 810 880 847 2
923 807 1064 859 privati

234 858 407 910 hospites
447 859 649 912 (respectu
684 858 842 900 Jasonis
887 861 1065 913 tyranni)

233 913 318 959 xiii,
335 915 362 952 4
392 913 541 965 privato
568 926 639 952 suo
656 913 850 960 consilio..
864 927 944 953 non
961 916 1062 967 pub-

232 966 310 1005 lico
338 967 416 1014 xvi,
437 971 458 1007 1
500 967 692 1020 privatum
712 968 884 1007 aerarium
904 968 1061 1020 (paucis
1092 1010 1098 1017 ,

234 1020 319 1060 scil.
333 1019 527 1072 aliquibus
545 1018 822 1074 constitutum)
837 1026 961 1069 xxv,8
981 1023 1060 1076 pri·

234 1080 324 1113 vata
345 1073 497 1126 judicia
525 1074 567 1121 ii,
584 1078 605 1116 1
661 1073 742 1128 (de‘
762 1075 911 1119 Athen.
937 1090 1060 1117 sermo

231 1134 305 1173 est.
322 1141 361 1167 v.
379 1128 515 1180 Sigon.
536 1131 576 1168 3.
605 1127 656 1169 de
674 1141 756 1182 rep.
771 1128 870 1173 Ath.
891 1129 938 1182 1)
1005 1168 1007 1171 .

177 1180 383 1235 Privignus
410 1182 478 1228 vii,
496 1186 523 1222 2

176 1234 290 1275 Prius
307 1242 369 1276 est
385 1236 586 1277 decretum
604 1250 721 1291 quam
741 1235 816 1277 &c-
844 1251 909 1285 xx,
923 1242 948 1278 3

176 1288 256 1328 Pro
271 1289 393 1344 (arri,
408 1290 523 1342 pretii
534 1297 576 1331 et
589 1291 778 1333 mercedis
790 1291 1031 1345 significatu)
1047 1307 1056 1331 :

231 1356 304 1394 pro
320 1344 480 1384 caritate
499 1345 633 1396 patriae
661 1359 724 1393 κν,
743 1350 769 1389 4
819 1345 910 1399 (ubi
928 1352 1059 1386 tannen

230 1397 309 1436 fors
345 1411 425 1437 non
461 1398 708 1439 incommode
742 1412 916 1452 exponas
934 1414 944 1439 ε
979 1412 1059 1452 prae

230 1450 392 1490 caritate
423 1452 574 1504 patriae.
607 1453 674 1493 Sic
705 1453 819 1493 Curt.
855 1466 896 1500 ν,
929 1457 997 1500 11,
1031 1459 1056 1494 5

231 1509 245 1527 ‘
256 1517 511 1558 quascunque
527 1505 640 1547 sedes
653 1506 830 1558 elegeris,
846 1519 916 1559 pro
933 1506 1060 1560 patria

230 1565 274 1597 et
300 1559 523 1599 domesticis
547 1561 661 1600 rebus
680 1560 865 1613 petituri.’
909 1560 1060 1602 Auctor

230 1611 326 1652 dial.
353 1614 405 1652 de
430 1619 528 1653 orat.
554 1614 662 1660 xxiii,
691 1618 732 1655 2.
766 1614 835 1666 qui
863 1613 1058 1654 Lucilium

229 1679 301 1718 pro
327 1666 510 1718 Horatio,
528 1673 570 1706 et
594 1667 817 1707 Lucretium
838 1681 907 1720 pro
926 1667 1058 1721 Virgi-

233 1720 286 1759 lio
300 1720 469 1774 legunt).
501 1733 571 1773 pro
587 1721 731 1761 meritis
743 1722 906 1775 gratiam
917 1722 1058 1762 referre

230 1774 275 1821 ii,
294 1779 321 1815 8
351 1787 422 1828 pro
440 1775 692 1828 (secundum,
702 1775 840 1829 juxta)
859 1790 870 1816 ε
899 1789 970 1828 pro
989 1790 1058 1816 cu-

223 1827 795 1923 fflzisssssff‘iffssffi‘ss
828 1830 1059 1936 {¹⁰92ng

270 1926 273 1929 .
618 1912 631 1931 s
678 1909 690 1922 ·
796 1912 810 1932 ο
1043 1906 1059 1915 ·

230 1936 468 1977 cessitudine
484 1936 620 1976 sortisx
640 1936 718 1984 xiv,
741 1940 763 1978 1
791 1950 873 1978 non
887 1950 958 1990 pro
972 1939 1058 1991 opi-

228 1990 349 2030 nione
365 1992 465 2044 (non
484 1996 529 2029 ut
545 1990 822 2044 aestimaverat)
839 1991 921 2038 viii,
934 1995 960 2033 2
990 2005 1059 2045 pro

230 2044 356 2098 (loco,
384 2043 518 2098 vice):
548 2058 617 2098 pro
641 2045 770 2085 noxiis
798 2045 979 2086 nonnulli
1005 2048 1056 2086 ab

228 2098 362 2138 insciis
378 2098 640 2150 conciduntur
664 2113 704 2147 x,
723 2103 776 2141 10
804 2111 874 2152 pro
896 2100 1057 2153 perfuga

229 2152 423 2203 proficisci
441 2153 519 2200 xiv,
539 2157 566 2194 6
592 2151 679 2207 (Sic
699 2152 831 2194 Caesar
854 2153 906 2193 B.
927 2153 979 2194 G.
997 2153 1057 2201 iii,

231 2209 285 2246 18
313 2211 326 2230 ‘
342 2205 411 2259 qui
425 2206 493 2245 ubi
508 2219 578 2259 pro
592 2207 756 2260 perfuga
771 2206 822 2246 ad
841 2220 910 2247 eos
923 2207 1058 2247 venie

231 2258 366 2305 Livius
394 2260 510 2306 xxvii,
533 2263 582 2301 15
630 2265 642 2283 ’
657 2273 727 2313 pro
747 2261 911 2314 perfuga
921 2260 1056 2313 jussus

229 2311 438 2353 Tarentum
471 2313 660 2362 transire,'
688 2313 744 2353 ita
775 2314 907 2355 locum
924 2328 1057 2355 emen·

228 2366 349 2407 dante
367 2366 710 2413 docn'GronoviO.
736 2367 916 2408 Justinus
948 2368 1059 2416 xxiii,

230 2424 272 2465 3.
290 2425 318 2461 0
358 2426 370 2444 ¹
384 2434 455 2484 pro
474 2421 577 2460 victo
591 2421 725 2473 sugere
743 2421 847 2461 visus
865 2421 952 2462 est!
979 2421 1058 2462 Ta-

228 2474 331 2514 citus
359 2487 412 2520 xl,
425 2477 493 2520 24.
512 2478 539 2514 7
567 2480 579 2498 ·
597 2474 720 2513 victos
738 2487 808 2527 pro
826 2475 1057 2527 alienigenis

230 2528 441 2566 arcebant)
459 2527 573 2566 Idem
601 2527 630 2572 i.
648 2531 716 2574 36,
736 2532 762 2568 5
799 2533 812 2552 ‘
830 2541 900 2580 pro
926 2529 1057 2568 deser-

230 2580 342 2621 tore:
383 2580 547 2621 Plautus
578 2580 704 2620 Most.
731 2581 800 2629 xii,
831 2586 873 2629 6,
891 2586 918 2624 2
959 2588 1057 2635 ‘pro

231 2633 379 2674 imbre.'
419 2634 534 2675 Idem
566 2635 805 2674 Menaechm.
845 2635 889 2682 ii.
924 2638 966 2683 2,
1002 2639 1057 2678 24

231 2694 246 2711 ·
259 2701 329 2740 pro
361 2689 483 2728 sano?
537 2687 742 2728 Terentius
757 2688 839 2730 Ad.
873 2688 902 2738 i,
934 2693 974 2737 1,
1003 2693 1058 2731 2³

230 2747 244 2765 ‘
263 2755 332 2835 Ἧο
352 2741 614 2837 meoi’zgdde
629 2742 735 2783 Geli.
764 2743 816 2791 xi,
833 2747 875 2785 3.
903 2749 944 2783 et
959 2742 1057 2784 Tur-

233 2809 274 2835 se
305 2823 316 2834 .
336 2809 381 2836 ca
413 2823 423 2835 .

178 2849 348 2891 Probare
366 2810 517 2903 aliiquid
525 2796 791 2914 )(approbare)
812 2849 931 2898 ximo
967 2864 1058 2906 pro·

232 2905 323 2943 bare
340 2903 480 2943 librum
508 2908 604 2951 w,4
646 2903 855 2945 consilium
885 2918 924 2952 x,
942 2908 985 2946 8.
1013 2905 1058 2953 ii,

232 2962 259 2998 2
287 2957 454 3011 alicujus
473 2958 680 2999 consilium
698 2972 788 3005 xxv,
808 2962 860 2999 21
889 2957 1057 3011 alicujus

230 3011 380 3052 factum
408 3026 472 3059 xx.
492 3016 514 3053 1
563 3013 727 3065 probare
755 3018 954 3052 auctorem
984 3012 1057 3052 nli·

232 3075 350 3116 quem
382 3064 441 3117 (ei
460 3066 702 3117 potissimum
732 3064 913 3119 credere)
940 3064 984 3113 ii.
1005 3070 1057 3109 10

231 3131 323 3156 cnm
342 3119 468 3158 minus
486 3126 589 3160 esset
617 3120 802 3172 probatus
831 3120 1057 3172 parentibus

234 3172 308 3222 (de
335 3171 598 3213 Themistocle
630 3172 788 3213 liberius
807 3173 985 3226 vivente)
1005 3174 1057 3221 ii,

233 3229 254 3265 1
297 3224 546 3277 (exprimitur
561 3225 608 3267 τὸ
625 3224 804 3276 ἀδόκιμον
820 3227 892 3267 τοῦ
905 3226 1057 3278 ἤθους).

232 3279 395 3330 probata
413 3291 454 3319 re
471 3279 585 3332 (cum
614 3278 768 3332 utrique
796 3292 858 3319 res
888 3280 1059 3332 placuis-

232 3331 423 3437 aet)dxi)v,
444 3336 507 3428 ll5
534 3333 738 3387 probanda
762 3332 923 3372 fuerunt
949 3333 1058 3385 (lau-

261 3397 311 3425 ιιι
341 3399 365 3426 a
414 3400 468 3433 rx,

184 3438 405 3480 Probabilis
437 3446 565 3480 orator
590 3440 696 3487 xxiv,
716 3443 741 3482 3
787 3439 896 3494 (vult
913 3438 1059 3485 dicere,

237 3492 356 3554 fuisse
373 3493 564 3536 catonem
597 3501 786 3536 oratorem
803 3493 909 3536 civili
926 3493 1059 3548 captui

1126 219 1417 292 vannum]
1430 252 1492 292 M.
1870 241 2011 295 cxix

1184 375 1408 429 cumprimis
1438 374 1791 423 accommodatum,
1823 382 1866 416 et
1895 377 2010 430 cnjus

1183 430 1306 469 oratio
1325 429 1440 470 facile
1456 430 1571 469 fidem
1585 431 1690 482 apud
1707 444 1841 470 omnes
1859 431 2012 472 inveni-

1184 490 1255 523 ret.
1288 484 1391 523 Nam
1411 483 1593 524 Ciceroni
1611 483 1652 523 id
1671 490 1734 524 est
1751 490 1763 507 ¹
1778 485 2010 536 probabile,'

1182 538 1215 576 si
1244 537 1370 576 oratio
1389 550 1469 576 non
1489 537 1540 576 sit
1556 536 1671 576 nimis
1697 545 1842 585 comta,
1862 538 1894 578 si
1914 551 2008 579 auc-

1182 591 1316 630 toritas
1333 598 1376 631 et
1393 592 1548 643 pondus
1568 590 1609 629 in
1630 592 1773 637 verbis,
1802 593 2008 632 sisenten-

1182 643 1248 684 tiae
1267 644 1328 684 vel
1346 658 1497 698 graves,
1527 645 1589 684 vel
1619 652 1723 698 aptae
1754 646 2009 698 opinionibus

1181 698 1383 738 hominum
1402 705 1442 738 et
1460 698 1643 738 moribus.
1681 699 1786 738 Vide
1801 700 2012 740 Partition.

1181 757 1277 791 orat.
1291 765 1380 805 cap.
1398 757 1425 793 6
1444 759 1485 792 et
1495 756 1536 793 9.
1554 752 1726 806 itemque
1741 753 1913 801 Quintil.
1928 754 2011 803 viii,

1126 806 1350 900 Prot-sicitas
1373 859 1543 900 hominis
1557 859 1708 914 (audax
1727 860 1948 915 petulantis
1965 862 2007 902 in

1180 913 1434 965 incessendo)
1465 928 1530 961 xx,
1549 919 1572 954 5

1124 965 1344 1007 Procede-re
1361 982 1372 1007 z
1414 969 1499 1009 haec
1517 968 1644 1007 minus
1663 981 1848 1021 prospere
1868 982 2006 1020 proce-

1176 1021 1278 1062 dunt
1297 1020 1376 1069 xiv,
1394 1025 1421 1062 6
1449 1035 1539 1063 curn
1549 1021 1632 1074 jam
1651 1036 1730 1060 nox
1750 1025 2004 1074 processisset

1177 1075 1386 1127 (provecta
1415 1075 1542 1127 esset)
1569 1076 1647 1122 xvi,
1668 1081 1693 1116 3
1731 1076 1818 1129 (Sic
1835 1077 1998 1117 Sallust.

1175 1129 1202 1169 J
1205 1130 1360 1181 ugurth.
1381 1135 1392 1152 ⁶
1408 1129 1477 1171 ubi
1505 1130 1734 1183 plerumque
1762 1130 1890 1170 noctis
1908 1143 2000 1184 pro-

1175 1182 1321 1224 cessit-⁹
1362 1182 1497 1223 Livius
1525 1183 1605 1232 xxi,
1638 1188 1691 1225 54
1731 1190 1743 1207 ⁶
1763 1186 2003 1237 procedente

1168 1235 1254 1288 jam
1269 1236 1373 1288 die')

1121 1290 1310 1331 Proceuae
1328 1290 1463 1332 civiles
1491 1290 1631 1345 (bella,
1657 1290 1886 1345 discordiae)
1914 1305 2007 1340 xxv,

1177 1349 1229 1386 10
1257 1344 1361 1398 (vid.
1378 1345 1540 1386 Fluctus
1554 1344 1655 1397 civ.)

1120 1396 1284 1439 Proclus
1300 1398 1393 1452 (pro
1413 1399 1596 1448 Procles)
1623 1399 1716 1446 xvii,
1738 1403 1759 1439 1

1122 1451 1312 1492 Proclivis
1330 1451 1501 1505 (facilis)
1530 1453 1612 1500 xiii,
1634 1456 1659 1493 3

1120 1504 1328 1546 Procreare
1361 1506 1502 1546 liberos
1532 1521 1582 1546 ex
1604 1506 1736 1559 aliqua
1764 1519 1831 1554 xv,
1850 1511 1891 1547 6.
1920 1507 2002 1555 xxi,

1175 1565 1216 1601 2.
1245 1574 1283 1608 x,
1304 1564 1325 1601 1
1369 1561 1505 1613 quales
1522 1560 1661 1601 civitas
1679 1560 1783 1601 cives
1802 1574 2001 1613 procreas-

1176 1621 1236 1654 set
1262 1627 1328 1660 xv,
1343 1617 1370 1655 6

1123 1665 1266 1707 Procul
1302 1669 1353 1707 ab
1382 1681 1430 1707 eo
1463 1667 1551 1708 loco
1578 1667 1635 1715 iv,
1662 1673 1686 1708 5
1745 1666 1831 1721 (Sic
1868 1668 2001 1708 Livius

1174 1720 1321 1768 xxxvii,
1338 1725 1392 1762 53
1421 1727 1433 1745 ‘
1449 1723 1584 1774 procul
1602 1723 1652 1762 ab
1670 1721 1824 1775 domo’)

1121 1771 1334 1815 Procurare
1367 1788 1475 1815 sacra
1503 1776 1544 1822 ii,
1564 1781 1589 1817 2
1641 1776 1803 1828 negotia
1834 1775 2002 1828 alicujus

1174 1829 1283 1882 (scil.
1295 1842 1376 1868 rem
1394 1829 1618 1869 mandatam
1637 1828 1772 1883 agere)
1800 1843 1891 1881 xxv,
1910 1834 1960 1870 15

1121 1881 1349 1923 Procuratio
1383 1883 1481 1936 reip.
1510 1882 1582 1938 (de
1600 1897 1726 1923 rerum
1758 1883 2005 1924 administra-

1176 1937 1284 1976 tione
1301 1935 1429 1991 civili)
1457 1937 1541 1984 viii,
1558 1941 1599 1978 3.
1627 1951 1719 1986 xxv,
1738 1941 1778 1977 8.
1810 1941 1858 1978 15

1123 1989 1297 2031 Prodere
1325 1991 1522 2031 memoriae
1550 1991 1700 2044 aliquid
1720 1990 1794 2044 (de
1821 1989 2006 2030 historica

1175 2044 1400 2098 scriptione,
1419 2059 1508 2099 quae
1527 2045 1722 2086 memoriae.
1741 2046 2006 2097 propagandae

1174 2111 1291 2140 causa
1323 2098 1554 2152 suscipitur)
1581 2100 1625 2148 ii,
1647 2103 1713 2140 10.
1741 2099 1794 2146 iv,
1813 2103 1854 2139 2.
1881 2099 1938 2145 xi,
1967 2103 2010 2139 3.

1175 2151 1285 2199 xxiii,
1320 2156 1371 2194 13
1418 2153 1613 2193 memoriae
1642 2154 1693 2193 de
1723 2152 1857 2206 aliquo
1886 2153 1957 2199 vii,
1983 2156 2006 2194 1

1174 2206 1238 2246 Sic
1255 2221 1265 2245 ε
1286 2206 1337 2245 de
1356 2206 1460 2246 illius
1479 2206 1636 2246 interitu
1656 2207 1804 2260 duplex
1822 2206 2010 2246 memoria

1174 2259 1331 2312 prodita
1348 2266 1410 2299 est
1437 2260 1544 2308 xxiii,
1563 2264 1589 2302 8
1635 2262 1800 2313 prodere
1831 2260 2006 2324 aliquem

1175 2314 1364 2366 (tradere,
1383 2315 1558 2366 periculo
1577 2313 1796 2366 exponere)
1826 2314 1933 2362 xviii,
1955 2318 2007 2355 1⁰

1175 2367 1342 2407 amicum
1372 2367 1453 2415 xix,
1487 2372 1514 2408 2
1560 2368 1778 2421 supplicem
1807 2366 1849 2416 ii,
1875 2371 1902 2409 Β
1946 2367 2008 2422 (ν.

1147 2464 1150 2465 ⁷
1172 2420 1359 2460 Thesaur.
1377 2421 1604 2474 Buchner.)

1121 2473 1361 2515 Proditionis
1387 2481 1591 2516 accusatus
1609 2473 1689 2527 (sc.
1706 2472 1891 2527 erimine)
1918 2473 1948 2522 i,
1963 2478 2004 2516 7.

1176 2541 1241 2573 xv,
1260 2532 1285 2567 3
1315 2528 1525 2568 damnatus
1554 2528 1597 2574 ii,
1616 2531 1643 2568 Β

1122 2581 1348 2621 Proditores
1366 2581 1436 2620 tali
1456 2581 1620 2623 consilio
1640 2580 1807 2634 perculit
1834 2580 1915 2629 xiv,
1934 2585 1962 2623 6

1123 2634 1285 2676 Prodire
1318 2634 1359 2674 in
1378 2635 1611 2677 concionem
1632 2634 1767 2687 populi
1787 2634 1866 2688 (sc.
1885 2648 2005 2688 agen·

1176 2689 1219 2729 di
1238 2689 1478 2743 dicendique
1497 2687 1638 2741 causa)
1665 2689 1708 2737 ii,
1730 2693 1751 2730 1
1793 2689 1949 2742 prodire
1965 2689 2007 2728 iu

1173 2743 1377 2794 publicum
1404 2743 1473 2791 vii,
1493 2748 1518 2784 3

1121 2796 1345 2837 Producere
1385 2798 1505 2837 vitam
1539 2795 1792 2851 (prorogare)
1833 2810 1924 2847 xxv,
1956 2799 2008 2837 21

1176 2851 1391 2904 producere
1409 2851 1453 2891 in
1467 2852 1593 2892 aciem
1606 2852 1817 2891 exercitum
1837 2851 1865 2898 i,
1880 2856 1903 2890 5
1935 2852 2009 2890 do-

1176 2905 1214 2944 lo
1230 2904 1400 2957 aliquem
1420 2905 1463 2944 in
1482 2904 1656 2957 praelium
1685 2903 1870 2958 (elicere)
1898 2903 2008 2951 xxiii,

1175 2963 1199 2998 5
1222 2959 1308 3022 (Sic
1321 2958 1427 2998 enim
1446 2958 1655 3011 legendum
1673 2972 1683 2998 ι
1704 2959 1786 2998 vid.
1804 2966 1888 2998 not.
1902 2958 2009 2997 itaet

1174 3012 1241 3052 ali·
1262 3012 1397 3052 locuti.
1415 3012 1547 3052 Caesar
1564 3012 1615 3052 B.
1631 3011 1685 3051 G.
1717 3011 1775 3059 iii,
1804 3016 1882 3053 100
1911 3017 1921 3034 ¹
1936 3011 2007 3050 eli-

1177 3065 1261 3105 cuit
1274 3078 1394 3107 naves
1412 3066 1621 3112 Laelianas,
1640 3071 1758 3117 atque
1776 3080 1825 3104 ex
1843 3064 1902 3104 his
1922 3064 2008 3104 lon-

1203 3119 1263 3158 ius
1283 3121 1515 3172 productam
1534 3132 1652 3159 unam
1671 3118 1808 3171 cepit.’
1854 3116 2007 3157 Hirtius

1215 3199 1226 3213 .
1245 3172 1352 3213 Gall.
1368 3173 1450 3220 viii,
1466 3177 1520 3213 48
1539 3178 1551 3196 ¹
1568 3185 1658 3213 cum
1676 3173 1770 3223 fuga
1784 3170 2008 3211 vehementi

1174 3225 1420 3265 Volusenum
1451 3225 1605 3277 longius
1634 3223 1911 3277 produxisset-²
1940 3224 2006 3264 M.

1175 3279 1326 3318 Seneca
1355 3279 1510 3319 Suasor.
1543 3282 1563 3319 1
1596 3284 1606 3301 ⁸
1623 3278 1688 3317 lon
1718 3277 1776 3318 ius
1794 3292 1857 3319 me
1883 3278 2007 3318 fabel-

1176 3332 1298 3371 larum
1317 3332 1487 3372 dulcedo
1508 3331 1690 3384 produxit

1122 3385 1315 3427 Profauus
1330 3385 1439 3426 locus
1467 3385 1600 3439 (juxta
1625 3385 1708 3425 Ms.
1727 3385 1932 3427 Boecleri:
1965 3398 2006 3424 v.

1175 3439 1284 3491 not.)
1312 3437 1355 3487 ii,
1373 3443 1400 3480 6
1427 3437 1598 3493 (oppon.
1618 3438 1745 3491 sacer)

1123 3493 1300 3535 Proserrc
1329 3493 1495 3548 plurima
1523 3494 1600 3548 (sc.
1619 3493 1860 3546 narratione)
1890 3504 1951 3537 xv,
1970 3493 1998 3531 4
