2306 3900
301 277 375 315 xc
383 260 476 315 viii

311 399 314 404 '
354 398 429 440 fite.
458 400 510 448 ix,
525 402 551 440 4
581 396 666 452 ejus
685 397 850 439 consilio
864 398 1028 441 multum
1047 411 1178 440 move-

351 456 466 498 batur
491 467 532 502 x,
549 458 569 494 1
600 466 746 506 suaque
765 454 910 500 omnia,
928 466 1019 506 quae
1033 455 1178 494 r‘noveri

355 512 551 561 poterant,
606 512 807 560 asportant
843 507 967 560 (bona
1004 508 1178 557 mobilia,

351 573 441 614 quae
460 561 579 614 vulgo
597 560 758 614 dicunt)
787 560 830 608 ii,
849 565 876 601 2
902 561 1027 614 (conf.
1055 576 1095 609 x,
1112 562 1178 616 4).

349 615 506 667 (Livius
519 621 531 639 ‘
546 628 605 655 res
621 615 836 655 moventes'
855 614 967 656 dixit.
994 615 1178 656 Invenias

308 674 311 678 “
351 675 392 708 et
419 669 674 717 'moventia‚'
711 673 755 708 ut
788 669 830 708 in
862 668 960 709 illo:
1009 670 1112 710 ‘fixa
1137 676 1177 710 et

348 722 584 775 moventia')

297 776 436 816 Motus
481 787 769 829 concursusque
796 775 1076 829 (praeliantium
1121 791 1176 818 sc.

351 829 681 883 bellantiumque)
706 831 761 878 xi,
787 834 809 871 1
859 837 988 870 motus
1006 832 1177 884 corporis

349 883 549 938 (agitatio,
565 884 615 924 de
635 884 768 937 equis)
794 884 902 932 xviii,
922 889 947 925 5

296 937 479 978 Mulcta:
499 939 656 978 mulctae
671 937 822 992 alffluid
837 938 1039 978 detrahere
1058 938 1176 987 xiim
1216 938 1220 939 ⁷

294 987 483 1032 Mulctari
500 986 670 1045 pecunia
682 991 761 1040 i‚⁷.
789 996 880 1039 v,1.
910 991 989 1038 xvi,
1010 996 1032 1034 1
1061 992 1175 1046 (Jus-

346 1047 452 1085 tinus
472 1046 586 1094 dixit,
604 1052 617 1070 ‘
632 1046 801 1099 pecunia
815 1045 1006 1086 damnari’
1032 1047 1115 1094 viii,
1135 1051 1176 1095 1,

349 1103 389 1141 7.
435 1098 588 1152 Vol-st.)
609 1099 728 1140 exilio
753 1097 812 1146 iii,
832 1102 871 1140 1.
911 1108 952 1148 ν,
971 1101 1011 1141 3.
1057 1101 1134 1148 xvi,
1149 1104 1177 1142 2

347 1159 471 1193 morte
498 1168 562 1203 xv,
582 1157 607 1194 8
671 1154 735 1194 lex
771 1153 936 1193 muictat
965 1160 1105 1202 morte,
1142 1155 1177 1195 si

345 1207 541 1301 quis⁷&c.
571 1207 727 1263 (mortis
761 1215 918 1261 poenam
950 1207 1179 1263 constituit)

345 1274 411 1309 xv,

291 1313 512 1355 Multorum
539 1315 712 1369 imperiis
729 1326 809 1355 non
827 1322 960 1369 potest
976 1316 1077 1357 bene
1096 1318 1177 1369 geri

343 1370 517 1423 respubl.
545 1383 584 1417 x,
603 1374 632 1411 6
660 1370 793 1410 multae
811 1381 1042 1423 magnaeque
1061 1371 1175 1423 polli-

343 1424 551 1464 citationes
577 1424 686 1470 xviii,
706 1428 733 1464 2
762 1436 850 1465 cum
864 1425 905 1462 in
919 1424 1094 1464 oratione
1107 1437 1176 1465 sua

342 1478 467 1517 multa
484 1478 526 1517 in
542 1477 751 1518 Thebanos
771 1477 949 1518 invectus
977 1484 1080 1517 esset
1110 1488 1175 1525 xv,

342 1536 370 1572 6
397 1532 505 1585 (heic
519 1531 567 1572 τὸ
584 1531 705 1572 multa
726 1531 999 1572 adverbialiter
1046 1532 1176 1572 onitur

342 1585 569 1625 Graecorum
606 1592 728 1632 more,
773 1545 1104 1637 quemadmogum
1135 1593 1176 1626 et

298 1639 301 1642 '
344 1639 452 1678 alibi.
477 1638 546 1678 ‘A.
571 1639 732 1679 Caeciua
760 1639 810 1678 ad
838 1638 965 1678 Cicer.
990 1638 1017 1678 1.
1036 1643 1078 1679 6.
1095 1637 1173 1693 Ep.

340 1697 367 1734 7
398 1692 576 1744 ‘ignovit
607 1691 802 1740 omnibus,
835 1692 903 1744 qui
924 1692 1049 1732 multa
1066 1691 1181 1733 Deos

342 1747 517 1787 venerati
532 1753 624 1786 sunt
639 1751 775 1786 contra
793 1745 879 1798 ejus
897 1745 1092 1787 salutem!
1111 1747 1176 1788 Sic

342 1811 502 1853 quoque
512 1800 717 1853 Virgilius,
733 1799 892 1852 aliique.
923 1797 1054 1841 Vorst.
1071 1800 1175 1841 adde

343 1854 497 1894 Vechn.
517 1850 765 1894 Hellenolex.
783 1866 875 1907 pag.
893 1857 963 1895 99.
982 1858 1023 1893 et
1041 1855 1175 1908 seqq.)

340 1907 505 1947 multum
531 1907 573 1948 in
605 1907 776 1961 imperiis
811 1907 1174 1962 magistratibusque

337 1968 510 2002 versatus
538 1962 567 2009 i,
594 1965 620 2003 8
670 1963 836 2001 multum
853 1962 894 2000 in
914 1961 1077 2014 judiciis
1095 1963 1174 2016 pri-

336 2015 438 2056 vatis
467 2021 640 2056 versatus
679 2015 724 2062 ii,
743 2019 767 2057 1
811 2016 976 2055 multum
1008 2015 1050 2056 in
1067 2017 1173 2057 bello

337 2075 512 2109 versatus
539 2071 592 2117 xi,
614 2074 636 2111 1
665 2069 756 2111 Sic:
801 2070 970 2123 aliquem
1004 2071 1170 2111 multum

338 2122 474 2163 fallere
502 2124 554 2171 vi,
570 2127 595 2164 3

283 2177 418 2217 Multo
437 2177 734 2226 formosissimus
753 2176 928 2217 omnium
947 2177 1074 2216 aetatis
1089 2190 1169 2218 suae

337 2230 404 2278 vii,
426 2236 448 2273 1
483 2226 606 2271 ffiulto
626 2231 933 2284 locupletissima
950 2231 1055 2284 regio
1075 2233 1169 2280 xvii,

335 2289 361 2326 3
390 2285 513 2324 multo
533 2284 842 2337 elegantissimus
860 2285 982 2346 poeta
1010 2297 1098 2333 κκν,
1116 2291 1168 2327 12

335 2347 386 2377 n‘e
418 2352 467 2378 ue
484 2339 540 2377 ita
559 2339 683 2377 multo
698 2345 788 2389 post
815 2350 894 2385 xv1,
913 2341 940 2379 2
979 2344 1070 2389 post
1086 2351 1167 2378 non

336 2351 461 2432 miiito
503 2391 558 2439 ir,
587 2393 612 2432 3
659 2396 763 2443 post,
791 2403 921 2444 neque
952 2391 1009 2431 ita
1043 2392 1167 2432 multo

334 2458 360 2483 v
396 2449 420 2485 3

281 2475 548 2601 Mustimffiffls)
569 2498 613 2547 ii,
644 2501 698 2539 ιο
737 2497 825 2551 (sic
849 2497 954 2538 euim
971 2498 1013 2538 in
1031 2490 1168 2552 pleas-

363 2566 412 2592 ue
477 2565 526 2592 ss.

280 2567 502 2646 Mulltitudo
517 2606 592 2660 (sc.
606 2603 794 2658 militum)
812 2603 841 2653 i,
855 2608 880 2646 2
905 2606 1046 2658 (paulo
1060 2613 1166 2646 ante:

334 2669 472 2701 manus
500 2658 529 2707 i,
545 2659 592 2714 1)
619 2660 709 2699 Sic:
739 2659 991 2699 multitudine
1005 2660 1169 2700 circum-

331 2721 476 2755 ventus
507 2720 567 2754 est
593 2713 701 2760 xviii,
720 2718 744 2754 5
775 2713 985 2753 multitudo
1009 2713 1167 2754 navium

330 2770 374 2817 ii,
393 2771 419 2809 4
448 2768 658 2808 multitudo
691 2779 833 2820 magna
849 2766 1040 2808 Helotum
1068 2767 1121 2815 iv,
1141 2771 1166 2809 8

330 2821 544 2863 multitudo
562 2821 832 2862 Macedonum
872 2821 980 2870 xviii,
998 2823 1024 2862 7
1067 2822 1168 2861 mul-

330 2877 458 2916 titudo
489 2875 698 2931 (populuS,
729 2876 766 2916 οἱ
795 2874 963 2928 πολλοὶ)
991 2875 1059 2922 vii,
1079 2876 1118 2916 3.
1139 2876 1168 2923 i,

329 2933 355 2971 3
417 2943 567 2983 oppon.
605 2930 862 2983 principibus,
913 2927 1167 2981 magistratib.

330 2930 431 3039 &cg
458 2982 659 3024 concitata
677 2983 832 3036 reprimi
850 2990 930 3023 non
950 2988 1083 3036 potest
1108 2982 1166 3031 iii,

329 3042 351 3079 1
384 3035 650 3078 multitudinis
665 3038 799 3077 odium
827 3036 907 3084 xix,
924 3039 951 3077 4

274 3092 552 3146 Multiplicare
570 3103 704 3130 usuras
732 3104 822 3138 xxv,
840 3094 867 3131 2

273 3146 502 3186 Mundities
520 3145 585 3199 (in
603 3158 644 3185 re
662 3143 778 3198 farn.)
807 3157 899 3191 xxv,
914 3145 964 3186 13

275 3196 541 3252 Municipium
561 3199 666 3246 xxiv,
681 3203 703 3239 1
734 3199 794 3252 (v-
811 3197 916 3238 Geli.
935 3197 1015 3245 xvi,
1034 3201 1100 3238 13.
1128 3202 1168 3236 ct

325 3252 458 3304 Sigon.
487 3253 540 3292 de
571 3258 653 3292 ant.
678 3253 759 3306 jur.
794 3251 887 3292 Ital.
916 3251 943 3291 l.
985 3255 1027 3292 2.
1060 3262 1096 3291 c.
1127 3255 1166 3292 6.

330 3305 405 3344 δίο.

275 3306 439 3397 Munirie
473 3358 673 3411 (absolute
712 3373 782 3412 pro
831 3371 961 3399 muros
1007 3363 1168 3404 struere,

321 3409 623 3465 περιτειχίζειν)
651 3414 694 3460 ii,
713 3418 740 3453 6
768 3413 918 3452 munire
933 3413 1069 3452 urbem
1098 3412 1167 3458 vii,

324 3471 349 3508 el
385 3471 514 3506 arcem
542 3480 606 3512 xx,
627 3469 650 3506 3
681 3479 722 3506 se
742 3466 933 3507 moenibus
953 3466 1093 3518 ligneis
1123 3465 1167 3511 ii,

328 3525 354 3563 2
387 3519 622 3573 disceptatio
650 3521 700 3559 de
726 3519 815 3570 jure
847 3519 1050 3560 muniendi
1077 3519 1119 3566 ii,
1139 3523 1164 3559 7

1131 273 1333 313 INDEX

1294 399 1421 453 (adde
1442 398 1639 453 ctapmar.
1668 412 1796 441 arcau.
1820 400 1882 450 iii,
1897 400 1958 455 7).
1985 400 2125 444 itinero

1294 453 1442 494 munire
1473 455 1547 509 (de
1577 455 1662 503 viis,
1690 467 1780 508 quae
1797 455 1978 496 faciendo
1994 457 2127 497 itineri

1295 514 1537 560 aptanturac
1555 508 1829 562 emuniuntur)
1856 509 1965 558 xxiii,
1983 511 2008 551 3
2038 523 2126 550 mu-

1293 561 1376 601 nire
1392 562 1595 615 imperium
1620 563 1814 616 singulare
1833 569 1875 603 et
1893 570 2125 616 perpetuum

1293 615 1500 668 (translate
1517 617 1568 656 de
1581 617 1816 656 stabilienda
1834 617 2128 670 dominatione)

1293 669 1372 715 xxi,
1391 673 1417 710 2
1445 669 1509 709 Sic
1526 684 1536 709 ε
1570 670 1796 724 quingentis
1816 670 1942 725 longis
1959 670 2126 711 navibus

1293 723 1485 763 munitum
1525 724 1730 777 imperium
1786 737 1828 772 x,
1870 729 1894 766 5
1955 726 2126 766 benevo-

1293 777 1415 816 lentia
1435 776 1630 817 munitum
1658 778 1878 831 imperinm,
1897 776 1993 819 ibid.
2038 791 2126 818 mu-

1293 830 1387 869 nitae
1423 831 1536 870 nrbes
1578 831 1659 878 xiv,
1692 832 1717 871 5
1776 844 1829 872 ne
1863 837 1996 872 essent
2039 832 2127 874 loca

1292 882 1457 930 munita,
1490 897 1581 937 quas
1609 885 1741 924 hostes
1765 885 2010 938 possiderent
2034 885 2126 934 ii,o

1292 938 1502 978 munitiora
1519 937 1607 978 loca
1624 951 1663 986 x,
1678 942 1707 980 9
1723 938 2022 979 munitissimum
2038 952 2125 982 eas-

1295 991 1433 1036 tellum
1460 991 1543 1039 viii,
1561 994 1589 1032 2

1239 1045 1415 1085 Munitio
1433 1045 1511 1099 (de
1535 1045 1623 1098 ipso
1642 1057 1760 1098 opere
1785 1043 2011 1100 muniendi)
2036 1045 2080 1095 ii,
2099 1051 2125 1093 ’1

1275 1098 1530 1140 Ἴιιιιιῐιίίὶοῐιεει
1543 1100 1617 1153 (de
1636 1100 1819 1152 operibus
1837 1098 2125 1155 obsidentium)

1293 1152 1404 1201 xviii,
1420 1156 1444 1194 5

1239 1206 1392 1247 Munus
1420 1207 1494 1261 (de
1514 1207 1720 1248 functione
1737 1212 1779 1247 et
1797 1205 1939 1260 opera)
1956 1223 1966 1247 t
1987 1216 2128 1248 munus

1294 1261 1458 1300 militare
1476 1260 1586 1314 fungi
1615 1260 1692 1308 xiv,
1707 1263 1730 1302 1
1760 1269 1919 1301 munere
1930 1261 2126 1302 seriorum

1294 1314 1405 1368 fungi
1441 1315 1514 1369 (de
1546 1314 1723 1367 Helotis)
1750 1315 1804 1362 iv,
1828 1319 1854 1356 3
1883 1315 1942 1370 (v.
1960 1313 2126 1368 Fungi).

1292 1378 1434 1410 munus
1452 1370 1524 1423 (de
1539 1368 1675 1421 donis)
1690 1383 1700 1408 ε
1721 1378 1880 1409 munera
1893 1379 2044 1422 magnae
2058 1382 2128 1422 pe·

1295 1423 1422 1462 cuniae
1441 1436 1464 1463 a
1482 1423 1595 1476 Rege
1613 1423 1746 1475 aliquo
1764 1422 1844 1477 (sc.
1871 1423 2009 1476 missa)
2049 1425 2128 1470 xix,

1297 1480 1317 1516 1
1341 1477 1494 1516 obviarn
1526 1477 1641 1516 missa
1669 1477 1828 1516 honoris
1853 1489 1946 1530 ergo
1988 1476 2080 1524 xvii,
2101 1481 2128 1518 8

1295 1540 1416 1582 parva
1451 1542 1610 1577 munera
1647 1529 1854 1569 diuturna:
1914 1529 2129 1583 locupletia

1293 1597 1376 1622 non
1405 1584 1562 1636 propria
1577 1596 1662 1623 esse
1690 1589 1978 1635 consueverunt
2004 1583 2086 1631 viii,
2101 1590 2127 1626 4

1295 1636 1472 1690 (illorum
1506 1649 1686 1676 mansura
1721 1643 1779 1677 est
1813 1644 1856 1677 et
1901 1638 2130 1678 intemerata

1295 1690 1444 1743 gloria3
1478 1691 1563 1730 haec
1582 1691 1634 1730 ob
1652 1690 1840 1730 iuvidiam
1857 1690 1956 1731 nibil
1980 1691 2129 1731 habent

1294 1745 1426 1792 solidi,
1442 1757 1521 1797 quo
1539 1744 1692 1797 possint
1704 1746 1888 1798 gaudere.
1905 1756 1942 1785 v.
1960 1744 2125 1800 Propr.)

1293 1804 1436 1838 munus
1454 1799 1623 1838 fortunae
1651 1811 1744 1846 xxv,
1759 1800 1784 1840 8

1239 1852 1465 1906 Munychia
1484 1853 1642 1906 (portus
1661 1851 1823 1899 Atticae,
1843 1859 1889 1897 ut
1904 1847 2128 1906 Shepbnhus

1293 1906 1362 1954 ait,
1383 1919 1468 1954 seu,
1487 1913 1533 1945 nt
1546 1904 1686 1946 Strabo
1706 1905 1774 1946 lib.
1792 1910 1835 1953 2,
1847 1912 1860 1929 ⁸
1874 1905 1987 1947 collis
2005 1905 2128 1947 Cher-

1291 1961 1420 2001 sonesi
1446 1960 1615 2013 speciem
1629 1961 1821 2013 praebeus‚
1846 1959 2047 2001 introitum
2057 1960 2130 2000 ha·

1293 2015 1390 2054 bens
1409 2015 1484 2054 oris
1502 2014 1693 2068 angusti')
1720 2014 1804 2060 viii,
1820 2017 1847 2055 2
2052 2061 2054 2065 .

1239 2066 1382 2108 Murus
1398 2069 1550 2120 ligneus
1569 2069 1836 2122 (aenigmatice
1865 2064 1916 2109 de
1939 2066 2057 2122 mv.)
2081 2067 2144 2116 ii..

1291 2126 1318 2162 2
1362 2123 1461 2161 muri
1496 2121 1729 2162 Atheniens.
1765 2122 1868 2176 (quo
1903 2127 2126 2163 commento

1287 2174 1476 2230 extructi)
1504 2175 1547 2224 ii,
1567 2180 1594 2218 6
1635 2189 1684 2216 ex
1715 2175 1904 2228 sepulcris
1932 2181 1976 2217 et
2001 2176 2126 2216 sacel-

1286 2230 1332 2268 lis
1363 2236 1559 2278 constant,
1590 2230 1687 2270 ibid.
1733 2230 1832 2270 muri
1854 2241 1903 2270 ex
1931 2229 2055 2269 muna
2067 2242 2127 2269 re-

1283 2283 1380 2323 fecti
1407 2283 1491 2330 xiii,
1523 2287 1549 2325 4
1590 2284 1690 2324 muri
1719 2284 1849 2324 victus
1877 2282 1998 2325 diruti
2024 2283 2079 2330 ix,
2096 2287 2124 2323 4

1284 2349 1414 2375 muros
1450 2344 1596 2378 struere
1641 2337 1685 2384 ii,
1721 2341 1750 2378 6
1811 2346 1941 2376 muros
1993 2335 2122 2375 reficit

1287 2390 1430 2430 Conon
1463 2389 1518 2436 ix,
1537 2394 1563 2430 4
1611 2402 1742 2429 muros
1772 2390 1899 2442 sepire
1927 2389 2003 2430 ὅτε.
2029 2389 2075 2438 ii,
2095 2393 2121 2432 7

1239 2490 1242 2492 μ
1284 2444 1404 2483 muris
1417 2443 1545 2483 caruit
1561 2441 1701 2495 Sparta
1726 2441 1796 2491 vii,
1810 2445 1838 2484 6

1231 2494 1403 2543 Musica,
1419 2496 1535 2538 Praes.
1564 2495 1712 2536 musice
1726 2495 1949 2550 &principis
1961 2504 2127 2550 persona

1284 2549 1395 2590 abest
1422 2563 1487 2598 xv,
1508 2554 1530 2591 1
1562 2549 1618 2590 'in
1645 2549 1804 2590 musicis
1833 2558 1974 2604 magna
2002 2547 2125 2605 gioria

1285 2615 1374 2644 esse
1401 2618 1466 2650 xv,
1488 2606 1514 2645 2
1975 2649 1981 2652 ,

1231 2658 1392 2698 Mutare
1412 2670 1516 2697 arma
1534 2657 1632 2712 (alia
1649 2656 1846 2710 invenire)
1881 2658 1936 2707 xi,
1957 2657 1979 2700 1
2027 2669 2123 2700 con-

1286 2712 1417 2752 silium
1444 2711 1593 2758 xviii,9
1621 2723 1763 2760 mores,
1775 2712 1959 2753 vestitum
1973 2711 2051 2753 &a
2067 2713 2124 2760 iv,

1285 2769 1310 2806 3
1351 2772 1500 2806 mutare
1520 2764 1670 2818 aliquid
1689 2767 1741 2805 de
1759 2766 1871 2806 cultu
1890 2766 2123 2819 quotidiano

1284 2826 1326 2858 et
1355 2821 1405 2859 de
1436 2819 1529 2859 vitae
1548 2819 1834 2859 consuetudine
1860 2830 1953 2867 xxv,
1971 2820 2024 2862 u
2050 2820 2124 2874 ⁸¹5*ss

1285 2871 1383 2925 quid
1402 2875 1452 2914 de
1470 2874 1579 2914 victu
1597 2879 1638 2913 et
1662 2873 1805 2913 vestitu
1851 2872 1946 2920 nii,
1964 2869 1991 2915 ¹1
2037 2884 2123 2913 mu-

1286 2934 1369 2966 tata
1400 2934 1460 2967 est
1491 2927 1671 2966 voluntas
1699 2926 1806 2980 vulgi
1829 2925 2056 2969 mirabiliter
2082 2939 2123 2975 x,

1289 2985 1339 3021 10
1368 2980 1456 3035 (alii
1475 2996 1484 3021 ε
1503 2980 1730 3034 immutata)

1232 3035 1481 3075 Mutationes
1499 3034 1597 3088 reip.
1625 3044 1716 3082 xxv,
1734 3036 1788 3076 16

1230 3087 1392 3129 Mutina
1419 3102 1509 3136 nr,
1525 3093 1555 3129 9

1232 3143 1380 3183 Mutua
1399 3140 1594 3183 beneficia
1622 3141 1701 3189 xiv,
1722 3145 1774 3182 1⁰
1960 3159 1965 3164 ·

1231 3195 1398 3250 Mycale
1417 3195 1530 3250 (urbs
1548 3195 1697 3249 Cariae)
1725 3207 1766 3243 v,
1781 3199 1809 3236 2
1852 3194 1952 3251 (nisi
1971 3191 2121 3249 gloss&

1287 3261 1348 3289 ma
1365 3256 1425 3289 est

1231 3250 1448 3357 Mysteria)
1461 3303 1591 3343 facere
1634 3301 1704 3349 vii,
1734 3305 1760 3342 3
1809 3299 1982 3354 (Cereris
2011 3309 2120 3340 sacra

1287 3370 1453 3398 arcana:
1485 3356 1563 3397 alio
1582 3357 1756 3403 nomine,
1783 3354 1930 3394 Initiae
1967 3352 2037 3393 De
2071 3353 2119 3393 iis

1285 3410 1390 3452 Just.
1437 3424 1476 3457 v,
1512 3413 1551 3456 1,
1601 3413 1639 3451 1.
1684 3409 1862 3449 Brisson.
1898 3410 1936 3448 1.
1964 3407 2120 3454 foruml-

1288 3464 1401 3504 Alex.
1418 3482 1419 3485 ¹
1434 3465 1484 3504 ab
1501 3462 1618 3503 Alex.
1636 3463 1690 3509 vi,
1707 3459 1773 3504 19.
1814 3466 1856 3500 et
1873 3460 2022 3512 prolixe
2040 3461 2119 3502 Cn-

1286 3519 1449 3558 saubon.
1478 3517 1567 3557 adv.
1595 3515 1740 3556 Baton.
1770 3513 1938 3556 Exercit.
1956 3514 2117 3565 xvi,48.
