2306 3900
791 201 1015 241 RERUM
1056 201 1133 240 ΕΤ
1171 200 1536 242 VERBORUM.

231 320 369 362 victor
380 323 570 365 exercitus
584 322 775 377 (victoriis
792 324 918 364 clarus
935 330 977 365 et
994 325 1110 379 felix)

290 375 384 424 xvii,
401 380 427 417 4

232 427 373 468 Victor
391 430 588 483 Olympiae
599 429 918 484 (Ὀλυμπιονίκης
929 428 998 484 qui
1009 432 1111 471 ludis

287 481 452 538 olymp.
469 483 600 536 vicit),
630 483 746 524 Praef.
761 490 802 524 et
828 485 896 531 vii,
915 489 942 525 6

232 533 408 575 Victoria
423 536 570 589 duplex
587 550 667 577 uno
683 537 749 576 die
775 550 814 584 v,
826 541 854 579 2
881 536 1042 578 victoria
1055 538 1111 577 ci-

287 588 375 628 vilis
404 590 560 630 funesta
585 604 650 638 xv,
666 594 718 631 10
757 589 920 629 victoria
946 603 1038 630 casu
1070 596 1111 630 et

291 654 416 683 errore
450 649 633 696 corrupta
659 643 688 689 i,
706 647 733 684 7
779 643 940 683 victoria
975 644 1112 696 patriae

289 692 358 741 vii,
391 699 418 736 8
457 695 618 736 victoria
650 708 698 735 ea
729 697 928 749 praeclara,
960 697 1002 735 in
1035 710 1114 749 qua

288 748 379 799 plus
395 749 628 796 clementiae,
648 762 764 802 quam
783 750 1020 789 crudelitatis
1046 764 1112 797 xx,

290 805 317 841 2
345 799 574 842 fortitudine
606 809 648 842 et
675 803 885 855 prudentia
900 809 1115 855 temperata

290 851 374 901 viii,
405 857 433 896 2
472 855 633 896 victoria
668 856 876 896 elationem
914 859 1017 918 parit
1059 856 1113 903 iv,

292 909 332 948 1.
354 910 399 948 2.
437 907 491 955 vi,
518 913 542 949 1
591 910 760 949 victoriae
795 922 996 962 praemmm
1035 910 1063 956 i,
1087 914 1115 950 6

291 973 443 1012 magnae
470 961 634 1002 effectus
659 961 714 1010 ix,
732 966 759 1004 4
786 963 987 1003 victoriam
1011 976 1116 1015 saepe

292 1025 407 1053 casus
441 1020 484 1054 et
517 1015 677 1056 licentia
711 1016 880 1055 hostium
915 1018 986 1056 dat
1010 1017 1063 1065 vi,
1092 1020 1115 1056 1

292 1066 464 1107 victoriae
481 1069 639 1120 pariunt
656 1068 816 1122 gloriam
843 1067 887 1117 ii,
903 1073 931 1110 6
957 1069 1120 1110 victoria

291 1119 417 1211 {latus
446 1120 660 1162 Pausanias
684 1123 739 1170 iv,
759 1126 782 1163 1
812 1123 937 1164 elatus
964 1123 1117 1177 Lysan-

322 1186 363 1212 er
389 1173 428 1212 vi
464 1177 488 1215 1

242 1223 382 1287 Victus
418 1203 460 1267 et
495 1227 575 1268 vita
608 1227 792 1283 (disting.
823 1231 869 1269 ut
892 1227 979 1271 haec
1011 1236 1118 1269 exte·

293 1292 433 1320 norem
469 1279 572 1321 inter
603 1283 780 1323 homines
811 1289 854 1323 et
883 1283 926 1323 in
958 1283 1118 1336 publico

293 1336 647 1385 consuetudinem;
674 1336 740 1376 ille
768 1335 959 1376 interioris
992 1343 1034 1376 et
1061 1337 1119 1376 fa-

294 1387 452 1426 miliaris
498 1387 589 1428 vitae
630 1389 899 1438 instrumenta,
941 1390 1121 1429 domum-

293 1451 373 1532 que
389 1452 438 1480 ac
453 1454 624 1482 mensam
643 1443 793 1483 innuat.
821 1440 990 1495 Boecl.)
1007 1443 1077 1490 vii,
1096 1446 1117 1482 1

324 1493 490 1535 educere
513 1495 683 1549 aliquem
710 1510 735 1535 a
759 1495 922 1547 pristino
948 1496 1064 1546 victu*
1081 1510 1120 1543 x,

294 1549 322 1587 4
349 1547 436 1600 (hic
463 1554 475 1572 ‘
493 1547 633 1588 victus’
651 1555 712 1587 est
728 1549 819 1588 vitre
837 1562 975 1602 genus,
1003 1554 1015 1572 ⁸
1030 1549 1122 1588 vitae

250 1649 253 1652 ‚
295 1600 447 1647 status:
466 1606 511 1639 ut
526 1602 611 1653 ipse
625 1600 778 1642 Auctor
794 1601 1002 1655 explicat).
1040 1603 1122 1642 vic-

296 1658 380 1692 tum
408 1653 680 1706 quotidianum
705 1668 883 1696 amovere
901 1655 1041 1710 (vulgo
1060 1668 1121 1695 or-

296 1706 506 1755 dinarium,
542 1708 719 1762 quotidie
751 1709 915 1762 praeberi
942 1708 1142 1762 solitum)

296 1759 404 1808 xviii,
422 1763 476 1801 12

245 1813 391 1854 Videre
410 1813 550 1878 :fidit
575 1828 718 1878 magno
753 1829 796 1856 se
830 1815 913 1856 fore
938 1814 1122 1869 *periculo

249 1969 254 1973 ‚
292 1866 660 1973 fss‘ftzissssffl’
674 1869 872 1962 ἳηῑξὲἶὶἒᾱ,
901 1882 1125 1977 ’ὂῃῗέἓξὲἰ

298 1973 390 2027 bat)
416 1972 485 2024 vii,
511 1979 540 2016 9
578 1989 660 2015 non
690 1975 792 2016 vidit
817 1975 1047 2030 cujusquam
1077 1990 1127 2016 ex

300 2030 372 2067 su'a
384 2027 502 2081 stirpe
515 2029 632 2068 funus
646 2029 750 2083 (non
763 2036 943 2082 expertus
955 2036 1016 2070 est
1028 2029 1126 2083 &c.)

300 2081 380 2128 xxi,
399 2084 425 2122 2
453 2095 534 2121 non
551 2081 752 2131 videbant,
770 2084 866 2137 quid
884 2084 1127 2136 potissimum

300 2131 469 2174 vitarent
497 2136 792 2188 (incerti'erant
818 2137 919 2188 &c.)
946 2137 1054 2184 xxiii,
1074 2142 1124 2179 11

301 2188 438 2227 videor
466 2201 582 2241 posse
610 2191 847 2230 contendere
863 2190 1050 2243 (formula
1067 2203 1129 2230 as-

302 2241 553 2282 severationis
565 2255 655 2282 cum
666 2242 858 2283 modestia
864 2240 1129 2296 stabiliendae)

303 2308 395 2342 xxv,
414 2297 466 2335 12
505 2294 541 2336 si
567 2296 641 2336 tibi
672 2297 839 2344 videtur,
869 2297 940 2336 des
965 2296 1041 2337 &c.
1073 2297 1130 2350 (si

303 2346 456 2401 placet)
483 2349 536 2396 iv,
553 2353 580 2389 2
607 2349 672 2390 Sic
689 2365 699 2389 ε
729 2349 762 2390 si
779 2350 817 2389 ei
835 2350 1044 2397 videretur,
1062 2363 1130 2389 ve-

303 2401 406 2442 niret
436 2400 510 2441 &c.
538 2401 618 2449 xiv,
643 2405 694 2443 11
723 2403 848 2442 visum
882 2409 943 2443 est
976 2409 1130 2458 tempus

306 2455 359 2494 rei
396 2454 577 2506 gerendae
603 2454 682 2502 xvi,
713 2458 740 2496 2
785 2468 875 2496 cum
910 2463 993 2496 tum
1029 2463 1131 2496 esset

306 2507 433 2546 visum
468 2508 601 2560 copias
635 2509 833 2549 extrahere
868 2507 943 2549 διο.
979 2507 1072 2557 xvii,
1104 2514 1129 2550 3

306 2559 414 2607 vide,
461 2573 512 2600 ne
547 2568 591 2600 tu
626 2562 741 2615 pejus
777 2563 958 2602 consulas
993 2576 1057 2610 xv,
1079 2567 1130 2603 10

333 2611 462 2653 Graev.
480 2613 531 2653 ad
550 2614 635 2655 Cic.
653 2616 705 2655 de
724 2614 838 2656 Offic.
859 2619 897 2657 1.
917 2629 1006 2670 cap.
1025 2615 1102 2670 20)

253 2662 307 2702 Vi
337 2679 388 2706 ua
404 2667 560 2715 nobilis,
577 2667 696 2709 Praef.

253 2716 425 2772 Vigere:
454 2721 524 2782 qui
548 2722 667 2774 paulo
695 2727 786 2762 ante
809 2722 974 2763 victores
997 2722 1131 2775 vigue-

308 2779 396 2812 rant
438 2773 507 2820 vri,
541 2779 566 2815 5
609 2774 721 2829 (cum
753 2775 1057 2838 amplificatione
1092 2783 1133 2815 et

309 2825 440 2878 elogio
457 2826 627 2876 effertur,
658 2829 765 2881 quod
791 2829 1016 2881 simpliciter
1046 2828 1132 2868 dix-

310 2879 405 2919 isset
432 2880 599 2921 victores
629 2881 820 2935 fuerant).
863 2880 1021 2937 vigebat
1051 2881 1133 2922 vio-

298 2931 421 2994 ·lacea
436 2946 490 2996 pu
539 2947 607 2974 ura
623 2933 728 2987 (erat
744 2934 785 2974 in
802 2936 965 2998 pretio),
982 2934 1044 2975 Fr.
1063 2940 1088 2977 8

255 2982 472 3038 vigilantia
529 2987 658 3041 iquem
675 2988 830 3030 vincere
855 2989 964 3039 xviri,
981 2989 1005 3030 1

256 3036 407 3091 vigilia
449 3042 634 3089 secunda,
680 3042 792 3081 tertia
836 3042 977 3096 (paulo
1013 3049 1131 3083 ante:

317 3093 441 3144 prima
471 3094 571 3147 nox)
598 3092 705 3142 xviii,
721 3099 748 3136 9
791 3094 890 3149 (nox
913 3095 955 3136 in
981 3099 1007 3137 4
1037 3096 1140 3149 vigi-

313 3146 385 3186 lias
422 3152 606 3200 tanquam
641 3154 770 3201 partes
805 3149 974 3202 aequales
1010 3148 1135 3189 divisa

312 3199 520 3240 veteribus.
547 3201 684 3241 Boecl.
711 3202 775 3241 Sic
795 3201 933 3243 Cicero
955 3203 1005 3242 ad
1024 3202 1135 3242 Fam.

314 3252 373 3300 iii,
391 3257 417 3294 7
445 3258 458 3277 ‘
478 3267 567 3294 cum
593 3267 690 3306 puer
707 3260 797 3294 tuus
814 3255 864 3294 ad
883 3269 946 3295 me
965 3257 1136 3296 secunda

315 3307 394 3347 fere
406 3306 539 3360 vigilia
548 3307 729 3354 venisset,
737 3306 825 3347 ἄεξ’
843 3307 956 3348 Idem
967 3308 1008 3349 in
1019 3309 1137 3350 Catil.

315 3365 341 3402 8
371 3359 510 3400 ‘tertia
522 3360 602 3401 sere
618 3358 751 3413 vigilia
769 3361 955 3415 exacta’).
989 3375 1079 3402 cum
1097 3362 1138 3401 in

317 3414 451 3455 castris
483 3413 569 3466 ejus
597 3427 677 3454 non
706 3413 799 3455 satis
824 3413 1030 3468 diligenter
1046 3429 1137 3469 age-

1872 185 2048 241 cxlvii

1223 330 1357 364 rentur
1385 321 1531 378 vigiliae
1569 321 1653 371 viii,
1682 324 1711 364 4
1754 321 1829 377 (de
1860 323 2050 364 custodiis

1225 377 1454 417 nocturnis:
1481 390 1572 416 nam
1599 382 1613 400 ‘
1631 375 1817 416 excubiae’
1848 375 1966 416 etiam
1996 379 2047 417 de

1225 431 1373 469 diurnis
1403 430 1601 471 dicuntur.
1636 430 1772 470 Boecl.
1812 429 1878 469 Sic
1908 429 2047 470 Cicero

1224 483 1336 523 Verr.
1354 487 1381 524 6
1409 489 1422 507 ‘
1441 491 1487 523 ut
1508 489 1630 524 noctu
1653 483 1807 535 vigilias
1823 489 1983 537 agerent
1996 485 2047 523 ad

1227 537 1333 575 aedes
1351 536 1514 590 sacras’)

1171 585 1279 628 Villa
1289 595 1490 630 sumtuosa
1500 589 1734 639 suburbana,
1745 587 1936 629 maritima
1961 603 2052 637 ην,

1172 690 1345 735 Vincere
1379 695 1550 748 aliquem
1586 708 1693 744 cura,
1738 694 1942 748 vigilantia
1977 696 2052 737 &c.

1227 748 1504 802 (antecellere)
1548 749 1657 797 xviii,
1692 753 1716 791 1
1763 762 1898 788 omnes
1947 750 2054 801 gravi

1227 801 1363 864 prmlio
1397 802 1495 842 vicit
1519 801 1613 865 pii,
1631 806 1659 842 4
1697 801 1787 864 Sic:
1816 803 1910 842 victi
1944 809 2055 842 erant

1229 854 1566 956 exsafflzffiaekff
1578 856 2058 961 Zssssffiiiissffiffii

1231 962 1285 1008 xi,
1319 965 1342 1002 1
1400 961 1572 1015 (oppon.
1606 975 1799 1015 nusquam
1831 962 1951 1015 culpa
1985 976 2056 1002 sua

1231 1014 1334 1054 male
1350 1028 1431 1054 rem
1450 1015 1583 1067 gessit,
1600 1013 1721 1068 ibid.)

1178 1065 1352 1109 Vincula
1383 1067 1568 1119 (carceris
1602 1067 1784 1122 signif.):
1824 1068 1868 1107 in
1901 1066 2059 1107 vincula

1232 1121 1392 1174 pubIIca
1409 1121 1612 1174 conjectus
1630 1127 1690 1162 est
1715 1122 1744 1170 i,
1762 1125 1788 1162 7
1816 1135 1866 1161 ex
1893 1121 2060 1161 vinculis

1234 1175 1402 1268 qulicils
1431 1176 1606 1284 effuget}
1628 1175 1684 1268 ilg,
1701 1179 1729 1216 2
1749 1174 1924 1267 lvincula
1941 1176 2059 1269 ρρίἷ

1253 1242 1276 1267 ο
1294 1243 1328 1268 ae
1390 1242 1543 1270 acerare
1608 1241 1703 1269 au:
1765 1241 1876 1268 axare
1940 1242 1994 1275 ιν,

1233 1280 1426 1335 (Antiqui
1470 1283 1576 1322 enim
1621 1282 1788 1321 vinculis
1822 1227 2061 1334 colligabant

1234 1334 1897 1432 ...212
1913 1338 2061 1428 ss,-

1238 1437 1349 1481 Curt.
1375 1439 1443 1487 vii,
1460 1446 1503 1486 2,
1521 1419 1589 1481 2δῖ
1616 1419 1778 1493 issoecl.)

1182 1493 1395 1536 Vindicate
1435 1491 1531 1547 sibi)
1544 1494 1594 1533 ab
1609 1493 1742 1546 aliquo
1755 1492 1959 1542 nonnulla,
1971 1493 2062 1546 plu-

1236 1548 1332 1586 rima
1349 1547 1417 1601 (tri
1446 1559 1551 1594 uere,
1584 1546 1795 1600 ascribere)
1821 1546 1904 1594 viii,
1923 1551 1948 1587 1
1975 1548 2063 1587 vin-

1236 1600 1369 1641 dicare
1404 1601 1455 1640 ali
1486 1613 1574 1640 uem
1608 1601 1650 1640 in
1685 1601 1904 1641 libertatem
1943 1613 2010 1647 xv,
2035 1605 2062 1640 8

1235 1653 1400 1708 patriam
1416 1654 1459 1693 in
1489 1654 1691 1694 ibertatem
1708 1667 1757 1694 ex
1773 1654 1955 1695 servitute
1981 1655 2063 1708 (re-

1238 1707 1399 1747 stituere
1415 1706 1513 1760 &c·)
1539 1707 1649 1755 xviii,
1667 1711 1690 1748 1

1182 1761 1314 1803 Vinea
1339 1762 1369 1808 i,
1397 1764 1425 1801 ⁷
1469 1761 1788 1814 (instrumentum
1831 1761 1874 1800 in
1909 1774 2063 1814 oppug-

1235 1815 1377 1854 nandis
1393 1815 1519 1854 urbib.
1534 1815 1750 1856 accessibus
1764 1815 1947 1862 serviens,
1965 1828 2065 1867 quos

1190 1870 1195 1874 '
1237 1867 1337 1921 tegit
1349 1868 1424 1908 ὅτε.
1450 1868 1531 1907 vid.
1545 1867 1655 1922 Lips.
1670 1869 1840 1909 Poliorc.
1866 1868 1952 1916 ia.
1977 1869 2066 1908 Ste-

1238 1919 1362 1961 wech.
1395 1922 1446 1961 ad
1477 1921 1620 1986 Veget.
1639 1922 1701 1993 jv,
1728 1926 1794 1963 15.
1839 1921 1974 1962 Hodie
2005 1935 2065 1961 re·

1185 1974 1839 2082 Ἷίἶξῡὲἶῗὶίεςῗὲιεὲξᾶἰῐίῗξῗέ
1865 2027 1931 2082 (N
1932 2041 1985 2068 on
2019 2034 2067 2067 ut

1239 2082 1335 2122 alias
1352 2083 1403 2122 de
1421 2083 1551 2122 studio
1569 2088 1610 2122 et
1624 2082 1722 2123 vitio
1735 2083 1856 2123 animi
1873 2081 1934 2121 his
1950 2082 2066 2121 rebus

1241 2135 1382 2184 dediti,
1409 2136 1480 2187 sed
1506 2136 1586 2176 dei
1617 2149 1660 2176 so
1679 2142 1771 2177 actu
1785 2135 2069 2189 perpotationis

1240 2195 1282 2229 et
1316 2189 1550 2242 epulationis
1579 2149 1646 2230 liic
1677 2190 1878 2243 accipitur.
1905 2188 2067 2241 Boecl.)

1239 2243 1332 2282 vino
1350 2241 1556 2305 epulisque
1573 2244 1684 2283 obrui
1710 2258 1751 2291 x,
1767 2247 1795 2284 4

1188 2294 1392 2336 Vinolentr
1419 2296 1596 2337 homines
1625 2296 1804 2351 (ebriosi,
1833 2295 1987 2344 vinosi3
2015 2295 2067 2334 de

1239 2350 1375 2388 habitu
1389 2349 1553 2400 vitioso)
1570 2349 1640 2396 vii,
1650 2354 1701 2390 11
1729 2348 1920 2388 vinolenti
1927 2348 2070 2401 (ebrii3

1241 2402 1293 2441 de
1319 2400 1432 2464 actu)
1458 2400 1539 2448 xvi,
1556 2405 1581 2442 3
1610 2402 1703 2455 (ubi
1718 2407 1850 2442 tamen
1866 2401 1949 2440 Ms.
1967 2401 2067 2441 Em-

1243 2454 1322 2502 stii,
1349 2461 1361 2478 ⁴
1381 2467 1472 2494 vino
1491 2452 1610 2507 pleni’

1189 2506 1379 2548 Violacea
1395 2519 1579 2560 purpura,
1630 2519 1660 2546 r.
1678 2511 1705 2549 8

1188 2561 1348 2601 Violare
1366 2561 1536 2613 aliquem
1554 2561 1734 2615 (laedere,
1751 2559 1932 2613 injuriam
1950 2561 2067 2601 alicui

1244 2614 1395 2669 facere)
1422 2628 1512 2661 ην,
1540 2619 1569 2656 9
1607 2613 1698 2655 Sic:
1728 2613 1866 2655 violari
1891 2616 1941 2654 ab
1973 2614 2068 2667 aliq.

1245 2669 1325 2715 xvi,
1342 2673 1367 2709 5
1395 2668 1563 2708 violatus
1581 2666 1789 2708 crudeliter
1813 2682 1853 2716 x,
1871 2673 1898 2710 2
1924 2668 2069 2707 violare

1246 2722 1493 2762 clementiam
1525 2721 1684 2776 (contra
1711 2721 1828 2762 clem.
1842 2721 1993 2775 aliquid
2010 2722 2070 2761 fa·

1246 2771 1356 2826 cere)
1383 2775 1451 2823 vii,
1467 2778 1519 2816 10
1563 2776 1696 2815 fanum
1724 2774 1778 2823 iv,
1796 2779 1823 2816 4
1866 2787 1974 2815 sacra
2000 2774 2069 2821 vii,

1245 2833 1272 2869 4
1299 2828 1392 2868 Sic:
1422 2841 1490 2869 eos
1518 2827 1653 2869 violari
1682 2828 1809 2868 vetuit
1832 2827 1938 2882 (scil.
1969 2841 2069 2881 quos

1246 2881 1325 2922 loci
1347 2881 1482 2935 religio
1510 2882 1699 2922 reddebat
1724 2881 1982 2928 inviolabiles,
2009 2882 2069 2921 his

1246 2937 1380 2976 noceri
1407 2934 1547 2975 noluit.
1574 2934 1734 2988 Boecl.)
1760 2936 1855 2983 xvii,
1872 2940 1899 2977 4
1926 2935 2071 2975 violare

1245 2991 1429 3030 cedentes
1444 2989 1629 3042 (caedere,
1647 2988 1852 3053 persequi)
1877 2988 1960 3035 viii,
1978 2993 2005 3029 2

1191 3040 1263 3084 Vir
1297 3042 1502 3083 acerrimus
1541 3041 1610 3090 vii,
1638 3049 1663 3084 5
1707 3043 1871 3083 callidus
1909 3041 1989 3089 xiV,
2018 3047 2071 3083 10

1247 3096 1476 3137 clarissimus
1503 3096 1547 3143 ii,
1569 3100 1596 3137 8
1622 3096 1732 3136 fortis
1757 3095 1838 3144 xiv,
1856 3100 1882 3135 7
1908 3096 2072 3136 fortissi-

1247 3163 1332 3190 mus
1357 3149 1466 3197 xxiii,
1501 3154 1553 3191 13
1594 3150 1767 3190 omnium
1800 3148 2072 3191 callidissimus

1249 3202 1356 3250 xxiii,
1374 3208 1402 3244 9
1428 3203 1499 3243 viri
1526 3203 1639 3243 unius
1665 3210 1811 3255 quanta
1828 3216 1933 3255 saepe
1949 3203 2071 3243 virtus

1246 3256 1291 3303 ii,
1306 3259 1389 3297 45
1435 3257 1507 3295 viri
1540 3257 1773 3296 excellentes
1814 3269 1879 3303 xv,
1898 3261 1926 3297 4
1970 3270 2071 3310 prae-

1248 3315 1395 3349 stantes
1411 3309 1601 3357 claritate,
1617 3323 1687 3349 usu
1704 3308 1798 3348 belli
1824 3310 1932 3357 xviii,
1947 3314 1972 3351 3
2000 3310 2073 3348 viri

1250 3362 1343 3402 clari
1375 3375 1491 3415 quem
1520 3363 1665 3402 exitum
1696 3362 1872 3416 plerique
1903 3363 2071 3403 Athenis

1250 3416 1341 3456 hab.
1379 3415 1457 3464 xix,
1488 3420 1515 3459 4
1558 3416 1727 3458 virorum
1760 3418 1896 3458 claror.
1931 3417 2071 3456 notitia
