2306 3900
288 285 291 287 -
305 241 411 302 580

299 375 492 417 Animal.
510 375 586 416 lib.
606 387 677 417 111.
696 380 765 416 23.
798 375 957 417 Ἄλλως
974 391 1020 416 τε
1037 375 1114 416 οὐδ’
1138 376 1186 417 ἂν

303 437 468 491 ἔπρεπεν
485 438 590 491 ἀνδρὶ
606 441 756 490 συνετῷ
783 437 877 491 πρὸς
903 440 976 487 τῆς
1002 438 1185 488 ἀληθείας

301 502 536 550 ποιήσασθαι
551 501 600 542 τὸ
617 504 767 555 ψεῦδος,
787 500 876 543 οὐδὲ
890 502 956 543 ἐπὶ
974 501 1098 556 κέρδει
1119 519 1185 554 με·

300 565 439 616 -γίστῳ,
469 566 597 606 ΟεῠΙι.
642 567 712 607 Sic
731 566 931 607 laudatur
945 567 1182 608 Plutarcho

295 629 503 670 Aristidis
527 628 644 681 φύσις
679 629 855 683 ἱδρυμένη
873 630 914 670 ἐν
929 631 1012 678 ἤθει
1035 630 1182 681 βεβαίῳ

298 692 366 732 καὶ
390 691 486 745 πρὸς
520 692 577 732 τὸ
617 693 761 734 δίκαιον
791 693 945 745 ἀτενὴς,
974 694 1111 745 ψεῦδος
1147 695 1181 734 δ’

297 756 376 796 οὐδ’
414 757 456 797 ἐν
489 759 643 798 παιδιᾶς
669 772 746 797 τινι
779 756 909 810 τρόπῳ
936 756 1181 809 προσιεμένη.

296 819 415 862 Hinc
461 822 576 874 apud
622 821 851 862 Attianum
900 821 1178 862 Alexander:

296 883 356 923 Οὐ
368 886 508 936 χρῆναι
525 884 597 925 τὸν
613 878 906 931 βασιλέαᾶλλο
919 899 960 924 τι
972 884 998 931 ἢ
1016 883 1179 932 ἆληθεῦ·

295 961 353 986 ειν
378 946 472 999 πρὸς
505 947 598 987 τοὺς
635 946 837 995 ὑπηκόους.
891 948 1038 987 Simile
1076 948 1179 1000 quid

293 1010 410 1051 idem
448 1011 655 1052 Arrianus
692 1012 745 1051 de
778 1011 1033 1061 Ptolemaeo,
1060 1016 1106 1051 et
1124 1010 1179 1051 de

292 1073 322 1114 J
327 1074 466 1113 uliano
486 1074 782 1115 Mamertinus,
839 1076 957 1125 Lege
978 1073 1178 1115 Grotium

294 1136 349 1175 de
366 1135 475 1176 Jure
494 1136 607 1176 Belli
625 1148 676 1175 ac
698 1135 826 1176 Pacis
844 1136 917 1176 lib.
936 1147 1009 1176 111.
1030 1140 1069 1176 1.
1099 1142 1103 1143 ’

347 1200 564 1240 Commissa
576 1199 720 1251 celans]
755 1200 929 1240 Nullam
945 1211 1036 1239 rem
1055 1205 1177 1241 natu-

292 1275 342 1304 ra
355 1264 514 1303 homini
537 1265 670 1304 voluit
687 1276 782 1304 esse
798 1263 1036 1304 faciliorem
1052 1276 1177 1317 quam

289 1334 454 1368 tacere.
507 1329 731 1380 Diogenes
758 1327 903 1369 Laert.
935 1328 1010 1368 lib.
1031 1340 1114 1370 vn.
1132 1330 1175 1369 in

289 1393 528 1434 Cleanthe:
556 1391 760 1445 Ἐρομένου
787 1392 893 1433 τινός
913 1407 953 1433 τι
973 1392 1176 1433 ὑποτίθεσ-

287 1458 349 1494 θαι
366 1457 431 1494 δεῖ
440 1457 499 1506 τῷ
515 1455 596 1507 υἱῷ,
614 1454 662 1495 ‘rb
691 1456 736 1495 ἐκ
748 1457 819 1504 τῆς
837 1453 1069 1508 Ἠλέκτρας,
1085 1454 1175 1510 ἔφη,

288 1518 404 1569 Σίγα,
423 1517 534 1571 σίγα,
550 1519 698 1559 λεπτὸν
720 1519 844 1569 ἴχνος.
875 1519 996 1559 Curt.
1018 1519 1090 1559 lib.
1109 1530 1172 1560 lv.

287 1584 356 1620 50.
385 1581 398 1603 ‘
414 1580 579 1632 Lingua
598 1581 769 1632 gravius
781 1581 1034 1632 castigatur,
1046 1593 1173 1634 quam

286 1642 422 1682 ullum
456 1643 687 1694 probrum3
730 1654 814 1683 -nec
849 1655 1046 1695 magnam
1083 1656 1173 1685 rem

286 1705 415 1756 Magi
426 1706 629 1746 sustineri
658 1718 785 1758 posse
813 1706 996 1746 credunt
1019 1706 1075 1747 ab
1103 1719 1172 1759 eo,

286 1768 357 1807 cui
378 1773 520 1808 tacere
547 1781 680 1821 grave
692 1770 769 1819 sit,
799 1769 910 1822 quod
933 1770 1089 1811 homini
1107 1769 1171 1811 fa-

286 1829 489 1870 cillimum
519 1832 702 1871 voluerit
722 1845 814 1872 esse
832 1832 1015 1873 natura.'
1071 1833 1171 1873 Hoc

284 1905 458 1947 quoque
478 1906 532 1935 ex
551 1895 775 1947 disciplina
794 1896 1084 1948 Pythagorica
1099 1898 1171 1937 ha-

283 1956 398 2007 buit,
431 1958 503 2010 qui
538 1959 856 2010 religiosissime
885 1960 1098 1999 silentium
1119 1973 1169 2001 ac

282 2018 413 2059 fidem
442 2019 663 2062 colebant.
716 2022 903 2072 Diogen.
929 2021 1076 2062 Lae‘rt.
1094 2023 1169 2064 lib.

284 2093 388 2122 vnl.
407 2081 580 2132 Ἐλεγόν
596 2099 642 2123 τε
659 2083 724 2124 καὶ
738 2085 775 2124 οἱ
788 2084 905 2125 ἄλλοι
919 2086 1169 2138 Πυθαγόρειοι

281 2143 336 2192 μὴ
356 2142 450 2184 εῖναι
467 2144 561 2196 πρὸς
578 2145 729 2187 πάντας
745 2146 874 2188 πάντα
896 2148 1008 2200 ῥητὰ,
1026 2150 1076 2189 ὡς
1093 2148 1169 2200 φή-

281 2221 345 2247 σιν
367 2208 632 2261 Ἀριστόξενος
664 2212 705 2251 ἐν
739 2212 882 2266 δεκάτῃ
918 2215 1169 2255 παιδευτικῶν

280 2270 424 2321 λύγων.
452 2273 633 2313 Interim
655 2273 887 2326 difficilem,
905 2287 994 2316 rem
1014 2283 1168 2317 natura

279 2334 548 2387 facillimam,
565 2335 711 2376 reddit
726 2338 999 2379 imbecillitas
1019 2340 1167 2380 huma-

280 2397 323 2437 ni
338 2398 509 2449 judicii,
540 2399 610 2439 vel
629 2400 759 2440 etiam
780 2400 1012 2443 affectuum
1033 2404 1165 2456 impo-

279 2461 432 2501 tentia.
466 2460 591 2503 Gebh.
648 2463 769 2503 Inter
807 2465 889 2505 tria
918 2465 1109 2507 difficilia
1141 2480 1165 2508 a

279 2526 459 2567 Chilone
481 2527 509 2566 Ι.
526 2538 559 2568 1.
594 2529 710 2580 apud
727 2529 947 2570 Laenium
965 2531 1164 2585 refertur,

277 2590 289 2610 ‘
313 2590 536 2630 commissa
568 2591 746 2633 tacere!
801 2593 935 2635 Juvat
951 2595 1080 2636 verba
1100 2608 1165 2635 ar-

279 2665 452 2693 cessere
481 2667 493 2693 :
522 2652 568 2693 Τί
608 2652 827 2705 δύσκολον;
867 2664 1067 2709 rogatur:
1114 2658 1163 2698 τὸ

277 2716 330 2756 τὰ
362 2715 561 2769 ἀπόῤῥητα
575 2720 783 2771 σιωπῆσαι,
810 2721 1062 2772 respondit;
1098 2722 1162 2763 καὶ

277 2779 436 2830 σχολὴν
460 2778 506 2819 εὖ
524 2779 731 2833 διαθέσθαι,
746 2780 812 2822 καὶ
829 2782 1074 2833 ἀδικούμενον
1098 2784 1162 2825 δύ-

274 2846 414 2882 νασθαι
442 2841 583 2896 φέρειν.
641 2846 749 2886 Quae
795 2846 878 2886 tria
911 2845 1085 2889 δύσκολα
1118 2855 1162 2891 et

276 2907 596 2957 Epaminondas
609 2908 880 2949 laudabiliter
891 2912 1071 2963 peregit.
1089 2913 1161 2952 In-

277 2969 448 3019 genium
466 2971 792 3022 Epaminondae,
809 2972 896 3012 sive
909 2972 1000 3021 ἧθος
1018 2989 1160 3024 σιωπη-

274 3032 349 3073 λὸν
359 3032 423 3072 καὶ
441 3033 533 3086 πρὸς
550 3033 642 3074 τοὺς
656 3033 799 3085 λόγους
818 3036 998 3089 εὐλαβὲς,
1013 3039 1162 3079 laudat

276 3096 536 3136 Plutarchus
558 3097 601 3136 in
620 3098 811 3139 Socratis
829 3101 968 3151 genio.
1004 3102 1129 3141 Gehh.

328 3160 537 3200 Studiosus
553 3162 737 3201 audiendi
754 3174 834 3210 5eae
847 3162 916 3202 hoc
934 3163 1054 3216 enim]
1071 3165 1158 3204 Pli-

273 3221 370 3261 nius
408 3223 547 3274 Epist.
585 3225 658 3265 lib.
696 3237 799 3266 vm.
836 3230 902 3266 21.
939 3227 993 3266 de
1026 3228 1159 3269 Junio

275 3282 435 3325 Avito:
466 3287 477 3307 ‘
501 3286 682 3338 Semper
719 3288 791 3328 ille
826 3296 900 3329 aut
925 3290 976 3329 de
1005 3290 1157 3331 studiis

275 3345 528 3398 aliquidaut
554 3350 606 3388 de
646 3350 796 3392 officiis
830 3353 930 3393 vitae
963 3355 1157 3394 consule-

276 3411 380 3452 bat:
412 3424 581 3465 seru-per
615 3417 676 3470 ita
713 3416 960 3471 recedebat,
994 3426 1038 3460 ut
1072 3431 1155 3460 mc-

691 259 867 298 NOTAE
908 258 1243 299 VARIORUM

1288 260 1353 299 lN
1395 261 1444 299 G.
1486 259 1746 300 NEPOTIS

1247 377 1330 418 lior
1363 377 1530 419 factus:
1584 383 1629 418 ct
1663 376 1804 417 factus
1841 381 1936 418 erat
1970 378 2038 419 vel
2075 390 2127 419 eo

1249 441 1362 494 quod
1383 442 1596 496 audierat,
1615 442 1684 483 ve'l
1702 440 1815 495 quod
1829 440 1998 482 omnino
2014 455 2127 495 quae-

1248 504 1410 545 sierat.’
1573 535 1581 545 .

1304 567 1432 612 Quum
1446 568 1490 607 in
1508 567 1695 608 circulum
1711 567 1896 620 venisset]
1917 567 2129 620 circulus,

1247 638 1383 675 coetus
1398 636 1524 689 vulgo
1543 636 1791 677 coeuntium
1820 647 1871 676 ac
1899 634 2133 676 fabulanti-

1246 709 1333 749 um,
1366 699 1440 752 qui
1475 700 1644 740 collatis
1681 699 1899 751 capitibus
1925 698 2129 740 videntur

1246 760 1381 800 veluti
1427 762 1576 803 orbem
1624 761 1788 814 facere,
1835 763 1896 802 ait
1943 762 2132 814 Lipsius.

1245 821 1472 863 Notandus
1490 824 1560 864 hic
1580 837 1688 876 mos,
1717 826 1759 865 in
1789 825 1960 865 circulis
1991 825 2130 876 philo-

1243 884 1450 935 sophandi
1470 886 1796 939 disserendique
1813 887 2025 939 Sophistis
2043 887 2129 928 usi-

1245 953 1360 988 tatus
1381 962 1394 998 ;
1414 949 1456 988 hi
1478 949 1588 989 enim
1609 950 1682 989 ubi
1714 951 1875 990 scirent
1898 951 2128 991 convenire

1241 1009 1495 1065 frequenter
1525 1013 1729 1064 homines,
1757 1013 1798 1052 in
1835 1011 1946 1063 foro,
1973 1013 2019 1053 in
2048 1014 2130 1054 cii·-

1243 1076 1367 1127 culis,
1398 1076 1711 1128 disputationes
1738 1081 1783 1115 et
1815 1075 2010 1127 ἐπιδείξεις
2029 1077 2127 1117 suas

1242 1139 1500 1180 recitabant.
1557 1140 1656 1180 Hoc
1690 1139 1866 1197 Seneca
1901 1140 2030 1192 epist.
2057 1143 2126 1181 40.

1243 1207 1288 1242 et
1307 1206 1374 1244 52.
1403 1207 1471 1243 est
1503 1202 1726 1252 circulari;
1771 1195 1938 1243 scilicet
1956 1202 2129 1244 circulis

1242 1277 1288 1305 se
1318 1265 1569 1316 venditare;
1608 1271 1700 1317 aut,
1729 1271 1778 1306 ut
1804 1266 1975 1317 Lipsius
2005 1271 2127 1307 recte

1242 1329 1449 1381 explicat,
1497 1330 1680 1370 circulos
1717 1334 1912 1382 quaerere
1950 1334 2025 1369 aut
2061 1329 2127 1370 fa-

1242 1395 1367 1430 cere:
1399 1392 1613 1443 accipitur
1648 1391 1762 1432 euim
1794 1392 2014 1432 circ-ulands·
2046 1403 2127 1433 vox

1242 1454 1296 1493 de
1337 1455 1559 1495 erronibus
1589 1454 1928 1509 vagantibusque
1957 1456 2128 1509 Sophis-

1240 1516 1313 1568 tis,
1333 1517 1406 1569 qui
1424 1517 1712 1569 eloquentiam
1732 1530 1849 1558 suam
1882 1530 1962 1570 per
1977 1519 2127 1560 urbem

1239 1579 1619 1620 circumferebant.
1693 1581 1765 1620 De
1825 1580 1982 1634 quibus
2025 1581 2124 1622 vide

1239 1642 1421 1683 Cresoll.
1464 1644 1621 1685 theatr.
1693 1644 1823 1684 Rhet.
1867 1644 1943 1685 lib.
1979 1655 2049 1686 ιιι.
2084 1649 2125 1686 3.

1237 1716 1364 1757 quem
1401 1705 1496 1746 loca
1524 1706 1702 1747 Senecae
1730 1706 1977 1748 distinxisse
2003 1718 2125 1748 accu-

1236 1767 1373 1807 ratius
1414 1768 1598 1808 manem.
1672 1769 1771 1809 Non
1816 1769 1931 1809 enim
1974 1771 2123 1811 statim

1236 1836 1336 1871 sunt
1353 1831 1607 1883 περιοδευταὶ,
1635 1832 1708 1885 qui
1729 1832 2016 1884 circulantur3
2045 1833 2123 1874 sed

1236 1899 1280 1934 et
1327 1896 1477 1946 genius
1524 1896 1725 1936 dictionis
1765 1902 1813 1937 et
1858 1897 2121 1938 consuetudo

1236 1958 1475 1999 disserendi
1509 1960 1661 2011 magis,
1691 1972 1818 2012 quam
1851 1972 1984 2012 genus
2012 1961 2124 2002 vitae·

1234 2022 1536 2073 exprimuntur
1574 2023 1790 2064 interdum
1826 2023 2002 2063 notione
2035 2024 2119 2064 cir-

1226 2085 1484 2135 „kculantium
1514 2086 1649 2126 Boecl.

1290 2148 1417 2194 Quam
1451 2149 1502 2188 ad
1513 2148 1642 2202 finem
1657 2161 1780 2190 sermo
1797 2154 1896 2191 esset
1913 2151 2118 2204 deductus]

1231 2209 1465 2250 Lambinus
1507 2213 1720 2263 perductus
1768 2214 2048 2267 repositurus,
2091 2227 2117 2255 a

1228 2271 1407 2313 Schotto
1445 2275 1652 2326 rejicitur.
1707 2275 1829 2316 Libri
1861 2277 2014 2329 scripti
2046 2279 2116 2318 ‹rd-

1227 2336 1378 2375 ductus.
1436 2337 1695 2377 Plutarchus
1715 2338 1756 2377 in
1774 2338 1967 2379 Socratis
1986 2341 2114 2392 genio

1228 2397 1289 2437 ait
1306 2396 1437 2438 fuisse
1457 2400 1794 2450 Epaminondam
1814 2400 2022 2450 ἄπληστον
2043 2406 2116 2444 τοῦ

1225 2459 1431 2509 μανθάνειν
1444 2461 1509 2502 καὶ
1523 2463 1745 2515 ἀκροᾶσθαι.
1789 2465 1992 2508 Gebhard.

1280 2524 1562 2576 Paupertatem
1577 2528 1672 2566 adeo
1681 2527 1806 2576 facile
1816 2541 2020 2581 perpessus
2033 2531 2110 2583 ese]

1224 2586 1420 2628 Justinus
1458 2589 1532 2629 lib.
1561 2600 1624 2629 vr.
1642 2593 1685 2630 8.
1710 2591 1724 2613 ⁴
1742 2591 1920 2632 Nam‘et
1939 2593 2112 2646 imperi-

1226 2663 1295 2690 um
1313 2662 1394 2690 non
1415 2651 1495 2691 sibi
1513 2664 1697 2704 semper,
1728 2654 1804 2694 sed
1824 2656 1975 2707 patriae
1995 2669 2110 2708 quae-

1225 2713 1352 2754 sivit:
1385 2721 1430 2756 et
1467 2717 1661 2767 pecuniae
1694 2717 1802 2757 adeo
1833 2732 1988 2770 parcus
2007 2720 2110 2771 fuit,

1223 2783 1274 2817 ut
1311 2784 1502 2831 sumptus
1541 2778 1682 2820 funeri
1717 2779 1937 2823 defuerit!
1991 2784 2109 2836 Lege

1224 2839 1482 2882 Athenaeum
1502 2842 1576 2883 lib.
1597 2855 1627 2883 1.
1682 2842 1958 2887 Admirandae
1979 2847 2110 2887 absti-

1223 2905 1383 2945 nentiae
1430 2907 1671 2958 exemplum
1718 2913 1801 2958 est,
1863 2908 1977 2960 quod
2017 2910 2108 2950 Jul.

1224 2968 1453 3008 Frontinus
1487 2969 1563 3009 lib.
1601 2981 1665 3010 ιν.
1698 2972 1737 3010 3.
1766 2970 1883 3010 ἰΙΙιιηι
1905 2971 2108 3023 insupel-

1222 3030 1368 3071 lectile
1397 3043 1486 3079 sua,
1524 3038 1684 3083 praeter
1715 3031 1895 3072 ahenum
1924 3038 1972 3074 et
2001 3047 2106 3075 veru

1221 3106 1350 3133 unum
1389 3106 1474 3135 non
1508 3095 1706 3135 habuisse
1739 3095 1889 3136 refert.
1939 3096 2106 3148 Longot.

1220 3157 1338 3207 Mag.
1358 3157 1541 3197 Lambin.
1567 3159 1682 3210 Thys.
1798 3202 1801 3205 Α

1277 3221 1442 3272 Cernit]
1484 3222 1668 3262 caruerit
1702 3228 1849 3263 noster
1876 3228 1922 3263 et
1942 3222 2104 3264 Gifanii

1220 3283 1383 3323 codex:
1415 3285 1672 3338 placetque;
1701 3292 1749 3327 ut
1769 3298 1862 3326 cum
1882 3286 2103 3338 superiore

1220 3346 1468 3387 concinnius
1514 3348 1690 3399 haereat,
1729 3349 1937 3401 aliterque
1971 3350 2104 3390 inter-

1220 3416 1447 3463 puugatur.
1481 3412 1633 3453 Schott.
