2306 3900
305 277 414 331 600

305 413 473 461 cerpta‚
493 407 756 448 trimenstres.-
784 407 993 460 ἆρχακῶς.
1034 409 1186 448 Κακὴ.-

360 473 521 513 Samma
543 471 632 525 fide
663 472 808 512 mnsit
839 471 1066 522 Agesilaus]
1092 472 1187 511 Ma·

303 549 394 576 nere
412 535 548 588 infide
566 540 635 575 est
653 533 827 584 ἐμμένειν
840 537 924 575 τοῖς
938 534 1074 587 ὅρκοις.
1102 536 1186 575 Vel

302 597 499 649 ἀναμένειν
511 597 586 647 τὴν
601 598 843 650 προθεσμίαν.
898 599 1009 639 Haec
1025 599 1186 639 locutio

302 664 572 716 purissimam
587 663 764 716 respicit
775 662 1088 715 antiquitatem.
1103 663 1186 702 En·

301 738 458 767 mene:
498 726 511 749 ‘
532 727 671 768 Quam
711 737 807 765 cum
842 724 1110 777 imperasset,
1140 725 1185 764 in

302 791 390 832 fide
405 805 487 832 non
500 791 682 833 mansit!
712 792 859 833 Caesar
874 791 928 831 de
942 791 1053 831 Bell.
1069 789 1183 830 Gall.

300 854 378 895 lib.
398 867 431 895 1.
451 858 519 898 36.
555 857 568 879 ⁴
590 856 742 908 Neque
771 855 823 895 iis
858 867 999 907 neque
1038 865 1183 894 eorum

302 918 429 958 sociis
447 919 602 971 injuria
633 919 790 959 bellum
823 918 1056 968 illaturum,
1085 918 1183 958 siin

300 994 352 1022 eo
375 989 617 1032 manerent,
636 982 751 1035 qnod
777 981 1076 1022 convenisset.'
1116 983 1181 1023 M.

300 1045 468 1086 Tullius
484 1045 634 1086 Attico
651 1058 663 1085 t
693 1046 705 1068 ‘
727 1042 854 1087 Q'uod
876 1045 1016 1085 verita
1035 1045 1107 1094 sit,
1127 1056 1183 1084 ne

300 1109 466 1150 Latinae
486 1108 528 1148 in
549 1107 690 1149 officio
717 1120 801 1148 non
821 1114 1061 1159 manerent,
1077 1107 1181 1148 etin

299 1171 488 1213 mo‘ntem
508 1171 718 1212 Albanum
747 1171 907 1211 hostias
935 1183 1020 1211 non
1049 1170 1182 1211 addu-

299 1235 482 1278 cerentl
537 1237 596 1276 Et
612 1235 784 1276 Tuscul.
813 1235 825 1258 ‘
845 1235 1004 1274 Earum
1023 1234 1182 1275 bestia·

299 1313 394 1341 rum
415 1311 594 1353 quaeque
614 1311 734 1339 suum
754 1303 907 1338 tenens
927 1309 1080 1338 munus
1096 1309 1182 1338 ma-

299 1368 375 1403 net
392 1363 434 1403 in
454 1363 552 1416 lege
570 1359 783 1403 Naturae?
814 1360 941 1401 Gebh.

357 1427 507 1467 Contra
537 1438 599 1477 ea,
640 1425 920 1477 Tissaphernes
942 1424 1044 1469 nihil
1072 1424 1182 1465 aliud

297 1502 414 1541 quam
450 1489 590 1530 bellum
622 1487 880 1540 comparavit]
930 1486 1067 1540 Atqui
1101 1488 1181 1528 hoc

299 1554 420 1593 salva
451 1552 662 1605 pactionis
707 1551 794 1591 fide
835 1551 976 1592 facere
1020 1552 1178 1603 potuit.

298 1616 410 1658 Nam
419 1616 529 1669 juris
550 1615 740 1668 gentium
769 1620 836 1656 est
855 1621 1007 1655 contra
1025 1615 1181 1655 laeden-

298 1685 388 1721 tem
419 1680 499 1722 sibi
528 1681 768 1721 consulere.
824 1678 887 1719 At
905 1681 940 1720 si
968 1681 1181 1733 interpre-

298 1747 446 1784 tantur
488 1743 680 1785 Graeculi
732 1748 849 1784 stare
886 1743 1182 1796 jurejurando,

297 1812 450 1849 contra
469 1813 664 1862 paratum
692 1811 886 1859 perstare
912 1807 1182 1860 imparatum,

297 1882 350 1912 ac
385 1871 499 1911 velle
534 1869 760 1911 offensioni
798 1874 964 1922 patere,
1001 1871 1182 1923 perjurii

297 1931 466 1973 crimini
496 1931 800 1984 Tissaphernes
818 1944 902 1972 non
931 1937 1079 1985 potest
1096 1933 1182 1973 exi-

297 1996 370 2037 mi.
426 1995 553 2038 Quod
571 2007 694 2036 secus
714 2001 795 2036 est.
823 1995 947 2037 Idem.

352 2058 446 2099 Sais
463 2057 578 2099 rebus
593 2058 853 2110 abalienaret]
882 2059 935 2099 Id
955 2062 1037 2110 est,
1053 2071 1077 2098 a
1096 2059 1180 2100 suis

297 2122 423 2162 rebus
438 2121 663 2162 alienaret.
733 2121 916 2162 Licebat
930 2128 975 2163 et
994 2123 1181 2174 repetita

298 2184 601 2236 praepositione
632 2185 695 2224 ita
721 2185 895 2226 dicere:
925 2198 1008 2239 quo
1033 2186 1086 2227 de
1106 2199 1179 2239 ge·

298 2257 402 2287 nere
418 2246 536 2287 alias.
563 2246 747 2287 Lambin.

351 2309 519 2350 Servata
551 2309 760 2361 religione]
807 2310 861 2350 Id
890 2315 971 2362 est,
1006 2316 1179 2352 servato

289 2373 590 2426 jurejurando.
660 2373 817 2414 Cicero
857 2386 936 2425 pro
982 2374 1180 2426 Fonteio,

294 2438 308 2460 ‘
324 2436 479 2489 religio
491 2435 799 2489 jurisJurandi!
826 2436 952 2477 Ideni.

350 2500 614 2552 Hominesque
628 2499 706 2539 sibi
734 2498 954 2550 conciliavi]
991 2499 1180 2552 Propria

298 2563 494 2617 quaedam
528 2564 693 2615 Nepoti
723 2562 767 2602 in
798 2562 1012 2615 loquendo
1030 2568 1097 2603 est
1116 2564 1178 2603 in-

296 2627 434 2679 doles,
461 2639 587 2681 quam
613 2627 686 2680 qui
705 2638 789 2667 non
817 2626 1065 2677 attendunt,
1082 2639 1178 2668 eam

296 2696 401 2732 eunt
447 2702 711 2742 perversum,
759 2689 874 2742 quod
919 2690 1178 2731 creberrime

294 2754 405 2795 facit
439 2754 686 2795 Lambinus.
743 2753 856 2794 Nam
884 2752 980 2793 heic
1010 2749 1179 2806 quoque

294 2818 459 2859 delevit
491 2830 640 2859 vocem
656 2817 874 2868 amiciores,
907 2818 1178 2860 restitantem

295 2883 338 2922 in
362 2882 555 2923 omnibus
575 2887 664 2922 tam
683 2881 872 2946 scriptis,
891 2893 1015 2935 quam
1031 2882 1176 2924 editis.

300 2944 500 2986 Gebhard.

351 3007 462 3049 CAP.
497 3011 539 3048 3.
578 3007 760 3048 Plurima
793 3006 1008 3060 domicilia]
1046 3009 1104 3048 Et
1133 3007 1177 3049 in

296 3071 358 3111 eis
375 3070 488 3111 horti
506 3069 789 3120 amoenissimi,
818 3069 1038 3110 arboribus
1058 3070 1178 3110 undi-

298 3146 383 3188 que
418 3145 573 3186 magno
611 3138 782 3185 sumptu
826 3133 1097 3185 conquisitis,
1131 3141 1178 3175 et

297 3198 466 3239 coeteris
486 3198 613 3238 rebus
648 3196 702 3236 ad
722 3196 987 3248 voluptatem
1008 3202 1054 3237 et
1073 3197 1178 3238 deli-

296 3261 384 3301 cias
414 3272 574 3301 summo
610 3258 790 3300 artificio
821 3261 1080 3311 comparatis
1114 3261 1178 3301 in·

298 3324 466 3364 structi.
495 3323 676 3362 Diodor.
700 3322 774 3362 lib.
795 3332 889 3364 xw.
916 3322 1098 3365 Lambin.

349 3384 409 3426 At
444 3386 653 3434 Agesilaus
682 3385 726 3423 in
756 3384 998 3437 Phrygiam]
1035 3386 1179 3428 Xeno-

296 3449 410 3502 phon
440 3446 553 3487 Ἓλλ.
586 3447 661 3486 lib.
696 3459 767 3487 111.
785 3447 833 3486 ‘0
864 3446 905 3487 δὲ
929 3449 1179 3503 Ἀγησίλαος,

297 3510 381 3552 ἀντὶ
408 3511 476 3552 τοῦ
505 3507 568 3551 ἐπὶ
587 3508 732 3562 Καρίαν
765 3508 874 3562 ἰέναι,
902 3510 1009 3553 εὐθὺς
1043 3513 1095 3554 εἷς
1110 3514 1177 3555 τᾶ-

689 290 869 329 NOTAE
909 290 1240 331 VARmRUM
1282 291 1349 331 1N
1391 293 1442 333 c.
1481 268 1744 365 ιιιΕΡοῖΓιε

1247 409 1377 450 wavria
1396 410 1654 465 ἀποστρέψας,
1664 412 1726 452 ἐπὶ
1739 412 1902 466 Φρυγίας
1909 413 2128 468 ἐπορεύετο,

1246 473 1312 513 καὶ
1327 473 1399 516 τάς
1410 491 1456 516 τε
1476 477 1519 517 ἑν
1542 480 1591 530 τῇ
1608 477 1740 530 πορείᾳ
1769 477 1904 520 πόλεις
1924 479 2127 534 κατεστρέ-

1246 544 1359 590 φετο,
1386 538 1452 580 καὶ
1483 541 1665 590 ἐμβαλὼν
1694 541 2001 596 ἀπροσδοκήτως,
2022 558 2127 592 παμ-

1245 600 1377 650 πλήθη
1407 601 1589 656 χρήματα
1625 603 1835 655 ἐλάμβανε.
1920 607 1991 648 Sic
2022 607 2128 648 Plu-

1249 664 1423 705 tarchus
1460 667 1504 706 in
1541 666 1784 716 Agesilao„
1810 669 2042 721 Polyaenus
2079 673 2127 710 et

1247 727 1476 770 Frontinus
1490 731 1532 770 in
1548 730 1727 783 Lydiam
1747 732 2002 784 pervasisse,
2013 733 2129 774 eam?

1247 804 1330 844 que
1368 793 1593 846 diripuisse
1628 801 1859 837 testantur.
1891 798 2125 850 Polyaenus

1246 864 1298 894 11.
1321 855 1454 896 strat.
1483 856 1530 895 Ὃ
1546 855 1589 896 δὲ
1600 856 1733 898 Λάκων
1745 858 1960 912 κατέδραμε
1974 861 2126 914 Λυδίαν,

1244 916 1309 956 καὶ
1323 917 1435 958 λείαν
1450 919 1607 968 πολλὴν
1624 920 1861 969 κατήλασεν.
1895 925 2125 966 Frontinus

1243 981 1319 1022 lib.
1339 994 1371 1022 1.
1391 986 1430 1024 8.
1469 984 1481 1006 ‘
1501 982 1726 1035 Agesilaus
1759 985 2129 1040 Lacedaemonius,

1244 1056 1340 1084 cum
1362 1044 1544 1086 inferret
1563 1046 1718 1087 bellum
1747 1048 2027 1100 Tysapherni,
2046 1049 2126 1090 Ca·

1243 1108 1350 1150 riam
1383 1121 1429 1150 se
1463 1116 1615 1162 petere
1643 1110 1884 1161 simulavit;
1911 1112 2030 1164 quasi
2050 1124 2127 1165 ap·

1244 1171 1326 1212 tius
1344 1172 1452 1212 locis
1472 1173 1719 1225 montuosis,
1737 1174 1938 1215 adversus
1956 1175 2127 1218 hostem

1244 1235 1441 1288 equitatu
1489 1238 1796 1289 praevalentem
1842 1245 2126 1291 pugnaturus.

1243 1297 1332 1337 Per
1349 1299 1459 1340 hanc
1484 1300 1650 1340 consilii
1684 1302 2019 1343 ostentationem
2051 1304 2124 1344 ad-

1242 1367 1397 1403 vocato
1426 1363 1470 1402 in
1504 1363 1671 1404 Cariam
1701 1365 2005 1417 Tysapherne;
2032 1367 2126 1420 ipse

1244 1425 1439 1478 Lydiam,
1471 1426 1545 1466 ubi
1576 1432 1709 1479 caput
1738 1427 1919 1468 hostium
1938 1430 2060 1482 regni
2082 1441 2128 1470 e-

1243 1492 1329 1538 rat,
1366 1488 1546 1541 irrupit:
1595 1491 1896 1545 oppressisque
1933 1493 2006 1544 qui
2034 1492 2125 1534 illic

1244 1551 1446 1604 agebant,
1463 1553 1646 1605 pecunia
1665 1555 1784 1606 regia
1803 1556 1965 1607 potitus
1982 1555 2081 1597 est.'

1297 1615 1494 1666 Ephesum
1536 1616 1760 1669 hyematum
1804 1618 2020 1659 exercitum
2064 1631 2128 1661 re·

1242 1677 1378 1730 duxit]
1402 1678 1646 1731 Xenophon
1673 1679 1802 1721 Ἐλλ.·
1820 1681 1893 1722 lib.
1923 1693 1997 1723 111.
2015 1682 2126 1723 etin

1243 1737 1469 1792 Agesilao:
1496 1740 1652 1789 Ἐπειδὴ
1670 1742 1703 1782 δ’
1723 1741 1791 1795 ἔαρ
1819 1742 2018 1796 ὑπέφαινε,
2036 1758 2127 1786 σνν-

1242 1802 1374 1855 ήγαγε
1409 1805 1488 1845 πᾶν
1518 1803 1568 1844 τὸ
1604 1803 1823 1858 στράτευμα
1858 1806 1912 1848 εἷς
1938 1807 2125 1860 Ἔφεσον.

1245 1869 1429 1909 Causam
1462 1874 1604 1910 autem
1641 1882 1716 1910 cur
1752 1870 1917 1922 longius
1946 1873 2128 1914 nonsit

1243 1943 1507 1984 progressus,
1543 1933 1653 1974 banc
1699 1931 1843 1986 affert,
1880 1934 1979 1987 quia
2008 1940 2129 1978 >exta

1244 1994 1507 2036 sacrificanti
1526 2008 1675 2048 parum
1709 1997 1810 2037 laeta
1834 1995 2021 2049 fuerant,
2037 1998 2126 2039 vic·

1243 2059 1360 2099 timae
1393 2060 1487 2100 sine
1512 2059 1632 2100 fibris
1664 2061 1937 2101 exstiterant.
1995 2061 2125 2104 Quod

1243 2126 1288 2161 et
1321 2134 1347 2161 a
1381 2122 1573 2162 Diodoro
1607 2122 1682 2164 lib.
1702 2133 1798 2164 mv.
1826 2123 2008 2163 relatum
2040 2128 2125 2165 est.

1243 2184 1469 2225 Praeterea
1482 2185 1700 2238 cognovit,
1714 2197 1778 2236 se,
1790 2185 1870 2226 nisi
1884 2186 2124 2240 equitatum

1240 2247 1438 2300 haberet,
1456 2248 1651 2288 barbaris
1679 2248 1886 2301 imparem
1904 2247 2093 2290 futurum
2109 2262 2124 2301 ;

1242 2311 1406 2351 idcirco
1441 2311 1682 2363 equitatum
1713 2311 1795 2351 sibi
1825 2323 1920 2351 esse
1952 2323 2124 2364 eompa-

1240 2372 1419 2412 randum
1432 2369 1708 2414 existimavit.
1734 2373 1989 2425 Xenophon.
2009 2374 2125 2417 *Ελὶα

1239 2436 1311 2477 lib.
1333 2447 1401 2476 ιιι.
1427 2435 1611 2477 Lambin.

1297 2499 1476 2553 officinis
1493 2511 1688 2541 armorum
1701 2498 1914 2550 institutis]
1941 2499 1994 2540 In
2013 2499 2123 2542 urbe

1240 2574 1396 2614 nempe
1414 2561 1557 2602 valida
1575 2566 1705 2614 atque
1737 2561 1960 2615 opificibus
1989 2561 2124 2603 abun·

1241 2625 1388 2666 dante.
1429 2625 1569 2665 Tacit.
1603 2624 1720 2665 Hist.
1752 2636 1806 2665 ιι.
1837 2627 1902 2665 82.
1939 2624 1953 2648 ‘
1980 2625 2127 2665 Desti-

1239 2694 1397 2729 nantur
1428 2687 1583 2728 validae
1625 2687 1823 2728 civitates
1867 2687 2124 2729 exercendis

1240 2763 1454 2793 armorum
1474 2750 1682 2791 officinis.'
1725 2750 1886 2791 caesar
1904 2750 2028 2791 Civil.
2046 2750 2127 2793 lib.

1241 2827 1273 2857 1.
1308 2818 1374 2855 34.
1415 2814 1429 2837 ‘
1450 2813 1680 2856 Armorum
1713 2813 1904 2855 officinas
1937 2813 2121 2855 inurbe

1239 2877 1545 2919 instituerant.'
1583 2878 1753 2918 Hirtius
1773 2877 1828 2918 de
1847 2877 1961 2918 bello
1992 2876 2126 2918 Alex-

1168 2977 1170 2979 .
1239 2941 1417 2982 andrino
1450 2953 1546 2993 cap.
1574 2943 1616 2980 2.
1646 2941 1658 2963 ‘
1676 2940 1772 2981 Nec
1795 2940 1933 2980 minus
1952 2940 1997 2980 in
2014 2940 2123 2980 urbe

1240 3005 1438 3045 maximae
1483 2994 1705 3045 armorum‘
1737 3009 1862 3044 erant
1908 3003 2124 3046 institutas

1240 3068 1452 3111 officinae.'
1507 3068 1682 3121 Alioqui
1711 3068 2125 3122 proportionequa·

1241 3133 1340 3172 dam
1377 3131 1625 3172 civitatibus
1671 3143 1788 3171 arma
1825 3132 2037 3184 imperata
2078 3131 2123 3171 in

1240 3195 1403 3247 magnis
1422 3194 1632 3235 bellorum
1652 3194 1944 3246 apparatibus.
1976 3194 2125 3234 Caesar

1241 3258 1296 3298 de
1314 3258 1437 3298 Bello
1457 3257 1572 3298 Gall.
1591 3257 1667 3298 lib.
1687 3268 1769 3298 vn.
1787 3260 1830 3297 4.
1855 3259 1868 3280 ‘
1887 3255 2124 3308 Vercinge-

1170 3355 1173 3358 .
1241 3321 1353 3362 torix
1374 3331 1585 3361 armorum
1604 3325 1807 3372 quantum
1823 3329 2001 3371 quaeque
2020 3317 2124 3356 civi·

1242 3391 1309 3426 tas
1339 3385 1469 3435 domi,
1498 3383 1696 3437 quodque
1724 3387 1822 3422 ante
1844 3386 2013 3432 tempus
2032 3378 2124 3420 effi-

1241 3449 1345 3499 ciat,
1364 3444 1617 3489 constituit.’
1647 3443 1772 3484 Gebh.
2099 3494 2105 3497 ‚

1294 3512 1450 3562 Magna
1485 3506 1683 3549 industria
1718 3506 1860 3546 beleum
1895 3503 2123 3557 apparavit]
