2306 3900
272 244 381 297 570

271 379 284 399 ‘
308 375 435 419 Quod
465 380 568 418 ante
597 388 756 429 paucos
788 376 882 418 dies
914 378 1081 420 exierat
1113 380 1156 421 in

275 439 456 493 vulgus?
526 440 599 480 Sic
650 440 694 480 in
738 441 916 483 Nerone
953 453 1052 496 cap.
1086 447 1155 485 53.

270 507 283 531 ‘
304 506 424 547 Exiit
459 506 635 560 opinio‚'
670 519 750 560 pro
784 508 1042 562 pervulgata
1074 513 1156 551 est.

275 570 402 611 Gebh.

325 633 379 674 Se
395 632 578 675 relictum
596 633 706 687 esse]
718 635 781 676 Iri
799 635 980 689 Longol.
1000 641 1156 677 utram-

273 708 365 749 que
378 709 529 738 vocem
546 697 602 738 iri
619 703 666 739 et
678 711 761 739 esse
778 699 964 752 scriptus
982 699 1094 740 liber
1111 704 1158 740 et

272 761 430 814 Ultraj.
460 761 681 803 omittunt.
719 762 873 804 Schott.
940 763 1157 804 Caeterum

272 824 451 865 verbum
482 825 701 877 relinquere
734 825 832 867 heic
865 831 1047 879 usurpat
1077 838 1158 879 pro

273 887 494 929 deserere.
549 888 624 929 Ita
653 888 792 930 Tacit.
819 887 934 929 Anu.
961 888 1037 929 lib.
1059 900 1157 930 xrv.

271 954 341 993 56.
366 950 380 972 ‘
400 951 501 992 Non
522 955 596 991 tua
613 949 869 1001 moderatio,
895 950 932 990 si
963 950 1159 991 reddide-

273 1013 332 1053 rit
351 1013 598 1065 pecuniam;
629 1024 710 1053 nec
729 1013 865 1066 quies,
885 1012 921 1052 si
937 1012 1159 1066 reliqueris

271 1076 553 1128 Principem:
582 1075 659 1117 sed
691 1087 789 1117 mea
822 1076 1019 1129 avaritia,
1047 1088 1156 1118 meae

272 1138 543 1180 crudelitatis
578 1143 720 1180 metus
757 1140 803 1180 in
849 1151 925 1181 ore
971 1141 1159 1182 omnium

273 1201 552 1244 versabitur!
596 1202 721 1244 Idem
738 1203 909 1245 Histor.
920 1203 998 1245 lib.
1011 1216 1076 1246 lv.
1091 1209 1160 1248 77.

272 1266 285 1288 ‘
308 1265 399 1318 Ite,
418 1266 626 1308 nunciate
641 1267 928 1321 Vespasiano,
944 1269 1029 1320 vel,
1047 1268 1161 1322 quod

271 1330 449 1383 propius
464 1335 545 1384 est,
557 1330 684 1372 Civili
694 1337 739 1372 et
749 1331 952 1384 Classico,
961 1331 1161 1373 relictum

273 1406 300 1434 a
319 1392 439 1434 vobis
459 1394 502 1434 in
518 1394 610 1434 acie
637 1393 822 1436 ducem!
861 1395 1158 1437 Front.lib.11.

272 1461 312 1499 7.
338 1459 352 1482 ‘
376 1458 632 1499 Annibalem
657 1459 904 1500 venientem
923 1459 967 1500 in
987 1460 1160 1501 Italiam

272 1522 360 1563 tria
370 1522 503 1563 millia
514 1523 854 1575 Carpetanorum
866 1523 1162 1578 reliquerunt?

271 1585 435 1628 Justin.
454 1585 530 1627 lib.
549 1597 668 1628 xxu.
688 1590 727 1627 8.
745 1599 801 1628 m.
829 1588 841 1611 ‘
858 1587 934 1629 Bis
951 1598 998 1628 se
1017 1600 1043 1629 a
1055 1599 1160 1640 rege

273 1661 352 1690 suo
380 1648 424 1690 in
451 1650 605 1691 mediis
630 1650 826 1692 hostibus
856 1651 1030 1693 relictos
1061 1664 1161 1705 pro·

272 1712 540 1754 clamantes!
610 1714 868 1756 Paterculus
902 1715 978 1756 lib.
1007 1727 1060 1757 11.
1095 1719 1162 1757 84.

273 1776 287 1798 ⁶
307 1776 466 1828 Multa,
483 1776 623 1830 inquit
641 1777 878 1830 Coponius,
893 1778 1161 1820 mehercules

271 1837 379 1881 fecit
402 1839 618 1881 Antonius
646 1840 787 1893 pridie
810 1853 938 1894 quam
969 1846 1019 1882 tu
1040 1842 1159 1883 illum

272 1900 568 1955 relinqueres.'
613 1902 790 1943 Curtius
808 1903 885 1944 lib.
906 1914 990 1944 vu.
1010 1903 1162 1946 ‘Post-

272 1976 401 2018 quam
437 1965 672 2006 adventare
716 1964 1010 2008 Alexandrum
1046 1979 1162 2009 com·

272 2031 448 2080 pertum
468 2032 552 2081 est,
578 2028 624 2068 in
643 2040 742 2069 suos
759 2028 940 2082 quisque
960 2029 1077 2070 vicos
1095 2029 1159 2071 di-

270 2092 385 2146 lapsi
404 2093 587 2134 Bessum
615 2093 913 2146 reliquerunt.'
967 2094 1160 2147 Respon-

275 2155 354 2196 det
372 2154 626 2197 Graecorum
646 2152 911 2198 καταλείπειν.
961 2156 1160 2208 Polyaen.

272 2218 351 2260 lib.
367 2230 401 2260 1.
441 2219 648 2273 Polydor.
669 2219 890 2272 αὐτόμολον
902 2218 1071 2273 ἔπεμψεν
1087 2220 1160 2271 ἂγ-

273 2281 478 2334 γέλλοντα
495 2283 556 2325 ὅτι
570 2283 831 2338 στασιάζουσι
843 2285 891 2335 δὴ
902 2284 968 2327 καὶ
978 2285 1161 2327 navanti-

273 2349 412 2399 ψουσιν
429 2346 645 2397 ἀλλήλους.
700 2349 865 2390 Verum
889 2354 935 2391 et
954 2350 1161 2403 antiquis·

273 2409 372 2451 simi
402 2409 465 2450 ita
493 2410 789 2463 loquebantur.
843 2411 1007 2452 Ennius
1035 2412 1161 2453 Cres-

276 2474 486 2527 phontes:
516 2476 529 2499 ‘
549 2476 626 2517 Sin
645 2481 714 2518 est
734 2477 905 2531 probus,
924 2478 1012 2519 Cur
1032 2478 1162 2519 talem

275 2540 460 2581 invitum
477 2541 659 2582 invitam
678 2542 797 2595 cogis
817 2543 1012 2596 linquere
1022 2541 1052 2582 ?’

329 2604 383 2645 In
400 2604 542 2655 vulgus
566 2604 663 2657 edit,
684 2617 753 2646 suo
768 2605 904 2659 jussu]
930 2604 1162 2647 Frontinus

276 2663 353 2708 lib.
374 2678 425 2709 11.
445 2672 486 2708 6.
516 2668 643 2721 longe
662 2668 836 2709 diversa
861 2668 918 2709 de
943 2669 1026 2710 hoc
1053 2675 1164 2710 stra·

278 2737 495 2783 tegemate
514 2731 671 2772 habet:
702 2732 715 2756 ‘
743 2731 983 2785 Datames,'
1011 2733 1165 2786 inquit,

277 2794 290 2815 ‘
311 2795 397 2834 dux
423 2794 658 2835 Persarum
685 2794 891 2835 adversus
919 2794 1164 2847 Autophra-

279 2856 411 2898 daten
448 2858 492 2897 in
532 2857 825 2910 Cappadocia,
861 2871 957 2900 cum
995 2864 1164 2911 partem

278 2919 471 2972 equitum
497 2931 667 2960 suorum
697 2919 970 2973 transfugere
994 2933 1166 2974 compe-

278 2983 421 3034 risset,
449 2989 632 3023 caeteros
664 2995 812 3024 omnes
842 2984 988 3026 venire
1020 2997 1164 3026 secum

272 3045 422 3098 jussit,
450 3051 757 3100 assecutusque
788 3047 1049 3102 transfugas,
1076 3050 1166 3089 lau-

280 3109 416 3161 davit,
443 3110 561 3163 quod
595 3122 692 3151 eum
729 3110 888 3152 acriter
923 3113 1167 3164 proecessis·

277 3179 389 3224 sent,
414 3173 697 3227 hortatusque
717 3181 784 3215 est
806 3185 897 3227 eos,
926 3178 976 3215 ut
992 3173 1167 3216 fortiter

280 3236 449 3277 hostem
476 3238 761 3280 adorirentur.
817 3238 966 3280 Pudor
985 3238 1168 3280 transfu-

281 3298 346 3349 gis
366 3300 514 3339 attulit
533 3300 858 3352 poenitentiam3
878 3306 924 3343 et
943 3303 1166 3343 consilium

281 3372 420 3412 suum,
452 3362 553 3413 quia
583 3374 668 3403 non
697 3365 908 3416 putabant
931 3365 1166 3419 deprehen-

280 3435 391 3476 sum,
409 3426 715 3467 mutaverunt!
762 3427 984 3470 Hactenus
999 3429 1166 3472 Fronti-

651 258 833 298 NOTAE
875 257 1208 300 VARIORUM
1254 259 1318 299 IN
1363 261 1416 301 C.
1455 259 1722 301 NEPO'rls

1221 392 1314 422 nus.
1332 381 1452 432 Mag.
1508 380 1737 422 Geminum
1752 383 1819 421 est
1838 383 2102 433 strategema

1218 443 1336 485 Tulli
1355 443 1533 496 Hostilii
1561 455 1659 485 cum
1690 444 1831 485 Metio
1851 443 2025 485 Fufetio
2055 444 2099 485 in

1220 507 1341 548 Livio
1370 507 1446 550 lib.
1463 519 1496 549 1.
1550 508 1748 561 Scriptor
1769 507 1823 548 de
1840 507 1935 548 Vir.
1963 507 2099 549 illust.

1218 582 1313 623 cap.
1331 574 1373 612 4.
1402 571 1498 612 Val.
1519 571 1697 612 Maxim.
1714 582 1817 611 vm.
1836 573 1879 611 4.
1934 569 2102 611 Fronti-

1218 646 1297 674 nus
1316 633 1390 675 lib.
1405 645 1458 676 11.
1477 638 1517 676 6.
1537 646 1570 675 1.
1599 634 1753 676 Schott.

1273 697 1366 738 Hac
1381 709 1427 738 re
1441 697 1606 751 probata
1623 698 1838 739 exercitum
1855 697 2006 750 educit]
2022 698 2102 738 Lo-

1218 771 1316 800 cum
1332 761 1446 801 hunc
1465 761 1711 801 emendavit
1726 761 1783 801 ad
1796 760 1964 801 Livium
1979 771 2102 801 suum

1219 823 1531 864 eruditissimus
1549 824 1808 865 Gronovius.

1277 885 1359 931 Qui
1392 887 1487 927 dum
1518 887 1570 926 ad
1602 885 1750 938 hostes]
1775 887 1848 928 Sic
1883 882 2101 930 Schottus.

1222 947 1453 989 Lambinus
1469 949 1594 989 nimis
1611 948 1837 991 audaciter
1854 949 1960 991 duas
1975 962 2103 992 voces

1221 1012 1397 1053 intrusit
1415 1016 1571 1055 tantum
1585 1013 1699 1065 quod.
1730 1012 1901 1065 Magius
1913 1013 1983 1065 qui
1999 1017 2104 1055 tum:

1222 1075 1296 1115 alii
1327 1075 1393 1128 qui
1428 1076 1590 1116 vixdum
1620 1074 1814 1118 faciunt:
1853 1077 2014 1130 Ultraj.
2039 1077 2106 1131 qui

1222 1143 1377 1181 tantum
1393 1153 1484 1181 non.
1512 1140 1681 1181 Schott.

1279 1204 1575 1256 compositoque
1595 1202 1762 1256 fes-isse]
1789 1203 2035 1258 Composita
2059 1210 2106 1247 et

1223 1272 1476 1320 comparata
1496 1268 1613 1319 prius
1631 1267 1748 1308 inter
1761 1279 1808 1308 se
1822 1265 1992 1308 fraude.
2033 1268 2106 1309 Sic

1220 1330 1233 1352 ⁴
1249 1329 1525 1383 componere'
1551 1330 1691 1372 Tacit.
1718 1331 1830 1372 Ann.
1857 1330 1934 1372 lib.
1950 1341 2023 1372 111.
2035 1333 2103 1373 40.

1221 1394 1235 1417 ‘
1268 1394 1307 1436 Ii
1345 1395 1524 1435 secretis
1562 1395 1802 1449 colloquiis,
1840 1394 2107 1438 ferocissimo

1222 1468 1393 1510 quoque
1442 1456 1685 1511 adsumpto,
1724 1463 1801 1499 aut
1849 1458 2004 1512 quibus
2049 1458 2105 1500 ob

1222 1524 1462 1571 egestatem
1515 1532 1568 1561 ac
1616 1525 1780 1562 metum
1829 1532 1884 1562 ex
1929 1519 2108 1574 flagitiis

1221 1582 1410 1623 maxima
1436 1583 1650 1636 peccandi
1668 1584 1962 1638 necessitudo,
1988 1597 2106 1626 com-

1224 1651 1407 1699 ponunt,
1464 1647 1616 1688 Florus
1681 1648 1855 1700 Belgas,
1906 1649 2108 1690 Sacrovir

1223 1709 1450 1763 propiores
1477 1710 1623 1752 Gallos
1640 1711 1847 1753 concire!
1886 1712 1999 1754 Vide
2013 1724 2109 1754 nos-

1225 1777 1296 1813 tra
1333 1772 1388 1813 ad
1420 1773 1638 1815 Tacitum.
1694 1772 1850 1815 Accius
1877 1773 2109 1828 Agamem-

1223 1848 1362 1881 none:
1405 1837 1419 1861 ‘
1451 1837 1524 1878 Sic
1557 1849 1736 1891 quorum
1771 1837 1936 1879 animus
1971 1839 2110 1879 atroci

1218 1901 1401 1954 junctus
1424 1900 1580 1942 militia
1598 1905 1682 1953 est,
1712 1900 1965 1955 Composita
1990 1901 2112 1943 dicta

1226 1975 1251 2005 e
1287 1969 1469 2017 pectore
1497 1964 1704 2006 evolvunt
1736 1977 1842 2016 suo;
1873 1966 1983 2008 Quoe
2010 1977 2110 2007 cum

1225 2039 1475 2081 componas,
1508 2027 1626 2070 dicta
1662 2026 1791 2070 factis
1829 2027 2109 2083 discrepant!

1229 2090 1430 2132 Gebhard.

1266 2153 1427 2196 card.
1439 2153 1656 2207 Schisma-³]
1667 2154 1810 2197 Credo
1824 2156 1968 2209 potius
1978 2168 2110 2198 mem·

1225 2215 1371 2257 branis
1416 2218 1734 2260 nominantibus
1759 2216 1937 2273 δίεμαι.
1994 2222 2108 2265 Nam

1226 2280 1416 2322 Persicis
1443 2282 1685 2325 nominibus
1713 2283 1796 2326 hoc
1821 2285 1998 2338 propius
2026 2292 2109 2328 est.

1229 2343 1432 2386 Gebhard.

1280 2408 1489 2451 Maximus
1506 2411 1622 2463 natu]
1648 2409 1700 2451 In
1715 2409 1880 2463 Agesil.
1898 2411 1911 2435 ‘
1926 2411 2110 2465 primum

1227 2471 1340 2513 ratio
1372 2472 1627 2525 habebatur,
1658 2474 1731 2527 qui
1762 2474 1973 2515 maximus
2004 2481 2111 2516 natu

1227 2540 1346 2578 esset
1364 2548 1418 2577 ex
1447 2536 1595 2578 liberis
1622 2537 1748 2589 ejus!
1801 2538 1911 2578 Mss.
1929 2537 2112 2579 Maximo

1227 2603 1350 2641 natu.-
1378 2612 1476 2653 quae
1508 2600 1638 2642 lectio
1675 2607 1856 2658 temere*
1875 2600 2113 2654 rejicienda

1228 2675 1311 2704 non
1333 2667 1415 2705 est.
1443 2663 1606 2705 Savum.

1283 2726 1400 2768 Furti
1435 2739 1482 2768 uc
1515 2726 1692 2780 atreum]
1734 2727 1938 2768 Horatius
1973 2726 2117 2780 Epist.

1229 2791 1303 2832 lib.
1323 2803 1357 2832 1.
1379 2795 1420 2833 7.
1448 2793 1461 2815 ‘
1480 2792 1690 2833 Strenuus
1709 2804 1759 2833 ac
1773 2792 1929 2833 fortis:
1955 2792 2115 2834 Lumbi·

1229 2868 1316 2897 nus.
1355 2855 1590 2908 conjungit
1607 2868 1776 2909 quoque
1790 2855 2091 2908 Epaminonda
2101 2868 2124 2896 r

1232 2919 1244 2941 ‘
1273 2918 1508 2971 Pelopidas
1539 2919 1604 2958 vir
1635 2917 1761 2958 fortis
1797 2930 1848 2960 ac
1878 2915 2113 2958 strenuus.'

1235 2983 1434 3039 Gebhard.
2173 2982 2177 2983 ⁷

1285 3046 1335 3086 In
1365 3057 1439 3098 quo
1472 3044 1627 3086 Cilicia
1652 3044 1800 3099 portae]
1839 3044 1992 3086 Cilicia
2026 3049 2116 3086 tres

1231 3108 1529 3150 memorabiles
1555 3109 1772 3160 angustias
1801 3108 1946 3150 babet.
2001 3108 2117 3151 Qua-

1232 3183 1326 3212 rum
1365 3171 1504 3224 prima
1539 3171 1648 3212 adeo
1680 3176 1816 3224 arcta,
1853 3166 1902 3212 ut
1932 3171 2115 3219 formam

1231 3239 1455 3287 portarum
1489 3233 1667 3286 referat,
1701 3234 1815 3275 unde
1860 3234 2114 3276 Graecorum

1231 3297 1369 3341 πύλαι.
1421 3298 1623 3340 Secunda
1642 3310 1725 3338 nou
1742 3298 1892 3350 procul
1911 3297 2044 3338 distat
2059 3298 2114 3338 ab

1233 3362 1341 3415 Isso,
1367 3375 1451 3416 qua
1479 3374 1558 3415 per
1584 3360 1739 3402 Amani
1769 3359 1925 3401 montis
1955 3365 2116 3412 portas,

1233 3425 1344 3466 unde
1366 3424 1586 3468 Amanicae
1611 3424 1758 3476 dictae,
1786 3422 1927 3464 aditur
1958 3423 2000 3464 in
2035 3424 2116 3477 Sy·
