2306 3900
326 254 437 308 604

328 391 396 429 67.
421 387 434 410 ‘
451 385 523 426 Ira
542 395 713 438 quoque
733 395 954 435 accensus,
984 383 1099 437 quod
1127 384 1212 426 duo

333 452 378 492 in
397 449 620 491 obsidione
639 447 754 489 urbis
773 448 868 500 ejus
888 449 1069 489 vulnera
1087 459 1211 489 acce-

331 510 486 565 perat.'
540 510 655 550 Vide
676 511 858 563 reliqna.
915 511 1064 551 Caesar
1084 510 1211 551 Civil.

327 575 404 616 lib.
426 586 478 615 11.
499 578 567 615 13.
594 574 607 595 ‘
626 575 771 615 Caesar
789 585 869 626 per
887 573 1038 614 literas
1056 573 1212 614 Trebo-

328 640 399 680 nio
429 650 690 691 magnopere
719 638 1015 690 mandaverat,
1046 649 1101 678 ne
1135 649 1213 689 per

326 701 412 742 vim
432 701 606 753 opidum
622 701 856 753 expugnari
878 706 1128 753 pateretur3
1155 712 1212 741 ne

327 765 500 817 gravius
520 765 704 816 permoti
722 764 880 804 milites
894 770 939 804 et
953 762 1212 804 defectionis

325 828 442 879 odio,
459 834 505 868 et
522 828 845 880 contemptione
864 827 946 878 sui,
980 832 1025 867 et
1043 825 1211 867 diutino

326 891 477 932 labore
496 903 640 931 omnes
669 890 854 942 puberes
884 888 1210 930 interficerent.'

326 955 469 996 Tacit.
489 954 603 995 Anu.
633 954 710 994 lib.
730 965 792 993 ιν.
820 953 834 976 ‘
850 952 1052 993 Infensus
1087 952 1211 992 miles

326 1018 531 1059 memoria
546 1017 760 1067 laborum,
791 1021 837 1057 et
870 1015 1095 1056 adversum
1122 1016 1210 1056 elu-

328 1083 481 1124 dentes
501 1086 665 1134 optatae
686 1081 813 1122 toties
841 1092 1016 1133 pugnae,
1034 1092 1080 1120 se
1099 1079 1212 1132 quis-

327 1158 414 1199 que
432 1146 596 1187 ultione
624 1151 670 1186 et
701 1144 911 1197 sanguine
942 1141 1211 1196 explebant!

334 1211 462 1254 Gebh.
764 1222 770 1226 ·

384 1275 529 1316 Tamen
546 1275 732 1316 antetulit
749 1275 822 1315 ira
840 1272 1086 1325 relig-ionem]
1103 1272 1213 1314 Cum

328 1337 383 1378 de
401 1338 516 1379 omni
534 1338 719 1379 humana
737 1350 820 1390 ope
840 1336 1168 1390 desperabatur,
1187 1348 1214 1376 a

328 1401 458 1442 victis
479 1401 805 1456 confugiebatur
824 1401 879 1440 ad
895 1402 1087 1441 Deorum
1107 1404 1213 1440 tem-

332 1465 407 1517 pla
427 1470 556 1518 atque
571 1477 682 1516 aras,
701 1469 750 1504 ut
769 1475 917 1504 eorum
936 1463 1213 1503 veneratione

331 1540 382 1569 ac
401 1528 625 1580 majestate
649 1532 791 1567 motus
821 1526 976 1566 Victor
1003 1525 1213 1577 impetum

329 1590 560 1630 iracundiae
575 1589 813 1642 frangeret,
826 1587 1016 1640 victique
1031 1586 1216 1627 crudeli-

332 1653 414 1693 tati
433 1652 806 1692 subtraherentur.
863 1652 923 1691 Et
936 1663 1034 1691 cum
1055 1650 1215 1691 sancti-

338 1721 400 1756 tas
419 1728 582 1756 morum
609 1715 784 1768 Deique
805 1715 931 1755 timor
964 1714 1078 1755 inter
1107 1726 1218 1755 mor-

335 1780 444 1821 tales
463 1781 601 1821 adhuc
631 1781 846 1832 vigerent,
875 1779 1066 1832 quamvis
1085 1779 1129 1819 vi
1148 1790 1216 1819 ur-

337 1842 438 1884 bem
475 1844 691 1895 ingressus
742 1842 894 1883 Victor
926 1846 1219 1894 repugnantes

335 1918 485 1948 omnes
507 1907 686 1959 juberet
706 1906 930 1958 trucidari,
965 1911 1109 1947 tamen
1136 1905 1219 1946 illis

331 1971 452 2025 parci
473 1970 699 2023 praecepit,
728 1971 799 2023 qui
827 1970 881 2010 ad
901 1971 1093 2011 Deorum
1115 1975 1221 2011 tem-

333 2035 408 2087 pla
439 2033 745 2087 confugissent.
796 2034 920 2074 Curt.
953 2033 1030 2074 lib.
1059 2045 1123 2074 ιν.
1153 2037 1220 2075 40.

331 2096 624 2150 ‘Alexander,
652 2097 847 2148 exceptis
882 2097 955 2149 qui
983 2097 1028 2136 in
1058 2097 1223 2148 templa

336 2159 638 2212 confugerant,
669 2172 813 2200 omnes
833 2159 1034 2212 interfici,
1060 2161 1221 2211 ignem-

338 2224 572 2278 quetectis
590 2223 708 2276 injici
720 2223 878 2275 jubet!
918 2223 1058 2264 Victis
1077 2227 1222 2264 autem

336 2286 454 2327 nulla
479 2287 563 2327 alia
590 2286 644 2325 de
669 2299 838 2335 caussa,
855 2286 927 2339 qui
958 2287 1000 2325 in
1029 2287 1222 2326 Deorum

339 2351 503 2402 templa
540 2348 839 2400 confugerant,
876 2349 1090 2400 parcitum
1126 2347 1224 2400 fuit,

336 2414 418 2454 nisi
437 2418 641 2465 respectu
657 2417 702 2452 et
720 2411 961 2451 reverentia
974 2423 1075 2461 erga
1092 2412 1222 2452 Deos.

338 2470 525 2519 Diodor.
545 2476 621 2516 lib.
643 2487 745 2516 xm.
757 2474 857 2515 ὥστε
875 2477 952 2515 τῦν
967 2477 1123 2525 λοιπῶν,
1141 2472 1220 2515 ἕνε-

334 2554 388 2580 κα
421 2540 493 2580 τοῦ
518 2537 637 2590 μηδὲν
665 2538 823 2585 ἀσεβεῖν
858 2537 911 2579 εἷς
945 2537 992 2579 τὸ
1021 2537 1223 2591 δαιμόνων,

337 2601 602 2654 διασωζόννων
627 2601 718 2643 τοὺς
742 2600 796 2643 εἷς
813 2601 864 2642 τὰ
881 2602 963 2655 ἱερὰ
979 2610 1223 2654 καταπεφευ·

335 2665 469 2717 varas.
500 2666 647 2705 Tacit.
667 2664 782 2705 Anu.
803 2665 877 2706 lib.
898 2676 970 2706 111.
989 2669 1057 2706 61.
1083 2667 1095 2688 ‘
1118 2666 1225 2706 Mox

338 2723 538 2771 Liberum
559 2729 737 2769 Patrem
759 2727 875 2768 bello
901 2729 1105 2769 victorem
1125 2741 1225 2782 sup-

337 2793 523 2847 plicibus
543 2791 823 2842 Amazonum,
855 2804 950 2845 quae
979 2804 1095 2833 aram
1115 2792 1224 2833 inse-

342 2857 514 2909 derant,
531 2855 773 2908 ignovisse!
804 2856 930 2897 Idem.

397 2920 544 2962 Omnia
577 2919 804 2971 simulacra,
834 2931 1000 2971 arasque
1024 2931 1225 2961 conserva·

340 2983 423 3035 vit]
454 2983 709 3023 Consecruvit
730 2994 814 3022 non
835 2988 954 3023 recte
983 2984 1227 3035 Longolius.

343 3045 504 3090 Confer
524 3058 621 3086 cum
640 3045 705 3085 his
725 3057 820 3098 quae
849 3044 904 3085 de
941 3044 1141 3097 Agesilao
1162 3046 1226 3089 M.

338 3112 503 3153 Tullius
551 3109 607 3151 ad
668 3109 873 3150 Luceium
920 3115 1229 3151 commemorat

341 3175 482 3228 Epist.
516 3185 560 3214 v.
594 3176 665 3214 12.
707 3173 868 3212 nullam
903 3172 968 3212 sui
1002 3162 1228 3224 imaginem

339 3251 478 3291 neque
495 3237 642 3278 fictam
672 3248 814 3290 neque
844 3236 1005 3289 pictam
1037 3236 1138 3289 poni
1156 3249 1228 3278 vo-

343 3302 488 3346 luisse.
516 3302 672 3342 Schott.
1200 3350 1204 3354 .

396 3363 507 3405 CAP-
528 3368 568 3403 5.
601 3362 850 3402 Corinthium
884 3366 943 3402 est
974 3360 1228 3414 appellatum]

344 3424 585 3479 Κορινθιακὸς
602 3423 786 3476 πόλεμος,
806 3425 1050 3476 Pausaniae,
1068 3425 1228 3466 Diodo-

345 3501 411 3544 ro,
440 3493 486 3531 et
521 3487 629 3529 aliis.
685 3488 953 3542 Notavitque
986 3488 1041 3529 ad
1068 3487 1229 3532 Justini

711 267 890 307 NOTAE
934 266 1265 308 VARIORUM
1305 268 1371 308 IN
1412 270 1465 310 C.
1505 267 1769 309 NEPOTIS

1274 385 1349 427 lib.
1371 397 1431 427 v1.
1449 390 1488 427 5.
1516 384 1861 438 incomparabilis
1876 385 2150 438 Bongarsius.

1276 448 1454 489 Initium
1469 449 1560 502 ejus
1575 449 1706 501 coepit
1723 448 1898 501 Olymp.
1915 459 2040 492 xcvl.
2053 461 2152 492 ann.

1276 523 1309 553 1.
1336 512 1537 554 Keuchen.

1330 575 1476 616 Decem
1508 575 1636 615 millia
1667 574 1858 626 hostium]
1906 574 1976 615 Sic
2009 574 2153 616 Xeno·

1277 637 1392 690 phou
1410 638 1454 678 in
1486 637 1708 690 Agesilao,
1739 643 1784 679 et
1817 637 2078 678 Plutarchus
2109 638 2154 678 in

1276 699 1498 754 Apophth.
1515 702 1625 753 Reg.
1643 707 1689 743 et
1706 703 1749 742 in
1770 701 1985 754 Agesilao.
2013 701 2155 743 Lamb.

1335 765 1503 805 Tantum
1539 764 1642 814 afuit
1677 765 1727 805 ab
1756 765 1965 805 insolentia
1989 764 2152 817 glorie]

1277 821 1458 869 Minime
1478 829 1713 870 insolenter
1745 830 1801 870 de
1830 835 1948 870 tanta
1971 830 2155 871 victoria

1279 890 1486 942 gloriatus
1516 895 1612 930 est:
1656 903 1752 931 cum
1783 891 1940 944 alioqui
1973 883 2156 933 victoria

1275 952 1400 994 inflet
1430 954 1615 994 animum
1651 954 1801 1006 Ducis,
1845 960 1897 995 ut
1932 967 2063 1007 supra
2109 956 2155 997 in

1276 1017 1492 1057 Pausania
1541 1023 1586 1058 et
1643 1017 1864 1070 Lysandro
1921 1017 2155 1059 adnotaba-

1275 1093 1382 1120 mus.
1412 1081 1557 1122 Tacit.
1576 1080 1694 1122 Hist.
1711 1081 1784 1122 lib.
1799 1093 1864 1122 ιν.
1880 1084 1948 1123 63.
1977 1085 1990 1106 ‘
2006 1081 2156 1123 Civilis

1277 1150 1322 1194 et
1337 1145 1549 1185 Classicus
1577 1144 1707 1185 rebus
1734 1143 1932 1184 secundis
1967 1143 2157 1185 sublatil

1277 1207 1428 1249 Aurel.
1456 1207 1606 1248 Victor
1635 1207 1842 1248 Caesarih.
1873 1219 1913 1248 c.
1933 1210 2002 1249 89.
2029 1208 2043 1230 ‘
2060 1207 2158 1250 Quo

1278 1271 1552 1325 prosperiore
1571 1271 1755 1313 cedente
1786 1277 1905 1312 metu
1931 1283 1986 1312 ne
2013 1260 2158 1325 'hujus-

1276 1335 1393 1376 modi
1412 1336 1631 1388 ingenium
1661 1335 1794 1389 magis
1826 1348 1877 1376 ac
1905 1335 2039 1388 magis
2065 1336 2153 1377 vic-

1276 1399 1389 1440 toria
1418 1399 1730 1442 insolesceret!
1783 1401 1899 1452 Ergo
1926 1399 2158 1441 elationem

1276 1467 1406 1507 animi
1437 1466 1670 1507 comitatur
1716 1478 1886 1519 quoqne
1943 1465 2158 1516 gloriatio.

1277 1529 1424 1570 Caesar
1440 1529 1495 1569 ‹le
1512 1529 1624 1569 Bell.
1642 1528 1756 1570 Gall.
1773 1528 1849 1568 lib.
1868 1540 1901 1568 1.
1914 1531 1980 1569 14.
1997 1529 2010 1550 ‘
2029 1527 2158 1569 Quod

1278 1605 1355 1632 sua
1370 1591 1555 1632 victoria
1582 1595 1672 1632 tam
1704 1591 1939 1631 insolenter
1959 1591 2159 1643 gloriare-

1278 1654 1376 1696 tur.'
1423 1655 1659 1695 Modestiae
1681 1653 1723 1694 in
1743 1654 2012 1695 successibus
2030 1653 2161 1695 habet

1279 1719 1418 1761 socios
1446 1718 1674 1770 Agesilaus
1707 1724 1753 1758 et
1783 1718 1900 1759 alios.
1958 1718 2029 1758 De
2056 1716 2158 1758 Phi-

1278 1783 1399 1835 lippo
1428 1781 1588 1824 Justin.
1610 1781 1686 1822 lib.
1719 1791 1785 1822 lx.
1803 1783 1844 1820 4.
1872 1780 1886 1803 ‘
1905 1780 2047 1832 Hujus
2071 1780 2161 1821 vic·v

1281 1845 1404 1886 toriae
1425 1844 1579 1885 callide
1599 1843 1868 1884 dissimulata
1898 1843 2047 1884 laetitia
2079 1848 2161 1884 est.

1280 1908 1481 1962 Denique
1500 1919 1586 1948 non
1617 1906 1744 1947 solita
1781 1917 1903 1946 sacra
1935 1905 2162 1958 Philippus

1280 1973 1354 2014 illa
1373 1971 1443 2013 die
1470 1971 1593 2022 fecit,
1621 1983 1705 2010 non
1736 1970 1781 2010 in
1811 1968 2008 2010 convivio
2028 1968 2161 2018 ⁴1·isit;

1282 2049 1367 2078 non
1386 2036 1511 2077 ludos
1530 2037 1646 2076 inter
1665 2033 2057 2086 epulasadhibuit3
2077 2044 2163 2073 non

1284 2113 1462 2142 coronas
1509 2105 1584 2140 aut
1618 2102 1836 2151 unguenta
1867 2097 2078 2148 sumpsit3
2116 2100 2164 2135 et

1284 2171 1488 2219 quantum
1508 2164 1552 2204 in
1572 2163 1646 2203 illo
1664 2162 1762 2211 fuit,
1779 2161 1843 2202 ita
1860 2160 1994 2210 vicit,·
2010 2164 2060 2200 ut
2077 2158 2164 2199 vic-

1284 2234 1423 2269 torem
1454 2240 1580 2268 nemo
1611 2225 1818 2267 sentiret?
1872 2225 1943 2264 De
1974 2222 2164 2263 Timole-

1283 2298 1384 2332 onte
1404 2292 1580 2343 Nepos:
1611 2291 1623 2313 ‘
1643 2290 1761 2329 Nihil
1797 2300 1984 2341 unquam
2015 2297 2159 2339 neqne

1283 2355 1468 2395 insolens
1487 2365 1627 2406 neque
1655 2352 1882 2404 gloriosum
1901 2362 1956 2390 ex
1975 2360 2051 2389 ore
2065 2348 2158 2400 ejus

1284 2418 1424 2459 exiit!
1438 2419 1508 2457 De
1524 2416 1736 2457 Annibale
1751 2413 1975 2454 Plutarch.
1991 2413 2036 2452 in
2046 2412 2164 2452 Mar·

1285 2481 1423 2521 cello:
1454 2479 1543 2520 οὔτε
1571 2477 1698 2530 φωνὴν
1726 2478 1874 2528 ἀφῆκεν
1910 2474 2163 2528 ὑπερήφανον,

1284 2546 1372 2586 οὔτε
1386 2545 1451 2586 ἀπ’
1471 2545 1590 2596 ὅψεως
1606 2542 1652 2583 τὸ
1671 2544 1824 2594 χαῖρον.
1866 2541 2164 2594 compositum

1285 2609 1442 2650 mentis
1461 2621 1512 2649 ac
1533 2608 1674 2648 vultus
1687 2605 1882 2659 Agesilai
1896 2605 2086 2646 habitum
2105 2605 2168 2645 ita

1287 2672 1492 2713 describit
1512 2672 1752 2723 Xenophon
1769 2685 1779 2711 ε
1809 2670 1880 2710 οὐκ
1898 2667 2075 2721 ἐφησθεὶς
2092 2675 2167 2720 φα-

1285 2734 1388 2788 νερὸς
1417 2733 1582 2786 ἐγένετο.
1611 2734 1835 2775 Plutarch.
1855 2733 1926 2773 οὐκ
1942 2733 2050 2784 ὤφθη
2067 2747 2169 2785 περι-

1285 2799 1410 2853 χαρὴς
1444 2798 1533 2840 οὐδὲ
1568 2796 1786 2851 ἐπηρμένος.
1857 2799 1870 2820 ‘
1891 2797 2062 2838 Gloria’
2090 2808 2169 2849 pro

1288 2863 1498 2915 gloriatio.
1526 2862 1579 2903 P.
1599 2863 1755 2914 Syrus:
1783 2860 1796 2883 ‘
1813 2860 1910 2900 Cito
1933 2858 2168 2911 ignominia

1285 2925 1338 2966 fit
1356 2925 1532 2978 superbi
1547 2924 1707 2976 gloria!
1754 2923 1890 2964 Tacit.
1910 2921 2024 2963 Anu.
2044 2921 2118 2963 lib.
2132 2932 2168 2962 ι.

1287 2993 1327 3030 8.
1357 2990 1370 3013 ‘
1384 2989 1590 3041 Plerique
1610 2987 1736 3027 invisi
1750 2986 1846 3037 sibi,
1865 2985 1940 3025 sed
1953 2983 2170 3037 jactantia

1289 3052 1506 3105 gloriaque
1519 3051 1571 3091 ad
1588 3048 1816 3103 posteros!
1836 3048 1944 3088 Haec
1962 3047 2170 3099 prolixius

1289 3115 1464 3166 deduxi,
1498 3119 1549 3154 ut
1579 3111 1814 3165 affligerem
1859 3109 2170 3151 correctionem

1289 3177 1490 3219 Lambini
1530 3175 1714 3216 insolenti
1750 3174 1881 3226 gloria
1911 3171 2169 3225 suspicantis

1288 3240 1531 3294 legendum.
1567 3238 1692 3279 Gebh.

1347 3303 1650 3345 Commiseratus
1666 3301 1720 3341 nit
1741 3299 1948 3350 fortunam
1979 3296 2169 3349 Graem‘ae]

1290 3368 1432 3420 Scipio
1451 3377 1620 3420 quoque
1649 3375 1734 3403 non
1764 3361 2006 3409 insultasse,
2027 3358 2104 3399 sed
2123 3359 2173 3399 il·

1291 3434 1550 3484 lacrymasse
1581 3427 1720 3468 fertur
1745 3424 1915 3467 excidio
1946 3422 2169 3475 Carthagi-

1290 3495 1373 3547 nis,
1392 3504 1519 3547 quum
1532 3491 1652 3544 Jussu
1680 3486 1829 3542 populi
1844 3486 1968 3528 Rom.
1986 3497 2079 3528 eam
2099 3496 2172 3528 ex·
