2306 3900
324 275 434 330 566

320 417 440 448 mum
466 405 612 446 statim
647 404 755 446 dicit
779 403 965 456 Probus,
994 404 1212 445 Datamen

325 471 455 528 longe
474 474 527 515 ab
548 473 599 513 iis
618 471 741 524 locis,
754 470 828 511 nbi
843 469 1083 510 exercitum
1100 480 1214 509 com-

325 538 520 592 parabat,
538 540 762 577 evocatum
781 546 874 576 esse
888 533 933 574 in
945 532 1214 584 Cataoniam,

320 614 457 654 supra
478 600 689 646 Ciliciam,
721 603 774 649 et⁴
792 598 924 650 juxta
944 595 1214 649 Cappadoci·

327 678 422 707 am:
451 663 607 706 deinde
634 674 788 703 navem
823 659 1139 709 conscendisse,
1165 662 1214 699 ut

329 741 384 770 eo
403 726 668 780 perveniret,
686 730 732 766 et
752 724 795 765 in
815 723 1010 766 Ciliciam
1025 722 1214 762 delatum

328 804 439 832 esse.
494 789 573 843 At,
601 790 637 830 si
669 789 713 829 in
748 787 902 828 Cilicia
935 784 1103 835 fuisset,
1129 795 1213 824 non

327 855 455 907 longe
473 866 498 894 a
513 851 726 894 Cataonia
751 849 927 891 afuisset
945 861 957 898 ς
986 858 1127 900 neque
1142 858 1215 886 na-

296 913 307 921 ’
327 918 493 971 vigam,
511 928 652 970 neque
675 914 847 956 omnino
878 913 965 953 iter
996 910 1141 952 facere
1174 910 1216 950 ei

324 993 501 1022 necesse
518 979 686 1020 fuisset.
742 975 1035 1029 Relinquitur,
1066 979 1115 1015 ut
1141 978 1217 1015 aut

324 1045 374 1084 -in
408 1044 547 1096 Syria,
576 1040 715 1082 autin
742 1039 951 1092 Phrygia,
981 1042 1218 1091 propterea

332 1106 449 1160 quod
467 1103 774 1147 Pharnabazus
801 1101 1006 1155 Phrygiae
1035 1099 1217 1153 praefec-

330 1176 402 1211 tus
432 1174 552 1211 erat:
582 1181 637 1209 ex
657 1179 741 1222 quo
759 1166 986 1220 probabile
1004 1169 1087 1216 est,
1118 1176 1218 1206 eum

329 1234 393 1276 ibi
411 1233 650 1275 exercitum
667 1230 919 1273 contrahere
952 1228 1217 1270 instituisse:

333 1299 378 1341 in
421 1298 570 1352 Syria:
607 1296 707 1351 quia
742 1294 945 1348 Pbrygiae
988 1291 1219 1345 praefectu-

333 1375 383 1403 ra
415 1374 467 1403 eo
509 1372 644 1415 usque
677 1357 943 1412 pertinebat.
1001 1357 1069 1398 Ex
1096 1356 1222 1408 Syria

331 1432 480 1469 autem
515 1425 560 1466 in
593 1424 848 1477 AEgyptum,
867 1419 1077 1461 adversus
1095 1431 1222 1473 quam

327 1491 497 1533 bellum
550 1488 750 1542 parabat,
792 1484 966 1526 brevior
1003 1488 1100 1525 erat
1137 1488 1222 1525 tra·

328 1554 487 1607 jectio.
565 1551 775 1593 Cataonia
809 1553 972 1599 autem,
1004 1553 1055 1588 ut
1093 1547 1224 1588 docet

335 1618 509 1659 Plinius
526 1615 638 1657 libre
663 1626 728 1656 vr.
749 1625 847 1666 cap.
867 1615 907 1653 3.
934 1611 1223 1663 Cappadociae

336 1694 442 1736 pars
478 1687 562 1735 est,
595 1692 679 1736 qua
711 1679 998 1731 Comagenam
1033 1676 1226 1730 attingit.

342 1747 464 1788 Idem.

390 1810 504 1852 Cu».
520 1812 562 1851 4.
591 1808 809 1850 Finitimas
833 1806 1012 1859 regiones
1038 1803 1225 1856 vexabat]

335 1873 607 1916 Devastabat
626 1877 757 1926 atque
783 1869 1028 1912 infensabat
1045 1869 1227 1910 incursi-

335 1937 490 1979 onibus
509 1949 560 1977 ac
576 1935 906 1990 direptionibus.
962 1933 1127 1979 Eodem
1141 1945 1227 1975 mo·

335 2001 393 2043 do
412 2002 605 2056 loquitur
632 2001 779 2055 paullo
810 1999 988 2041 inferius
1020 1999 1101 2040 bac
1134 1997 1228 2039 vita

337 2070 386 2108 et
401 2066 661 2107 Timoleont.
687 2065 701 2089 ⁴
716 2064 902 2106 Siciliam
917 2062 1073 2104 multos
1093 2072 1227 2102 annos

333 2130 451 2171 bello
483 2129 714 2172 vexatam!
783 2129 909 2169 Curt.
938 2126 1016 2168 lib.
1049 2137 1126 2166 ιιι.
1159 2127 1228 2165 29.

336 2197 349 2218 ⁴
366 2194 517 2235 Tantae
533 2193 647 2234 enim
664 2191 948 2243 multitudini,
962 2190 1111 2243 utique
1129 2200 1227 2229 cum

332 2257 425 2309 jam
443 2256 576 2297 biems
594 2256 795 2308 instaret,
824 2256 868 2296 in
886 2255 1064 2308 regione
1093 2257 1230 2303 vasta,

341 2325 388 2362 et
403 2320 584 2361 invicem
605 2333 631 2361 a
659 2320 746 2362 suis
771 2325 902 2373 atque
918 2319 1043 2359 hoste
1059 2321 1231 2366 vexata,

337 2394 426 2424 non
460 2381 694 2424 suffectura
724 2381 960 2423 alimenta.’
989 2381 1138 2422 Cae‘sar
1175 2379 1230 2419 de

339 2446 466 2488 Bello
485 2447 599 2488 Gall.
626 2446 702 2488 lib.
720 2458 754 2488 ι.
774 2450 841 2488 14.
867 2445 881 2469 ‘
900 2444 1030 2489 Quod
1056 2443 1231 2493 AEduos‚

293 2568 296 2573 1
343 2509 458 2562 quod
470 2508 726 2560 Ambarros,
736 2508 852 2563 quod
863 2507 1115 2559 Allobroges
1127 2490 1231 2545 ve‘x-

339 2572 511 2614 assent.'
539 2572 652 2614 Ibid.
674 2572 748 2614 lib.
766 2582 823 2613 11.
841 2573 882 2612 4.
910 2571 923 2594 ‘
942 2570 1031 2613 Qui
1049 2569 1231 2610 Patrum

344 2643 587 2680 nostrorum
603 2637 811 2679 memoria
836 2635 951 2678 omni
971 2633 1118 2676 Gallia
1130 2645 1232 2674 vex-

344 2707 418 2746 ata
435 2701 659 2742 Teutonos
686 2699 970 2753 Cimbrosque
991 2699 1105 2740 intra
1119 2696 1228 2737 fines

348 2777 449 2807 suos
484 2763 656 2818 ingredi
688 2761 1018 2817 prohibuerint!
1046 2761 1141 2804 Lib.
1168 2771 1234 2801 xv.

345 2831 414 2869 15.
443 2830 457 2852 ‘
474 2828 546 2869 Illi
565 2827 780 2881 supplicia
799 2825 1100 2879 cruciatusque
1129 2823 1232 2865 Gal·

346 2894 485 2933 lorum
516 2891 660 2942 veriti,
681 2903 859 2944 quorum
894 2901 1020 2942 agros
1050 2899 1235 2928 vexave-

344 2955 470 2996 rant!
504 2955 598 2995 Lib.
610 2966 674 2995 vr.
687 2957 757 2995 43.
772 2953 786 2977 ‘
799 2954 945 2996 Caesar
955 2951 1006 2992 ad
1017 2949 1237 2992 vexandos

345 3030 493 3060 rursus
510 3018 657 3058 hostes
679 3015 929 3069 profectus.'
952 3015 1040 3055 Ubi
1056 3014 1236 3055 Graecus

346 3084 564 3134 interpres
586 3081 760 3122 verbum
779 3092 923 3122 vexare
949 3077 1142 3120 reddidit
1161 3090 1239 3130 per

347 3148 472 3187 δεινῶς
503 3144 659 3194 κακοῦν,
686 3144 813 3186 modo
846 3155 924 3195 per
955 3141 1084 3196 δῃοῦν,
1112 3140 1239 3181 modo

347 3222 427 3261 per
463 3208 677 3261 ληῒζεσθαι.
725 3208 879 3249 Cicero
916 3207 958 3247 in
978 3205 1237 3247 Catilinam:

347 3274 482 3312 ‘Cum
513 3273 628 3312 bello
661 3271 901 3312 vastabitur
937 3269 1086 3319 Italia,
1110 3279 1239 3309 vexa-

348 3336 508 3375 buntur
528 3336 672 3387 urbes,
694 3341 813 3376 tecta
833 3333 1074 3375 ardebunt!
1118 3334 1176 3374 Et
1196 3332 1239 3372 in

349 3399 560 3439 Verrem:
590 3399 602 3421 ‘
622 3398 763 3450 Agros
793 3397 1032 3449 vectigales
1064 3400 1241 3436 vexatos

348 3468 481 3516 atque
498 3462 736 3503 exinanitos
755 3474 779 3501 a
799 3461 935 3503 Verre
953 3475 964 3512 ;
994 3460 1241 3513 populatam

709 286 888 326 NOTAE
932 284 1264 325 VAnloRUM
1307 284 1372 323 IN
1414 286 1468 325 C.
1511 284 1773 324 NEPOTIS

1271 410 1560 460 vexatamque
1576 403 1871 458 provinciam!
1899 402 2096 445 Gebhard.

1328 470 1428 516 Quae
1465 469 1554 521 regi
1602 471 1871 522 portarentur,
1915 467 2153 520 abripiebat]

1272 532 1488 585 Portoria,
1503 545 1554 574 ac
1581 533 1744 573 reditus
1763 531 1894 584 Regis
1909 531 2156 584 intercipie-

1273 596 1363 639 bat.
1418 599 1477 639 Et
1511 598 1621 638 hanc
1649 596 2052 649 interpretationem
2082 595 2155 636 ad-

1265 660 1395 713 juvat
1410 662 1642 714 Polyaenus
1657 661 1731 702 lib.
1746 673 1828 702 vu.
1855 661 1899 700 in
1914 659 2158 703 Mithridat.

1275 724 1414 776 Κῶμας
1427 723 1663 778 κατέσκηψε,
1692 721 1925 778 κατέπρησε,
1940 722 2079 777 φόρους
2092 723 2159 776 ἦρ-

1273 803 1392 843 πασε,
1410 790 1517 832 λείαν
1540 791 1702 840 ἤλασεν.
1755 791 1854 843 Vel,
1881 802 1975 844 quas
2009 788 2064 830 ad
2091 801 2157 830 re-

1276 855 1369 907 gios
1415 867 1517 894 usus
1559 854 1862 906 mittebantur,
1908 851 2158 893 involabat:

1274 916 1365 959 τοὺς
1398 918 1632 969 κομίσαντας
1663 917 1715 958 τὰ
1744 916 1927 971 χρήματα
1955 913 2162 963 συνέλαβε.

1277 982 1433 1024 Cicero
1487 982 1532 1022 in
1577 983 1787 1022 Verrem:
1842 980 1857 1004 ⁴
1884 980 2162 1020 Frumentum

1277 1057 1478 1086 aversum
1511 1058 1538 1085 a
1570 1044 1828 1097 Republica,
1850 1042 2080 1096 abreptum
2109 1042 2163 1083 ab

1279 1107 1549 1150 aratoribus!
1575 1108 1702 1150 Idem.
1901 1126 1912 1142 κ

1332 1173 1541 1225 Datames,
1572 1172 1649 1213 etsi
1676 1172 1790 1224 longe
1813 1170 1949 1212 aberat
1965 1169 2014 1210 ab
2027 1169 2090 1210 hin
2103 1181 2165 1210 re·

1274 1237 1472 1291 gionibus,
1497 1241 1537 1278 et
1565 1250 1592 1278 a
1625 1235 1769 1287 maiore
1788 1248 1833 1277 re
1849 1234 2171 1283 abstrahebatur-3

1279 1307 1409 1344 tamen
1436 1303 1545 1354 regis
1571 1301 1766 1342 voluntati
1791 1311 1934 1340 morem
1949 1299 2166 1350 gerendam

1278 1367 1454 1421 putavit]
1480 1365 1699 1409 Quaeritur
1717 1364 1833 1416 heic,
1866 1375 1920 1404 an
1947 1363 2065 1414 Dux,
2092 1361 2168 1415 qui

1281 1443 1479 1484 magnam
1497 1430 1628 1471 habet
1644 1441 1766 1483 spem
1797 1427 2034 1481 provinciae
2055 1426 2167 1467 bene

1282 1493 1649 1545 administrandae,
1677 1491 1900 1533 revocanti
1930 1495 2052 1531 recte
2090 1499 2166 1543 pa-

1283 1560 1407 1600 reat?
1461 1555 1826 1609 Distinguendum
1845 1558 1914 1595 est
1942 1553 2058 1594 inter
2074 1553 2169 1597 Bu-

1285 1634 1355 1664 ces
1385 1624 1461 1662 seu
1481 1620 1710 1674 praefectos
1739 1617 2007 1659 exercituum
2041 1629 2067 1657 a
2096 1628 2173 1668 po-

1286 1685 1404 1738 pulo,
1435 1683 1535 1724 dein
1552 1696 1578 1723 a
1593 1682 1733 1735 Rege,
1761 1686 1853 1721 tum
1873 1679 1929 1721 ab
1946 1678 2170 1732 optimati-

1286 1748 1365 1789 bus
1401 1746 1672 1800 praepositos.
1730 1742 1901 1797 Populo
1930 1741 2172 1792 revocanti,

1288 1817 1442 1866 utpote
1460 1810 1611 1852 mobili
1639 1814 1686 1850 et
1705 1807 1760 1849 ab
1778 1806 1934 1848 invidis
1951 1805 2169 1847 concitato

1286 1878 1458 1931 suisque
1491 1873 1734 1926 affectibus,
1762 1871 1982 1927 publicam
2009 1869 2174 1911 utilita-

1287 1947 1377 1984 tem
1397 1938 1691 1994 posthabenti,
1715 1937 1854 1979 bonus
1889 1934 1993 1977 civis
2021 1939 2070 1975 et
2098 1946 2176 1988 pa-

1289 2007 1386 2048 triae
1407 2016 1550 2046 amaus
1563 2015 1650 2044 non
1667 2001 1900 2043 auscultat.
1952 1999 2026 2040 De
2039 1997 2177 2039 Fabio

1289 2069 1475 2112 Ennius:
1497 2069 1509 2091 ‘
1527 2067 1629 2109 Non
1648 2064 1840 2119 ponebat
1852 2062 1967 2104 enim
1987 2072 2177 2118 rumores

1289 2139 1390 2175 ante
1408 2129 1619 2173 salutem!
1673 2131 1746 2171 De
1765 2125 2061 2181 Epaminonda
2085 2123 2179 2166 Ne·

1290 2210 1393 2250 pos:
1423 2197 1435 2220 ‘
1457 2195 1571 2247 Hic,'
1597 2193 1755 2248 inquit,
1780 2192 1793 2215 ‘
1809 2203 1908 2233 curn
1926 2188 2178 2232 criminibus

1292 2259 1635 2301 adversariorum
1655 2267 1802 2299 omnes
1820 2256 1867 2296 in
1884 2253 2090 2295 invidiam
2105 2264 2179 2293 ve·

1292 2326 1474 2375 nissent,
1505 2328 1635 2376 atque
1680 2321 1724 2361 in
1758 2331 1905 2361 eorum
1933 2319 2074 2359 locum
2108 2315 2178 2356 alii

1291 2393 1499 2442 praetores
1535 2384 1872 2433 successissent3
1919 2380 2182 2435 Epaminon·

1292 2450 1367 2491 das
1383 2448 1614 2503 plebiscito
1632 2460 1718 2488 non
1736 2446 1898 2500 paruit,
1914 2445 2112 2498 idemque
2127 2448 2178 2484 ut

1292 2513 1502 2565 facerent,
1513 2512 1728 2566 persuasit
1744 2510 1938 2563 collegis,
1949 2514 1995 2550 et
2010 2508 2185 2559 bellum,

1293 2578 1410 2633 quod
1429 2581 1670 2630 supererat,
1695 2575 1852 2628 gessit:
1882 2583 2068 2626 namque
2094 2570 2183 2612 ani·

1293 2641 1611 2691 madvertebat,
1626 2639 1700 2681 nbi
1715 2638 1933 2691 fecissent,
1948 2641 2088 2678 totum
2107 2648 2181 2677 ex-

1296 2705 1477 2745 ercitum
1497 2709 1676 2757 propter
1705 2701 2039 2755 imprudentiam
2058 2699 2184 2741 insci-

1297 2768 1488 2822 tiamque
1509 2767 1613 2808 belli
1639 2764 1904 2820 periturum!
1957 2764 2186 2805 Rationem

1297 2832 1410 2873 addo
1429 2832 1562 2882 illam,
1599 2829 1714 2884 quod
1733 2838 1801 2870 res
1820 2839 2029 2882 prospere
2049 2831 2187 2880 gestae

1298 2894 1426 2935 facile
1441 2893 1589 2934 turbas
1619 2893 1662 2932 in
1691 2891 1842 2932 animis
1859 2890 1976 2943 vulgi
1994 2902 2021 2930 a
2045 2887 2187 2929 conci·
2236 2902 2242 2907 ·

1298 2956 1546 2998 onatoribus
1577 2959 1811 2995 commotas
1852 2952 2085 2995 discutiant
2123 2958 2187 2995 at-

1300 3033 1384 3075 que
1402 3024 1672 3072 componant,
1684 3018 1964 3074 Populusque
1983 3017 2037 3072 ad
2054 3029 2101 3058 se
2121 3029 2188 3058 re·

1301 3095 1449 3124 versus
1470 3093 1547 3122 sua
1568 3081 1678 3120 scita
1696 3086 1741 3120 et
1757 3080 1918 3132 placita
1938 3079 2129 3132 damnet,
2143 3085 2190 3120 et

1302 3146 1538 3199 periculum
1558 3144 1722 3185 auctori
1741 3144 1955 3184 intentum
1982 3143 2190 3185 remittat.

1303 3212 1579 3252 Documento
1614 3213 1681 3249 est
1708 3207 1822 3248 idem
1856 3206 2189 3260 Epaminondas,

1304 3274 1491 3327 quicum
1522 3272 1610 3313 risu
1638 3284 1663 3313 a
1693 3271 1865 3325 judicio
1884 3269 2041 3322 capitis
2056 3270 2192 3310 maxi·

1303 3350 1374 3377 ma
1395 3336 1595 3377 discessit
1612 3336 1762 3389 gloria.
1798 3335 1946 3377 Quare
1963 3345 2049 3383 non
2069 3339 2188 3375 recte

1305 3401 1411 3442 fecit
1428 3400 1696 3450 Alcibiades,
1735 3398 1807 3451 qui
1837 3398 1997 3438 nuncio
2020 3397 2072 3437 ad
2093 3408 2194 3438 cau-

1305 3478 1395 3507 sam
1426 3464 1651 3506 dicendam
1683 3462 1855 3503 domum
1890 3461 2059 3512 citanti,
2093 3473 2190 3502 cum
