2306 3900
750 285 815 324 x.
883 284 1148 335 monesi,
1187 266 1329 326 cAi’.
1369 271 1419 323 5.

175 404 353 447 consilio
387 416 472 446 uno
502 408 698 456 tempore
732 408 778 444 et
813 401 1060 456 proditores

177 467 379 521 perculit,
396 473 443 508 et
461 468 603 507 hostes
623 464 896 519 profligavit.’
924 465 1061 507 Tacit.

177 531 291 571 Anu.
311 542 364 572 11.
382 534 451 572 89.
492 531 506 554 ‘
526 531 690 572 Eodem
710 543 838 581 anno,
856 530 1062 582 mancipii

177 595 300 641 unius
319 594 512 645 audacia,
538 595 580 634 ni
607 600 774 634 mature
805 593 1061 634 subventum

175 656 309 708 foret,
345 657 574 698 discordiis
611 657 825 709 armisque
861 655 1061 696 civilibus

177 720 336 773 Remp.
376 719 661 773 perculisset.'
715 721 851 760 Varro
884 718 1064 759 Parme-

174 786 327 827 nione:
349 787 362 809 ‘
380 784 504 826 Alius
525 791 720 826 teneram
739 784 928 824 abietem
947 783 1062 823 solus

175 848 400 903 percellit.'
432 849 586 890 Cicero
603 860 682 902 pro
703 848 849 888 domo:
871 850 884 871 ‘
899 847 1061 888 lisdem

175 913 379 954 machinis
395 917 572 965 sperant
588 924 655 952 me
671 912 919 952 restitutum
937 922 1062 963 posse

175 974 452 1027 labefactari,
469 975 624 1028 quibus
643 980 743 1016 ante
760 978 944 1015 stantem
964 985 1061 1027 per-

178 1037 411 1081 colerunt!
444 1038 646 1080 Gebhard.

191 1128 194 1131 -
229 1102 447 1156 Syracusas
482 1101 705 1154 introierit]
748 1103 807 1144 Et
845 1115 930 1143 una
964 1115 1060 1144 cum

175 1162 228 1207 eo'
247 1166 468 1218 Megacles
486 1165 578 1218 ejus
596 1162 750 1217 frater,
771 1171 818 1206 et
839 1166 1061 1219 Callippus

175 1228 466 1280 Atheniensis,
495 1235 541 1269 et
567 1230 731 1283 aliquot
757 1230 906 1270 exules
933 1230 1061 1283 Syra-

174 1293 335 1345 cusani,
363 1305 509 1333 omnes
538 1292 756 1333 coronati:
787 1293 863 1333 sed
894 1292 1060 1333 medius

173 1355 290 1397 inter
306 1355 484 1397 fratrem
499 1361 545 1397 et
558 1356 800 1408 Callippum
815 1356 947 1408 Dion,
965 1369 1058 1409 prae

173 1419 371 1460 omnibns
407 1419 584 1471 insignis
619 1424 748 1472 atque
781 1419 975 1470 illustris,
1014 1425 1061 1460 et

174 1483 299 1523 annis
317 1481 545 1523 luculentis
574 1486 692 1523 totus
721 1482 908 1535 undique
927 1482 1061 1523 collu-

176 1558 295 1588 cens.
348 1546 565 1588 Laetitiam
599 1551 744 1586 autem
773 1546 980 1598 civitatis,
1013 1551 1062 1588 et

175 1611 266 1652 dies
285 1610 437 1662 festos,
464 1615 510 1651 et
530 1611 678 1662 epulas
704 1610 761 1651 ob
789 1622 909 1663 spem
938 1622 1061 1652 recu-

173 1673 375 1727 perandae
392 1673 513 1715 brevi
534 1678 732 1725 tempore
756 1672 986 1724 libertatis,
1016 1677 1062 1714 et

173 1737 495 1789 gratulationes,
514 1742 560 1776 et
580 1741 684 1776 vota
702 1735 880 1788 pulchre
899 1735 1060 1777 descri-

175 1800 283 1842 bunt
298 1800 560 1841 Plutarchus
579 1805 627 1840 et
643 1799 859 1841 Diodorus
874 1799 1059 1842 Siculus.

176 1864 360 1905 Dtmbin.
545 1875 547 1877 ·

230 1929 395 1968 Nullam
414 1940 495 1968 esse
512 1928 721 1980 imperium
738 1932 881 1975 tutum,
905 1928 984 1969 nisi
1001 1929 1062 1970 be-

173 1992 391 2033 nevolentia
410 1992 625 2044 munitum]
653 1992 723 2032 Ad
743 1993 922 2034 verbum
951 1993 1061 2035 Dio-

174 2055 305 2096 dorus
324 2056 531 2108 prooemio
547 2055 623 2097 lib.
638 2066 738 2096 xiv.
766 2056 817 2096 Αἱ
825 2055 903 2108 γὰρ
917 2055 1061 2107 meua·

173 2135 249 2161 νων
276 2119 467 2173 ὑπεροχαὶ
497 2121 704 2172 ’τηροῦνται
731 2119 808 2170 μὲν
843 2120 971 2175 εὐνοίᾳ
996 2120 1062 2162 καὶ

174 2183 412 2238 δικαιοσύνῃ,
430 2183 695 2225 καταλύονται
713 2183 757 2226 δὲ
771 2183 979 2235 ἀδικήμασι
996 2185 1062 2226 καὶ

172 2247 278 2298 μίσει
309 2250 388 2289 τῶν
419 2246 761 2299 ὑποτεταγμένων.
833 2250 913 2290 Est
944 2250 1060 2302 apud

174 2312 357 2354 eundem
386 2313 623 2365 praeclarus
645 2312 765 2353 locus
784 2311 860 2352 lib.
881 2323 956 2353 ιν.
984 2311 1061 2354 ubi

171 2376 327 2417 asserit
362 2376 525 2416 nullum
561 2374 715 2416 fortius
749 2375 1061 2417 munimentum

172 2437 488 2491 circumjecisse
541 2438 832 2480 Athenienses
882 2439 1061 2492 imperio

174 2514 267 2554 suo,
293 2514 420 2556 quam
448 2502 791 2544 benevolentiam
821 2503 1059 2544 sociorum:

172 2578 271 2606 cum
303 2572 454 2607 contra
473 2565 672 2617 avaritia,
703 2566 908 2619 superbia
930 2573 1061 2621 atque

173 2627 434 2669 crudelitate
453 2628 772 2670 Lacedaemonii
801 2641 948 2671 omnes
967 2643 994 2670 a
1013 2642 1060 2671 se

175 2688 357 2730 Graecos
389 2690 672 2731 alienassent:
720 2690 784 2731 διὰ
823 2689 867 2731 δὲ
896 2689 1060 2744 ταύτης,

175 2752 326 2805 inquit,
343 2754 416 2800 ’τῆς
432 2751 721 2805 φιλανθρωπίας
750 2753 1062 2805 ἀνακτησάμενοι

173 2813 249 2862 τὴν
265 2814 370 2867 παρὰ
385 2817 470 2855 τοῖς
479 2813 679 2863 Ἓλλησιν
695 2816 844 2857 εὔνοιαν
861 2816 1061 2871 ἰσχυροτέ-

173 2893 245 2930 ραν
263 2877 450 2927 &alnov
462 2878 538 2927 τὴν
549 2878 773 2930 ἡγεμονίαν.
802 2881 1060 2934 Exemplum

173 2942 443 2983 luculentum
473 2943 679 2996 proponit
709 2945 850 2986 Tacit.
879 2946 922 2985 in
955 2946 1061 2987 Bar·

174 3003 285 3045 dane
303 3006 424 3058 Rege
444 3005 720 3058 Parthorum,
744 3007 800 3048 de
829 3020 914 3061 quo
945 3008 1061 3051 Anu.

175 3068 254 3109 lib.
279 3079 346 3109 ιι.
367 3073 432 3110 10.
489 3074 501 3092 ¹
522 3068 708 3121 Parthi:
741 3069 899 3124 inquit,
924 3070 937 3094 ‘
958 3071 1060 3113 dolo

176 3136 278 3172 ante
297 3131 551 3183 composito,
570 3131 810 3186 incautum,
825 3134 1060 3176 venationi·

174 3205 259 3248 que
297 3194 527 3246 intentum,
567 3194 843 3248 interfecere,
877 3198 1060 3251 primam

174 3258 291 3300 intra
310 3258 554 3310 juventam,
581 3258 656 3299 sed
681 3260 940 3303 claritudine
956 3274 1062 3315 pau·

176 3334 249 3363 cos
282 3323 395 3364 inter
429 3334 578 3363 senum
608 3333 774 3375 regum,
815 3325 850 3364 si
881 3326 1059 3377 perinde

177 3397 366 3427 amorem
398 3387 514 3427 inter
545 3387 791 3440 populares,
819 3400 947 3442 quam
973 3401 1060 3431 me·

178 3454 269 3491 tum
289 3449 406 3502 apud
424 3450 568 3492 hostes
587 3450 885 3504 quoesivisset.'

232 3511 295 3552 Eo
320 3515 490 3566 tempore
513 3513 648 3568 aberat
666 3514 904 3570 Dionysius]
933 3515 1060 3565 Com-

1902 272 2009 323 537

1123 401 1384 456 miseratque
1400 401 1511 443 arcis
1526 399 1764 443 custodiam
1775 401 2011 443 Timocrati

1123 465 1201 516 illi,
1226 465 1281 506 de
1301 479 1385 519 quo
1404 478 1550 518 supra.
1605 467 1714 508 Erat
1732 472 1877 507 autem
1895 466 2012 507 circa

1124 530 1375 570 Cauloniam
1409 529 1451 569 in
1478 523 1857 583 Italia,'venitque
1884 530 2012 583 Syra·

1123 605 1248 633 cusas
1266 592 1449 645 septimo
1479 598 1579 645 post
1608 593 1760 634 Dionis
1789 593 2011 634 introitum

1123 655 1206 697 die.
1260 655 1393 696 Diod.
1408 656 1578 696 Siculus
1597 656 1671 696 lib.
1689 667 1768 696 xv·
1796 656 1981 698 Lambin.

1181 719 1354 760 Classem
1385 718 1652 771 operiebatur]
1697 720 1777 760 Cui
1823 726 2012 773 praeerat

1123 782 1357 823 Philistus:
1391 782 1463 834 qui
1494 794 1591 822 cum
1615 781 1805 823 venisset
1837 783 2009 824 tandem

1123 859 1220 888 cum
1235 846 1382 887 multis
1398 845 1661 897 triremibus,
1677 846 1751 886 sed
1770 858 1883 897 sero,
1899 847 2016 897 navi,

1123 922 1208 964 qua
1227 910 1475 961 veheretur,
1495 915 1642 963 capta,
1667 921 1816 950 manus
1838 909 1920 950 sibi
1947 917 2012 951 at-

1124 974 1247 1016 tulit:
1280 974 1366 1025 vel,
1384 979 1433 1014 ut
1449 974 1522 1014 alii
1542 974 1736 1026 tradunt,
1763 974 1808 1014 in
1825 979 2018 1027 potesta-

1123 1044 1212 1081 tem
1245 1038 1587 1080 adversariorum
1615 1039 1751 1091 venit,
1778 1039 1832 1079 ab
1865 1039 2013 1093 eisque

1122 1101 1238 1142 foede
1265 1108 1312 1143 et
1330 1102 1640 1143 contumeliose
1661 1101 1904 1143 trucidatus
1930 1108 2014 1144 est.

1122 1165 1346 1206 Plutarch.
1365 1170 1411 1206 et
1428 1165 1608 1207 Diodor.
1627 1177 1722 1208 xvi.
1753 1165 1955 1207 Gebhard.

1177 1229 1326 1279 Regios
1355 1228 1522 1280 spiritus
1551 1228 1758 1281 repressit]
1786 1228 2012 1283 Βασιλικὺν,

1123 1304 1201 1332 seu
1227 1290 1456 1345 τυραννικὸν
1478 1290 1670 1345 φρόνημα,
1699 1293 1853 1343 regiam
1879 1305 2013 1346 super-

1122 1357 1225 1398 biam
1243 1372 1290 1398 ac
1296 1357 1505 1408 ferociam.
1535 1357 1732 1398 Lambin.
1779 1361 1791 1381 ‘
1808 1357 2012 1410 Spiritus’

1121 1421 1192 1461 hic
1207 1426 1333 1462 notat
1353 1419 1638 1474 ὑπερφρόνημα.
1683 1421 1830 1461 Caesar
1848 1423 2013 1465 Comm.

1123 1483 1179 1524 de
1211 1485 1322 1526 Bell.
1358 1484 1474 1525 Gall.
1502 1496 1535 1525 ι.
1554 1488 1622 1525 33.
1650 1482 1683 1526 f.
1712 1485 1725 1508 ‘
1746 1484 1848 1536 Ipse
1868 1491 2012 1526 autem

1124 1546 1366 1588 Ariovistus
1398 1552 1543 1588 tantos
1572 1546 1656 1588 sibi
1688 1546 1882 1599 spiritus,
1918 1552 2012 1588 tan-

1124 1616 1211 1652 tam
1229 1611 1517 1664 arrogantiam
1533 1616 1791 1663 sumpserat,
1805 1618 1852 1651 ut
1868 1609 2014 1653 feren·

1123 1673 1203 1715 dus
1221 1686 1306 1716 non
1328 1673 1581 1716 videretur.'
1612 1674 1738 1715 Idem
1758 1675 1923 1716 Comm.
1936 1673 2022 1718 lib.

1123 1750 1174 1781 11.
1193 1742 1237 1779 4.
1264 1739 1277 1762 ‘
1298 1740 1395 1782 Qua
1412 1751 1467 1779 ex
1498 1752 1545 1780 re
1563 1737 1675 1791 fieri,
1701 1739 1766 1779 uti
1786 1751 1931 1779 earnm
1951 1751 2015 1779 re·

1124 1815 1217 1844 rum
1237 1804 1443 1845 memoria
1461 1815 1659 1856 magnam
1677 1802 1759 1843 sibi
1779 1802 2014 1844 auctorita-

1123 1874 1212 1907 tem
1234 1879 1491 1921 magnosque
1511 1867 1686 1920 spiritus
1707 1867 1751 1907 in
1768 1879 1814 1907 re
1832 1866 2012 1908 militari

1123 1930 1373 1971 sumerent.'
1430 1931 1583 1972 Cicero
1607 1943 1687 1983 pro
1714 1931 1860 1972 Sulla:
1891 1931 1904 1954 ‘
1925 1932 2012 1971 Res

1123 1990 1258 2044 ge‘stae
1289 1992 1422 2033 credo
1451 2005 1556 2033 meae
1588 2005 1658 2033 me
1686 1994 1813 2034 nimis
1843 1995 2012 2035 extule-

1124 2060 1240 2106 runt,
1253 2059 1299 2095 et
1309 2055 1410 2096 mihi
1423 2055 1569 2097 nescio
1583 2067 1688 2110 quos
1703 2056 1882 2108 spiritus
1897 2062 2013 2098 attu-

1122 2118 1297 2159 lerunt!
1351 2118 1532 2170 Spiritus
1565 2132 1670 2160 vero
1702 2121 1914 2172 reprimere
1943 2128 2012 2175 est

1121 2181 1329 2222 ταπεινοῦν
1343 2181 1398 2222 τὰ
1413 2181 1657 2235 φρονήματα,
1677 2183 1747 2223 vel
1767 2183 1898 2223 etiam
1917 2195 2014 2223 συσ-

1121 2243 1295 2286 τέλλειν.
1352 2246 1567 2288 Diodorus
1595 2247 1708 2288 libro
1741 2258 1837 2287 xvi.
1892 2247 1942 2288 ‘0
1969 2247 2013 2289 δὲ

1121 2307 1312 2355 βασιλεὺς
1336 2307 1456 2358 ἡδέως
1475 2310 1570 2363 ὁρῶν
1597 2310 1673 2359 τὴν
1694 2309 1927 2352 ταπείνωσιν
1945 2311 2013 2352 αὖ·

1119 2374 1214 2424 τῶν,
1231 2372 1296 2413 καὶ
1313 2372 1552 2424 βουλόμενος
1575 2374 1628 2415 τὰ
1641 2374 1854 2428 Λευκτρικὰ
1873 2374 2014 2428 φρονή·

1120 2451 1227 2486 ματα
1240 2439 1448 2478 συστεῖλαι
1461 2440 1540 2479 τῶν
1550 2441 1738 2479 Βοιωτῶν.
1760 2440 1914 2481 Cicero
1931 2452 2012 2494 pro

1123 2501 1299 2543 Sextio:
1337 2503 1350 2525 ‘
1382 2502 1467 2545 Qui
1498 2501 1690 2544 furorem
1721 2504 2010 2546 exsultantem

1123 2565 1359 2618 repressit!
1390 2566 1590 2609 Gebhard.

1139 2662 1141 2665 .
1180 2629 1236 2668 Et
1254 2627 1441 2681 insulam]
1471 2629 1634 2681 Insula,
1658 2642 1757 2684 pars
1777 2635 1872 2672 erat
1890 2631 2010 2673 urbis

1122 2692 1448 2744 Syracusarum,
1473 2699 1518 2733 et
1543 2693 1679 2734 instar
1697 2695 1842 2745 urbis;
1872 2701 1920 2736 ut
1947 2695 2010 2735 ait

1123 2755 1363 2797 M-Tullius
1377 2756 1420 2796 in
1432 2756 1628 2799 Verrem.
1655 2758 1880 2810 Syracusae
1896 2759 2009 2800 enim

1123 2818 1381 2859 constabant
1395 2831 1450 2860 ex
1465 2825 1648 2873 quatuor
1661 2822 1847 2863 urbibus.
1869 2823 2009 2866 Lamo.

1123 2881 1234 2922 Vide
1253 2881 1438 2923 eundem
1468 2883 1542 2925 lib.
1562 2895 1625 2926 w.
1658 2884 2011 2940 Aecusafionum,

1122 2949 1169 2985 et
1189 2945 1358 2986 Livium
1376 2945 1532 2988 Annal.
1554 2958 1665 2990 xxv.

1182 3008 1239 3049 Ut
1274 3008 1417 3049 talibus
1449 3011 1714 3064 pactionibus]
1749 3013 1817 3053 De
1855 3014 2009 3067 quibus

1122 3070 1222 3113 vide
1237 3071 1534 3125 Plutarchum,
1554 3080 1600 3115 et
1616 3075 1857 3115 Diodorum
1876 3087 1973 3117 xvi.

1175 3133 1395 3187 Syracusas
1423 3136 1708 3189 Apollocrates]
1750 3137 2009 3181 Plutarchus

1120 3199 1235 3240 hunc
1272 3200 1474 3252 Dionysii
1510 3199 1647 3241 filium
1684 3199 1815 3240 fuisse
1847 3201 2010 3245 adserit

1123 3261 1395 3313 grandiorem
1421 3267 1544 3312 natu,
1576 3262 1645 3301 cui
1670 3262 1763 3314 ipse
1783 3261 2008 3317 aufugiens

1122 3337 1265 3366 arcem
1285 3324 1610 3366 custodiendam
1627 3325 1883 3369 tradiderat.
1902 3328 2008 3370 Lon-

1118 3389 1262 3439 golias.

1178 3451 1256 3491 Gai
1279 3450 1494 3492 „mximam
1507 3450 1636 3504 fidem
1648 3449 1718 3492 ani
1730 3451 1894 3493 habebat
1905 3453 2008 3493 Dio·

1120 3514 1275 3568 nysius]
1303 3514 1377 3557 Sic
1397 3514 1643 3569 legendum,
1666 3528 1767 3570 nou,
1795 3522 1843 3558 ut
1862 3517 2006 3572 vulgo,
