2306 3900
267 292 364 330 c-·
1086 281 1310 331 lnnssx'

266 414 429 454 Navalis
448 415 539 454 belli
559 413 812 466 peritissimus
839 413 882 461 ii,
901 419 927 455 2

264 468 440 508 Nautica
456 474 581 509 castra
610 468 676 515 vii,
693 473 732 509 8.
760 468 870 516 xxiii,
891 472 939 510 11
969 467 1028 522 (V.
1054 468 1151 510 cas-

323 527 381 560 tra

266 522 403 635 Nasu}
440 574 589 636 (insula
618 575 660 614 in
680 573 831 628 AEgeo)
876 574 920 622 ii,
944 579 970 616 8
1011 575 1154 629 <Varia

323 627 409 679 ejus
440 628 614 676 nomina,
645 629 787 681 quibus
820 628 913 668 olim
940 634 1037 668 nota
1064 630 1154 679 fuit,

281 679 477 721 Plinius
503 683 556 731 iv,
574 686 639 724 12.
667 683 817 723 recitat.
842 682 975 738 Hodie
993 681 1156 724 Nicosi'a

323 735 489 797 dicitur)

270 787 369 863 Ne
350 802 446 841 Joco
461 789 619 843 quidem
638 790 897 830 mentiebatur
921 803 986 838 κν,
1001 794 1026 831 3
1067 791 1157 830 nul-

325 843 401 883 lius
429 856 601 897 unquam
628 843 834 885 consilium
850 856 932 882 non
949 845 1068 884 modo
1087 858 1156 884 an-

325 898 502 945 telatum,
536 898 607 938 sed
637 911 688 939 ne
706 903 972 949 comparatum
997 898 1158 951 quidem

254 964 256 967 ·
324 957 387 990 est
412 965 476 998 xx,
495 956 521 992 3
562 964 612 991 ne
641 951 858 1012 (enclitica,
887 951 930 989 in
958 964 1068 1004 seqq.
1084 952 1158 991 du-

325 981 506 1044 bitatio’ni
536 1011 578 1044 et
591 1004 884 1058 interrogationi
897 1005 1036 1058 servit)
1050 1020 1061 1045 z

326 1059 449 1116 periri
459 1059 600 1106 voluit,
618 1072 751 1099 verum
767 1059 959 1099 falsumne
977 1019 1114 1099 essete
1098 1073 1161 1099 re-

326 1109 449 1152 latum'
466 1113 620 1167 (verum
637 1126 688 1152 an
701 1111 861 1164 falsum)
877 1113 956 1159 xiv,
971 1117 998 1153 9
1019 1113 1052 1152 is
1069 1126 1160 1153 cum

327 1168 639 1220 interimogaretur
680 1172 810 1206 utrum
852 1142 974 1218 pluris
1010 1173 1161 1219 patrem

329 1226 542 1261 matremne
560 1221 706 1261 faceret
721 1219 893 1275 (patrem
911 1233 961 1260 an
979 1220 1164 1275 matrem)

331 1275 385 1321 xi,
403 1279 428 1316 3

276 1327 529 1370 Necessarius
540 1328 657 1368 homo
671 1327 824 1382 (signif.
843 1327 1159 1381 propinquitatis,

333 1385 384 1423 de
397 1382 553 1434 socero)
581 1383 659 1430 xiv,
671 1386 699 1423 6
726 1381 903 1422 homines
927 1389 1008 1422 tam
1025 1395 1161 1423 neces-

334 1438 423 1477 sarii
449 1437 503 1483 iv,
522 1440 549 1476 2

279 1491 478 1533 Necesse.
507 1489 604 1530 nihil
631 1501 790 1529 necesse
808 1494 869 1529 est
886 1489 1060 1541 pluribus
1077 1501 1162 1528 ver·

334 1545 396 1585 bis
415 1556 712 1584 commemorare
738 1543 793 1596 (si
821 1544 931 1583 locus
949 1555 1065 1582 sanus
1082 1542 1165 1593 est)

336 1612 426 1645 xxv,
446 1602 497 1638 21
542 1597 629 1650 (Sic
651 1597 813 1636 Terent.
837 1596 942 1635 Eun.
979 1610 1020 1643 v,
1048 1600 1090 1643 6,
1110 1600 1164 1637 28

337 1652 441 1693 ‘nisi
458 1651 552 1703 quia
569 1663 728 1690 necesse
752 1650 828 1688 fuit
845 1651 922 1689 hoc
943 1649 1100 1689 facere-³
1124 1656 1166 1688 et

335 1719 375 1753 v,
389 1710 430 1752 9,
458 1708 541 1745 45¹
556 1717 715 1743 necesse
729 1709 789 1742 est
809 1703 969 1742 multum
989 1703 1166 1755 accipere

335 1758 553 1798 Thaidem!
607 1758 860 1810 Sicquoque
885 1757 1063 1806 Plautus,
1097 1756 1166 1798 Ci-

328 1809 444 1860 cero,
461 1812 548 1864 alii)

285 1867 509 1907 Necessitas
527 1881 536 1904 z
567 1867 640 1905 hac
668 1865 900 1906 necessitate
918 1871 1077 1905 coactus
1095 1865 1167 1920 (de

338 1926 500 1973 urgente
517 1920 708 1972 calamit.)
736 1919 777 1966 ii,
795 1923 821 1959 8

286 1975 548 2014 Necessitudo
578 1973 760 2027 (affluit.)
801 1987 842 2019 x,
860 1977 881 2013 1
921 1973 1168 2013 necessitudo

341 2029 453 2068 sortis
489 2027 593 2074 xxiv,
623 2031 643 2067 1
684 2027 940 2079 (collegarum
970 2033 1073 2066 sorte
1093 2027 1170 2066 lec-

311 2086 313 2088 ’
344 2090 470 2122 torum
489 2080 694 2121 consensio
713 2087 754 2120 et
764 2081 964 2121 vinculum
981 2080 1172 2133 conjunc·

344 2137 478 2188 tioque
497 2141 667 2174 notatur.
696 2134 857 2186 Boecl.)

292 2191 414 2230 Necis
445 2202 562 2228 causa
589 2189 692 2228 datae
721 2188 932 2240 provinciae
961 2187 1048 2241 (Sic
1073 2188 1172 2227 Mss.

345 2251 387 2283 et
404 2245 499 2282 edd.
525 2248 621 2282 vett.
649 2243 699 2281 ad
718 2253 840 2281 unum
856 2242 1014 2295 omnes)
1040 2247 1130 2288 xxv',
1147 2245 1173 2282 8

346 2310 482 2337 necem
501 2297 575 2335 sibi
593 2296 848 2342 consciscere,
867 2296 931 2334 Fr.
949 2300 975 2335 2

291 2351 541 2390 Nectanabes
559 2350 647 2411 (rex
665 2349 857 2401 AEgypti)
885 2349 952 2395 xii,
970 2353 1010 2388 2.
1037 2347 1130 2394 xvii,
1148 2350 1173 2387 8

292 2405 442 2444 Nefas:
471 2417 514 2443 se
545 2402 679 2455 patriae
696 2402 807 2441 irasci
826 2403 935 2441 nefas
951 2413 1035 2441 esse
1053 2402 1173 2439 duce-

347 2459 414 2498 bat
455 2470 519 2504 xv,
538 2460 562 2497 ⁷
609 2456 720 2495 nefas
746 2454 787 2494 id
816 2456 981 2494 habetur
1008 2454 1175 2493 moribus

345 2511 499 2557 nostris,
529 2510 646 2548 Praef.
700 2509 816 2571 quod
845 2510 955 2547 nefas
973 2514 1055 2547 erat
1071 2521 1176 2547 more

345 2562 645 2605 Atheniensium
673 2562 741 2610 vii,
760 2566 785 2602 8

293 2619 476 2672 Negare:
505 2631 555 2657 ne
584 2616 803 2656 differendo
827 2615 1020 2655 videretur
1036 2627 1178 2667 negare

347 2687 387 2720 v,
408 2677 434 2714 4
464 2672 526 2725 (ν.
554 2670 759 2723 Differre).
789 2675 909 2722 negat
938 2670 997 2708 sui
1025 2669 1179 2708 consilii

348 2740 433 2767 esse
461 2728 514 2772 ix,
532 2728 558 2766 4
587 2724 758 2776 negabat
775 2737 816 2763 se
834 2723 871 2762 ei
886 2722 961 2762 vim
974 2723 1177 2762 allaturum

348 2781 456 2828 xviii,
482 2783 538 2819 12
581 2778 751 2830 negabat
775 2778 815 2816 id
833 2789 914 2816 suae
933 2776 1074 2816 virtuti
1083 2789 1177 2815 con-

349 2835 480 2874 venire
510 2833 603 2878 xvii,
618 2837 642 2872 5
686 2832 773 2884 (Sic
790 2831 881 2870 Val.
901 2831 1012 2870 Max.
1041 2828 1069 2877 i,
1091 2834 1134 2876 6,
1153 2833 1179 2869 6

350 2886 570 2941 signiferis
600 2885 832 2937 negantibus
879 2885 990 2936 signa
1035 2883 1181 2923 moveri

353 2955 424 2982 sua
453 2942 546 2980 sede
576 2953 706 3000 posse.
708 2938 854 2978 'Suet.
882 2938 987 2989 Aug.
1007 2942 1074 2978 94.
1103 2943 1179 2976 ‘ex

353 3010 401 3036 eo
427 2999 618 3057 negantur
647 2992 703 3031 ibi
733 3005 836 3031 ranae
865 2990 1078 3043 coaxare’.)
1111 3004 1179 3030 ne·

354 3062 443 3103 gare
462 3048 499 3088 ei
513 3060 592 3086 non
611 3047 754 3098 potuit,
774 3046 868 3098 quin
888 3045 963 3084 &c.
991 3058 1030 3091 x,
1046 3049 1072 3085 2

300 3104 472 3157 Negatio
502 3101 650 3153 duplex
683 3113 788 3139 more
818 3099 1042 3139 Graecorum
1071 3111 1181 3138 usur·

356 3164 475 3210 pata.
504 3155 624 3194 nullae
654 3166 823 3206 unquam
847 3166 976 3205 neque
994 3153 1181 3192 exercita-

358 3213 472 3249 tiores
490 3209 630 3261 copiae,
661 3220 790 3271 neque
808 3206 930 3259 magis
945 3207 1052 3246 dicto
1071 3206 1183 3246 audi-

356 3271 465 3303 entes
500 3263 657 3301 suerunt
700 3262 753 3308 xi,
780 3265 806 3301 2
847 3260 954 3321 (vid.
988 3259 1184 3301 Vechneri

357 3316 626 3368 Hellenolex.)
655 3315 747 3354 Sic:
775 3313 872 3354 nihil
899 3327 1086 3366 unquam,
1115 3327 1184 3353 ne-

358 3384 435 3422 que
464 3370 633 3407 insolens
666 3382 792 3420 neque
822 3368 1028 3421 gloriosum
1053 3382 1098 3407 ex
1119 3377 1184 3408 ore

358 3425 445 3476 ejus
463 3421 556 3461 exiit
585 3436 648 3466 xx,
667 3426 692 3462 4
722 3422 929 3461 nonfacile
948 3435 1101 3474 reperiri
1114 3435 1184 3473 po

361 3482 452 3524 test,
481 3488 611 3527 neque
639 3476 688 3513 de
720 3475 867 3515 Graecis
890 3489 1018 3528 neque
1036 3477 1086 3515 de
1106 3475 1184 3515 Ita-

1271 414 1356 455 licis
1373 415 1500 463 rebus,
1513 416 1619 468 quod
1632 414 1707 456 Sec.
1734 414 1838 463 xxiv,
1856 418 1881 456 3
2043 439 2046 442 -

1216 469 1427 522 Negligere
1445 482 1525 509 rem
1554 470 1779 510 familiarem
1806 470 1879 524 (dc
1902 468 2099 510 luxurioso

1271 530 1313 562 et
1327 522 1541 586 dissoluto)
1568 523 1611 570 ii,
1632 527 1655 564 1
1895 540 1904 544 ·

1217 574 1489 630 Negligenter,
1508 576 1699 616 malitiose
1713 576 1842 617 facere
1867 577 1935 625 vii,
1949 581 1975 618 7

1217 630 1433 683 Negotium
1469 631 1560 670 dare
1593 631 1711 671 alicui
1736 629 1806 678 vii,
1837 634 1901 671 1⁰.
1935 645 1974 678 x,
1986 634 2048 672 8.
2070 623 2100 671 9

1270 685 1699 801 ἓὲἕὲἷῗὲἓῗζίῗῗῗῗ
1716 660 2102 801 53505‘33332333

1273 803 1493 852 procurare,
1533 791 1630 830 ibid.
1675 791 1877 843 negotium
1912 791 2005 830 mihi
2042 796 2103 830 est

1274 857 1364 884 cum
1394 844 1476 884 viro
1507 850 1663 884 strenuo
1696 844 1914 898 (eleganter
1937 843 2102 897 dicitur)

1274 897 1355 946 xiv,
1383 901 1410 939 7
1455 911 1503 938 eo
1538 897 1743 937 interfecto
1766 898 1874 938 nihil
1906 898 2104 937 habituros

1275 950 1426 1004 negotii
1457 951 1612 1005 (omnia
1636 957 1771 1012 parata
1787 958 1828 990 et
1843 951 1975 991 facilia
1994 951 2104 1004 fore)

1276 1005 1387 1052 x-viii,
1413 1008 1464 1046 12
1492 1005 1593 1059 (Sic,
1621 1003 1760 1045 Cicero
1778 1018 1913 1058 saepe,
1924 1005 2103 1057 sapitque

1276 1059 1521 1111 proverbium
1540 1072 1588 1098 ea
1616 1058 1786 1113 locutio)
1803 1058 1893 1099 Ita:
1919 1059 2006 1098 ‘sine
2033 1070 2103 1099 nc-

1276 1113 1385 1166 gotio
1413 1113 1505 1159 xvii,
1524 1117 1549 1154 5
1951 1130 1957 1140 ·

1222 1140 1352 1206 Nemo
1383 1179 1463 1206 non
1490 1172 1645 1219 putarat
1671 1179 1762 1212 xxV,
1781 1168 1835 1206 10
1860 1165 2007 1206 nemini
2023 1177 2106 1205 non

1276 1219 1333 1259 ibi
1350 1221 1534 1259 manendi
1548 1225 1721 1272 potestas
1737 1194 1843 1259 f'acta
1860 1224 1921 1260 est
1948 1233 2037 1266 xxv,
2054 1223 2105 1261 11

1222 1272 1422 1380 Neqclqs
1423 1274 1527 1336 (sive
1547 1274 1648 1314 utin
1665 1272 2107 1327 quibusd.1v12s.Neo-

1276 1340 1298 1366 c
1318 1342 1360 1367 us
1411 1327 1454 1375 ii,
1475 1332 1496 1368 1

1223 1381 1470 1421 Neontichos
1514 1380 1594 1435 (sic
1624 1380 1719 1433 legit
1757 1352 1944 1443 Vossius)
1990 1379 2069 1428 vii,
2079 1383 2107 1421 7

1278 1435 1373 1496 (Est
1390 1449 1426 1474 a.
1445 1448 1588 1474 nomen
1605 1434 1790 1475 castelli
1778 1447 1820 1472 m
1835 1434 2015 1481 Thacia,
2039 1446 2110 1474 cu-

1274 1488 1342 1540 jus
1355 1494 1397 1528 et
1413 1489 1558 1541 Scylax
1578 1501 1624 1527 ac
1641 1487 1746 1528 Plin.
1740 1487 1999 1550 meminere)

1226 1541 1511 1593 Neoptolemus
1529 1542 1637 1581 cadit
1660 1541 1767 1588 xviii,
1784 1545 1812 1581 4
1933 1553 1942 1563 ·

1227 1595 1366 1647 Nepos
1384 1595 1504 1636 Corn.
1536 1596 1599 1634 Μ.
1621 1594 1836 1642 Ciceronis,
1855 1600 1901 1634 ut
1917 1594 1993 1647 qui
1997 1605 2110 1633 max-

1281 1650 1359 1688 ime
1390 1649 1536 1688 amicus
1565 1647 1841 1700 familiarisque
1869 1648 1959 1698 fuit,
1989 1647 2053 1688 Fr.
2083 1651 2109 1688 4

1283 1701 1418 1742 laudat
1451 1703 1590 1741 librum
1619 1714 1731 1740 suum
1753 1703 1805 1741 de
1822 1701 1995 1742 historic.
2026 1715 2063 1749 x,
2083 1706 2109 1742 3

1283 1763 1325 1797 et
1342 1756 1460 1795 alium
1479 1757 1530 1795 de
1549 1756 1630 1794 vita
1643 1755 1807 1795 Catonis
1832 1755 1936 1803 xxiv,
1949 1759 1976 1796 3
1998 1779 2003 1786 ·

1230 1811 1410 1864 Nepotes
1429 1810 1511 1849 nati
1529 1809 1565 1848 ei
1583 1815 1674 1848 sunt
1691 1809 1804 1848 multi
1829 1810 1910 1858 xxi,
1923 1813 1951 1850 2

1229 1865 1373 1917 Neptis
1385 1870 1477 1903 nata
1494 1869 1554 1904 est
1563 1862 1698 1903 Attico
1706 1877 1752 1903 ex
1764 1863 1943 1916 Agrippa
1955 1875 2045 1910 xxv,
2061 1864 2114 1902 19

1232 1919 1413 1971 Neptuni
1431 1919 1565 1957 fanum
1571 1916 1775 1981 fidemnon)
1798 1917 1900 1965 iv,4

1231 1974 1375 2025 Neque
1403 1985 1452 2012 eo
1481 1971 1604 2023 magis
1631 1972 1710 2011 fida
1741 1972 1842 2011 inter
1861 1983 1930 2011 eos
1945 1939 2117 2009 amicitia

1287 2026 1429 2065 mansit
1456 2026 1535 2075 xxi,
1552 2029 1577 2066 3
1605 2038 1735 2088 noeque
1748 2039 1796 2065 eo
1815 2025 1935 2078 magis
1949 2037 1997 2064 ex
2015 2036 2113 2076 prae-

1288 2081 1342 2119 lio
1371 2079 1537 2119 excessit
1575 2079 1683 2126 xviii,
1701 2084 1727 2120 4
1766 2092 1895 2132 neque
1921 2078 2115 2118 eominus

1288 2147 1352 2180 xx,
1370 2137 1397 2174 4
1436 2146 1565 2184 neque
1597 2145 1646 2172 eo
1664 2133 1790 2173 secius
1816 2145 1905 2180 xxV,
1916 2135 1951 2173 2
1987 2143 2118 2184 neque

1288 2201 1360 2227 suo
1391 2187 1549 2226 nomine
1566 2200 1695 2239 neque
1712 2187 1956 2227 subscribens
1977 2198 2071 2233 xxv,
2088 2189 2115 2225 6

1288 2254 1418 2294 neque
1435 2241 1674 2294 colloquium
1691 2239 1776 2293 ejus
1791 2241 1888 2293 peti,
1918 2252 2048 2303 neque
2074 2238 2118 2277 in

1287 2302 1543 2346 conspectum
1594 2295 1725 2333 venire
1757 2295 1910 2334 studuit
1950 2293 2030 2339 xiv,
2064 2296 2117 2333 ’10

1288 2347 1432 2399 Neque
1469 2360 1560 2386 vero
1595 2347 1661 2386 hic
1696 2360 1776 2385 non
1809 2352 2027 2387 contemtus
2058 2351 2119 2384 est

1287 2400 1524 2463 (negatione
1548 2399 1698 2451 duplici
1722 2399 1937 2441 affirmandi
1954 2399 2032 2438 vim
2051 2398 2121 2438 ha-

1290 2453 1430 2514 ben-te)
1456 2452 1540 2500 viii,
1558 2456 1586 2493 2
1623 2453 1716 2492 Sic:
1743 2466 1873 2506 neque
1890 2459 2021 2493 tamen
2037 2465 2117 2491 non

1293 2506 1541 2559 patiebantur
1585 2505 1693 2553 xviii,
1726 2510 1747 2547 1
1795 2506 1949 2560 (adde,-
1989 2506 2046 2553 ix,
2076 2509 2118 2547 2.

1291 2566 1330 2602 5.
1350 2573 1440 2608 ιιιιν,
1460 2559 1549 2612 13).
1576 2573 1704 2612 neque
1723 2560 1849 2599 minus
1865 2565 2023 2612 propter
2037 2572 2120 2599 mo-

1292 2627 1367 2662 res,
1410 2627 1527 2667 quam
1561 2614 1789 2653 affinitatem
1819 2615 1918 2668 (tam
1963 2620 2122 2666 propter

1296 2681 1434 2715 mores,
1453 2681 1570 2721 quam
1590 2668 1720 2721 affin.)
1747 2682 1786 2714 x,
1804 2672 1827 2708 1
1866 2668 1958 2707 Sic:
1991 2680 2119 2719 neque

1293 2721 1420 2761 minus
1453 2723 1578 2761 bonus
1606 2721 1836 2773 paterfamil.
1865 2721 2019 2761 habitus
2046 2727 2119 2768 est,

1294 2788 1412 2828 quam
1430 2776 1526 2815 civis
1554 2788 1643 2822 xxv,
1664 2779 1715 2816 13

1239 2827 1361 2876 Nero,
1378 2830 1426 2871 C.
1447 2829 1634 2869 Claudius
1654 2829 1755 2876 xxiv,
1775 2833 1798 2869 1

1240 2882 1387 2924 Nescio
1416 2896 1495 2935 quo
1524 2895 1617 2922 casu
1645 2883 1673 2930 i,
1691 2887 1716 2923 7
1757 2882 1888 2922 nescio
1921 2882 2119 2935 quomodo

1295 2937 1366 2984 vii,
1411 2941 1476 2984 11,
1514 2935 1596 2984 viii,
1631 2940 1653 2976 1
1701 2936 1888 2989 (formula
1940 2936 2120 2989 frequens

1295 2989 1543 3043 ἀπορητική).
1599 2989 1692 3029 huic
1718 2991 1785 3029 uni
1803 2989 1982 3082 cqntigit,
2011 2990 2120 3042 quod

1294 3044 1428 3084 nescio
1460 3057 1511 3083 an
1540 3043 1610 3082 ulli
1638 3057 1702 3095 xx,
1722 3048 1743 3084 1
1780 3043 1875 3106 (Sic
1935 3057 1979 3082 os
1995 3044 2123 3083 edidi-

1295 3111 1410 3148 mus3
1430 3097 1639 3137 Lambinus
1667 3073 1710 3137 e't
1725 3096 1849 3144 alii,‘
1864 3096 2055 3136 annulliss
2084 3110 2122 3135 v.

1295 3165 1401 3205 supr.
1419 3150 1618 3203 Contigit)

1243 3205 1294 3245 In
1322 3211 1498 3246 neutram
1530 3211 1679 3256 partem
1705 3203 1856 3257 (neque
1883 3204 1973 3252 hoc,
1994 3214 2121 3256 neque

1297 3260 1365 3299 illo
1382 3255 1563 3312 nomine)
1589 3272 1680 3305 xxv,
1700 3263 1750 3298 13

1245 3313 1420 3353 Nicanor
1464 3313 1671 3353 Cassandri
1718 3312 1925 3365 praefectus
1970 3309 2122 3351 Piraeeo

1299 3367 1447 3420 potitur
1475 3367 1551 3413 xix,
1573 3370 1600 3406 2

1247 3421 1383 3461 Nicias
1401 3434 1500 3459 unus
1515 3433 1538 3459 e
1556 3418 1716 3471 collegis
1731 3388 1945 3456 Alcibiadis
1973 3417 2040 3464 vii,
2060 3421 2085 3458 3

1248 3473 1359 3515 Nmil
1385 3487 1514 3527 neque
1545 3474 1729 3518 insolens,
1761 3483 1887 3524 neque
1915 3469 2120 3524 gloriosum
