2306 3900
858 248 1159 299 coRNEffll
1200 248 1486 289 NEPOTls.
1983 235 2092 290 737
2171 284 2176 287 ,

256 454 258 457 ,
305 393 500 463 {senaci
518 401 570 443 et
593 393 722 458 Lips'.
745 399 912 442 sumtu
935 397 988 442 et
1028 392 1156 458 typis
1195 392 1276 443 J0.
1296 390 1585 456 Christoph.
1610 388 2088 455 Krugii.—Heusin-

304 471 452 539 gerus
469 480 519 523 et
540 472 646 539 ipse
671 472 919 523 consuluit
935 473 1156 537 exempla
1175 472 1405 537 quaedam
1431 479 1613 530 vetera,
1638 478 1689 519 et
1707 487 1736 519 a
1753 470 1887 522 Frid.
1911 471 2089 519 Noodt

309 556 669 623 discrepantem
695 557 987 622 scripturam
1010 573 1075 626 'ex
1099 556 1298 620 optimae
1332 563 1463 604 notae
1484 553 1793 603 membranis
1826 553 2089 602 Axenianis

221 628 224 631 ⁵
310 637 360 687 iu
382 638 670 703 exemplaris
693 624 966 687 Noodtiani
990 638 1289 702 marginibus
1313 642 1598 685 annotatam
1632 634 1842 699 accepit.
1878 634 1935 683 In
1959 636 2092 684 'con-

313 717 564 767 stituenda
578 725 840 780 contextus
865 716 1080 778 lectione
1105 718 1257 766 rarius
1282 716 1509 765 dissentit
1531 732 1562 764 a
1581 715 1760 764 Bosio:
1797 715 1846 764 in
1871 716 2090 764 animad-

310 792 614 849 versionibus
631 798 941 863 p‘otissimum
964 794 1028 846 de
1044 798 1266 847 lectionis
1281 797 1513 854 varietate
1537 802 1587 845 et
1606 795 1824 854 veritate,
1845 796 2089 845 interdum

310 893 510 943 quoque
535 877 600 929 de
625 885 873 943 potestate
911 877 1046 927 et'vi
1073 878 1328 927 verborum
1371 893 1430 926 ac
1469 870 1838 935 sententiarum,
1879 876 2093 926 breviter

311 958 532 1023 quidem,
559 968 611 1009 at
651 966 798 1009 acute
833 953 1277 1025 intelligenterque,
1307 959 1546 1023 disputat.
1583 957 1741 1015 Index
1765 966 1837 1007 est
1873 958 2094 1028 egregius

309 1054 369 1088 ac
387 1039 581 1104 plenuS,
601 1047 652 1088 et
679 1040 836 1089 vicem
859 1040 1203 1094 commentarii
1226 1040 1508 1104 frequenter
1531 1046 1751 1104 praestat.

244 1146 312 1156 -
332 1120 572 1185 Augustae
594 1120 791 1170 Vindel.
832 1129 878 1171 8.
918 1136 1032 1170 cum
1057 1119 1187 1170 notis
1212 1122 1322 1170 Em.
1360 1119 1548 1170 Sinceri
1588 1120 1760 1169 Germ.
1802 1120 2009 1184 repetita
2031 1137 2090 1168 ex

267 1241 269 1245 .
315 1197 397 1248 ed.
431 1206 579 1256 1728

162 1327 167 1332 ,
250 1284 377 1345 1748
395 1279 747 1338 ‘Wratislaviae,
777 1285 822 1329 8.
848 1295 930 1344 ap.
962 1279 1122 1332 Mich.
1145 1279 1358 1329 Hubert.
1396 1280 1590 1328 Suco-us
1614 1286 1666 1329 et
1687 1279 1886 1344 sanguis
1910 1280 2092 1328 Corne-

205 1354 211 1364 “
314 1348 491 1416 Uanus,
518 1367 617 1408 etc.
645 1360 773 1423 Rep.
796 1358 879 1407 ed.
910 1365 1076 1415 17-27.

250 1445 379 1500 1749
405 1438 731 1496 Francofurti,
759 1447 807 1489 8.
826 1455 938 1487 cum
963 1438 1092 1487 notis
1116 1422 1290 1487 Germ.
1315 1439 1424 1487 Em.
1447 1437 1656 1488 Sinceri.

235 1526 312 1555 ‘—
334 1518 590 1583 Glasguae,
619 1525 703 1569 24.
728 1535 789 1567 ex
807 1519 896 1567 ed.
918 1517 1212 1567 Oxoniensi.

244 1627 313 1636 —
337 1598 566 1658 Berolini,
592 1607 638 1650 8.
870 1613 876 1618 “

210 1741 213 1743 q
251 1685 380 1735 1750
401 1681 643 1745 Augustae
671 1679 864 1740 Vindel.
893 1687 941 1729 8.

251 1766 382 1816 1754
406 1759 620 1818 Parisiis,
685 1767 763 1809 12.
815 1778 877 1810 ex
921 1758 1255 1826 recognitione
1301 1759 1475 1823 Steph.
1522 1758 1675 1808 Andr.
1723 1759 1966 1825 Philippe,
2013 1778 2091 1825 ap.

300 1840 535 1890 ,Barbou.

250 1927 378 1978 1755
405 1919 592 1970 Isenaci
617 1926 668 1971 et
706 1884 909 1985 Lipsiae,
955 1929 1003 1970 8.
1043 1921 1288 1972 sumtibus
1323 1894 1496 1970 Gottl.
1529 1911 1866 1970 Griesbaehii.
1927 1921 2093 1970 Editio

309 1991 605 2064 Heusingeri
634 2006 780 2057 1747.
806 2008 993 2050 mutata
1013 2007 1204 2050 tantum
1229 1999 1364 2050 tituli
1389 2000 1587 2066 pagina.

245 2107 315 2119 -
332 2079 564 2145 Lugduni
588 2080 701 2129 Bat.
723 2087 770 2130 8.
808 2080 1023 2130 Cornelii
1047 2081 1259 2146 Nepotis
1288 2080 1402 2129 vitae
1440 2079 1782 2129 excellentium
1824 2081 2092 2146 Imperato-

311 2177 422 2211 rum
462 2160 690 2211 iconibus
727 2168 932 2219 ornatae,
973 2168 1026 2210 et
1062 2159 1308 2213 nonnullis
1351 2160 1872 2219 animadversionibuS,
1909 2163 2089 2227 partim

314 2240 518 2300 criticis,
543 2242 723 2306 partim
749 2241 1010 2301 historicis,
1030 2241 1298 2291 illustratae.
1327 2241 1490 2306 Lugd.
1517 2242 1625 2290 Bat.
1659 2239 1793 2305 apud
1820 2243 1874 2290 S.
1902 2242 2091 2292 Lucht-

244 2311 247 2313 l
311 2334 484 2369 manns
506 2329 555 2369 et
580 2320 910 2371 fiL—Notam
934 2321 1247 2386 negligentiae
1272 2322 1336 2371 ab
1353 2321 1660 2385 Heusingero
1676 2321 1905 2381 inustam,
1927 2323 1976 2371 in
1994 2323 2089 2373 hac

312 2398 394 2448 ed.
419 2399 583 2450 delere
607 2400 799 2450 studuit
823 2402 1091 2452 Staverius.
1124 2429 1128 2433 ·
1200 2426 1223 2459 ῃ
1251 2469 1258 2472 -
1782 2421 1785 2423 ·

249 2478 379 2537 1756
398 2480 630 2540 Berolini,
656 2497 763 2530 cur.
804 2483 936 2531 Petr.
977 2483 1159 2542 Miller,
1205 2494 1319 2532 cum
1358 2481 1576 2532 versione
1619 2483 1752 2533 Gall.
1778 2473 2092 2533 ⁴emendatior
2138 2499 2142 2502 ·

315 2575 462 2624 quam
488 2560 570 2609 illa
599 2560 748 2617 1746.

247 2666 314 2676 -
338 2640 527 2693 Isenaci
550 2648 601 2690 et
621 2641 821 2706 Lipsiae‚
841 2650 887 2692 8.
915 2641 1208 2707 Heusingeri
1229 2642 1311 2692 ed.
1336 2642 1564 2707 repetita.

253 2726 381 2777 1757
402 2721 613 2780 Parisiis,
655 2728 732 2772 12.
761 2721 882 2771 chez
929 2723 1113 2772 Brocas
1164 2731 1214 2772 et
1249 2723 1460 2773 Barbou.
1496 2725 1645 2773 Corn.
1678 2723 1810 2788 Nep.
1858 2724 2003 2773 Latin
2042 2733 2091 2773 et

319 2799 553 2864 Franqois
578 2817 697 2850 avec
717 2800 811 2849 ‘des
838 2808 980 2851 notes
1004 2819 1167 2868 geogr.
1194 2802 1366 2854 histor.
1390 2811 1439 2854 et
1463 2803 1692 2870 critiques
1714 2820 1806 2869 par
1829 2804 1873 2853 le
1899 2806 2051 2855 GraS.

75 2846 78 2852 ’
156 2891 158 2893 -
253 2885 382 2939 1759
404 2880 554 2940 idem
583 2889 629 2932 a.

247 2959 535 3026 -Lipsiae,
582 2970 627 3012 8.
673 2980 734 3012 ex
773 2963 1056 3014 recensione
1097 2972 1247 3031 atque
1294 2981 1408 3015 cum
1453 2966 1958 3019 animadversionibus
2004 2971 2085 3018 J0.

313 3037 470 3091 Andr.
496 3042 649 3092 Bosii.
676 3044 920 3095 Libellum
944 3046 1185 3095 variarum
1213 3047 1479 3098 lectionum
1505 3054 1556 3096 et
1580 3047 1918 3113 praefationem
1944 3050 2087 3130 addi-

315 3119 392 3170 dit
412 3120 491 3171 Jo.
516 3121 645 3172 Frid.
672 3124 949 3175 Fischerus.

254 3198 378 3257 1761
408 3200 659 3266 Glasguae,
674 3208 735 3253 8.

224 3281 691 3346 ‘—-Norimbergae‚
733 3292 813 3334 12.
848 3302 957 3335 cum
1001 3287 1257 3351 phrasibus
1300 3287 1483 3336 Latinis
1514 3294 1562 3338 et
1603 3287 1892 3352 praefatione
1934 3288 2084 3337 Gott-

316 3361 556 3428 schlingii.

248 3464 315 3475 —-
334 3436 691 3509 ‘Biandeburgh
720 3432 903 3495 Eadem
929 3445 1102 3511 editio.

254 3547 264 3560 -
353 3531 497 3586 Delph.
517 3540 554 3575 et
579 3535 675 3578 γαν.
699 3538 805 3579 Clas.
985 3549 991 3556 ·
1149 3540 1244 3590 Nep.
1683 3586 1686 3589 .
1888 3546 1910 3578 3
1942 3541 1976 3578 B
