2306 3900
351 266 460 322 684

353 400 504 451 altero,
519 403 577 452 ct
599 404 645 440 ut
663 399 897 450 videbatur,
916 401 994 442 Cn.
1010 402 1235 455 Pompeio,

276 511 283 523 Ι
354 469 400 503 et
437 463 617 505 Ίιίξιιιιι.
648 465 708 516 pl.
743 464 884 505 Ernst.
939 464 1028 505 Alii
1066 465 1234 506 initium

353 525 588 576 conjiciunt
616 527 661 566 in
694 539 850 567 annum
883 527 1032 568 Romae
1061 531 1154 568 705.
1184 529 1234 570 L.

353 588 481 629 Coi-‚n
502 589 685 629 Lentulo
707 589 828 630 crus.
851 590 900 631 C.
919 590 1098 631 Claudio
1115 592 1232 631 Mar-

351 652 462 709 cello
483 653 580 693 Cos.
615 652 724 693 Ubbo
744 653 937 693 Emmius.

409 716 512 755 Usus
529 720 588 755 est
605 717 738 756 aetatis
751 715 972 768 vacatione]
1001 715 1126 758 Quod
1149 716 1232 756 sci·

345 778 450 819 licet
467 779 648 820 haberet
659 792 790 820 annos
805 779 977 821 circiter
992 790 1062 821 Lx·
1095 780 1231 822 Quin-

345 842 518 883 tilianus
533 843 724 883 Declam.
734 847 829 885 306.
842 844 855 866 ‘
873 845 951 884 Est
963 844 1230 896 praecipuum

337 907 411 960 jhs
433 908 681 959 senectutis,
700 907 898 961 quoniam
920 920 1006 949 non
1025 920 1107 948 una
1131 909 1229 948 sub-

347 971 383 1012 it
418 971 553 1011 omnis
583 976 706 1022 aetas,
738 983 822 1010 non
855 975 1069 1024 perpetuo
1099 972 1228 1012 Sena-

325 1031 327 1034 ‘
348 1040 486 1074 torem
504 1035 612 1075 citat
629 1034 814 1085 Consul;
835 1041 903 1075 est
917 1047 991 1075 sua
1005 1035 1228 1087 legationi·

347 1098 427 1138 bus
447 1098 634 1151 requies,
653 1111 750 1138 cum
769 1097 844 1138 hos
862 1097 1060 1138 habueris
1079 1110 1228 1151 annos,

340 1160 432 1212 jam
452 1172 538 1201 non
571 1160 807 1201 militabis!
863 1161 1005 1214 Supra
1023 1162 1067 1201 in
1085 1162 1230 1202 Timo-

348 1215 476 1265 theo:
505 1226 518 1248 ‘
536 1225 623 1265 Hic
655 1237 754 1264 cum
785 1230 902 1265 esset
932 1237 1086 1278 magno
1105 1231 1227 1277 natu,

342 1287 674 1340 etmagistratus
692 1299 843 1340 gerere
861 1287 1088 1328 desiisset.’
1117 1288 1228 1329 Vide

346 1357 438 1393 not.
459 1352 503 1393 in
522 1351 689 1392 Sidonii
707 1351 849 1404 Epist.
868 1352 938 1392 lib.
955 1363 986 1392 1.
1005 1355 1045 1392 6.
1065 1351 1227 1392 savaro.

345 1416 418 1455 De
452 1415 593 1456 aetatis
628 1416 851 1457 vacatione
884 1415 982 1456 vide
1005 1416 1228 1458 Juriscon-

347 1478 506 1518 sultum
539 1478 613 1520 lib.
635 1489 674 1520 ι..
691 1477 777 1519 Tit.
796 1489 859 1519 Vl.
888 1477 1030 1519 Pand.
1061 1480 1132 1519 De
1151 1479 1227 1519 im-

346 1542 585 1582 munitate:
616 1541 687 1582 lib.
707 1553 750 1582 v.
776 1542 813 1594 ᾧ.
843 1541 915 1582 fin.
946 1542 1000 1582 de
1027 1543 1150 1583 Mun.
1182 1548 1230 1584 et

345 1605 510 1646 Honor.
530 1609 576 1645 et
605 1605 648 1644 in
676 1605 762 1645 Tit.
796 1604 851 1645 de
889 1605 1043 1646 Vacat.
1074 1611 1120 1647 et
1153 1618 1229 1646 ex-

346 1674 481 1720 empt.
499 1669 622 1708 Mun.
652 1668 913 1708 Vacationes
946 1675 1091 1709 autem
1129 1675 1229 1711 sunt

345 1732 644 1773 excusationes
680 1745 706 1773 a
741 1733 990 1774 muneribus
1028 1732 1231 1787 publicis,

344 1796 599 1838 militaribus
618 1802 664 1838 et
682 1797 790 1848 aliis,
808 1810 902 1851 quae
922 1796 1120 1851 praefecti
1139 1798 1230 1840 obi·

345 1872 392 1900 re
412 1867 743 1901 consueverunt.
775 1861 929 1901 Schott.

397 1921 532 1977 Ipsum
561 1924 791 1976 Pompeium
819 1924 1079 1977 conjunctum]
1105 1925 1227 1967 Scili-

344 1993 431 2040 cet,
458 1987 539 2028 sibi
571 1988 774 2029 amicitia.
802 1988 953 2028 Schott.
1013 1983 1096 2029 Vel
1129 2001 1226 2042 cog-

346 2059 495 2092 natum
515 2064 569 2092 ex
587 2051 761 2094 Justino
786 2063 889 2092 vm.
919 2051 1020 2094 Jan.
1041 2053 1226 2105 Rutger-

345 2117 430 2157 sius
448 2116 526 2157 lib.
553 2128 604 2156 11.
635 2128 672 2157 c.
690 2119 730 2157 8.
758 2116 913 2156 Bosius
935 2129 1009 2156 non
1029 2115 1226 2166 junctum.

344 2180 525 2220 Ursinus
559 2180 832 2220 conviventem.
880 2179 1125 2230 Lambinus,
1157 2181 1226 2232 Ip-

342 2256 430 2282 sum
447 2243 679 2294 Pompeium
692 2255 768 2282 non
783 2246 938 2282 secutus
955 2255 1031 2282 non
1047 2243 1226 2295 offendit.

340 2307 545 2348 Schottus
580 2307 672 2348 obs.
697 2306 772 2349 lib.
792 2318 842 2347 11.
862 2310 902 2347 3.
923 2308 1091 2360 seipsum
1110 2309 1229 2348 Pom-

339 2370 612 2422 peiojunctum
630 2382 706 2409 non
720 2370 903 2411 ostendit.

400 2433 699 2484 Ornamentum]
756 2433 1069 2474 Rittershusius
1109 2435 1226 2487 apud

339 2497 602 2551 Schoppium
628 2497 768 2537 Veris.
803 2496 876 2537 lib.
913 2508 985 2538 ιιι.
1014 2502 1054 2539 8.
1085 2499 1226 2539 Ιοοιιιιι

340 2563 451 2602 hunc
469 2561 602 2602 habet
634 2565 898 2613 suspectum,
927 2566 972 2600 et
1004 2574 1084 2613 pro
1115 2561 1234 2602 orum

342 2630 512 2665 mentum
539 2624 699 2665 rectius
732 2623 818 2676 legi
837 2629 965 2675 putat
984 2629 1227 2666 autoramen-

338 2696 435 2732 tum.
494 2690 631 2732 Quam
651 2688 942 2741 conjecturam
962 2689 1138 2731 mirifice
1156 2691 1226 2743 ju·

338 2759 416 2794 vat
437 2765 557 2794 meus
576 2752 687 2792 liber
707 2753 794 2792 Ms.
827 2753 968 2792 Ernst.

394 2816 554 2856 Partim
583 2828 734 2856 summa
771 2827 857 2855 cum
890 2815 972 2864 ejus
995 2815 1225 2869 offensione]

342 2880 574 2931 Pompeius
609 2879 721 2918 enim
757 2890 835 2931 pro
866 2879 1059 2919 hostibus
1085 2892 1131 2920 se
1150 2881 1225 2920 ha·

341 2945 443 2984 bere
474 2942 663 2992 dicebat,
695 2943 768 2995 qui
805 2947 930 2982 extra
967 2954 1045 2982 sua
1083 2951 1226 2984 castra

342 3014 509 3048 essent.
540 3007 687 3047 Caesar
722 3017 824 3045 vero
855 3017 944 3056 eos,
974 3005 1046 3057 qui
1066 3006 1110 3046 in
1128 3007 1223 3046 hos-

341 3072 446 3112 tium
469 3070 623 3111 castris
658 3081 743 3109 non
777 3075 942 3119 essent,
975 3081 1055 3120 pro
1079 3070 1225 3110 amicis

340 3133 599 3174 habiturum.
657 3132 811 3172 Cicero
832 3132 1066 3184 proLigar.
1087 3138 1132 3173 et
1149 3133 1223 3173 Se·

341 3210 450 3239 neca
467 3197 715 3249 Philosoph.
743 3197 899 3237 Schott.

395 3262 526 3302 Attici
557 3265 687 3301 autem
722 3258 847 3313 quies]
896 3259 1224 3313 Elegantissime

341 3324 507 3376 ‘quies'
541 3324 713 3376 dicitur,
751 3335 836 3377 qua
868 3323 964 3377 quis
997 3325 1141 3365 neutri
1178 3336 1224 3365 se

342 3387 457 3440 parti
501 3387 708 3438 applicat.
783 3388 840 3428 Et
883 3387 944 3428 sic
994 3389 1131 3428 utitur
1174 3386 1223 3427 τὸ

341 3450 510 3503 quietus,
545 3461 623 3499 pro
661 3462 729 3499 eo,
767 3452 838 3502 qui
873 3456 939 3491 est
976 3457 1221 3492 neutrarum

342 3512 542 3570 partium,
565 3511 609 3553 in
638 3512 862 3566 Pelopida.
915 3514 1142 3559 Sallustius
1166 3516 1221 3559 E-

728 283 906 322 NOTAE
948 283 1281 324 VARIORUM
1324 286 1388 326 IN
1431 289 1481 327 C.
1522 288 1788 329 NEPOTIS

1299 403 1400 455 pist.
1441 417 1474 447 1.
1516 405 1572 446 de
1609 406 1866 465 Ordinanda
1908 406 2177 460 Republica·

1299 468 1313 490 ⁴
1331 469 1389 509 Et
1415 475 1565 521 aperte
1599 470 1754 522 quietis
1774 460 1972 524 mortem,
1991 474 2178 526 rapinas,

1297 539 1516 591 postremo
1534 536 1690 587 omnia,
1709 549 1803 589 quae
1837 543 2066 590 corruptus
2087 539 2179 580 ani*-

1295 608 1386 637 mus
1407 596 1605 651 jubebat,
1630 599 1850 640 minitari!
1906 601 2068 642 Hinc‘
2085 603 2178 657 qui-

1294 661 1471 713 escere,’
1507 668 1683 704 neutras
1712 663 1834 718 sequi
1867 671 2032 718 partes,
2061 667 2177 719 apud

1295 725 1491 766 Curtium
1507 725 1618 766 libro
1638 738 1684 768 x.
1734 727 1899 769 Eodem
1913 741 2026 781 pene
2046 729 2174 771 modo

1293 787 1441 828 Graeci
1459 787 1630 839 ἡσυχίαν
1657 789 1782 841 ἄγειν,
1801 789 1923 844 ἔχειν,
1941 796 1987 832 et
2007 790 2180 835 ἑλέσθω.

1292 850 1406 890 Vide
1425 851 1682 893 Diodorum.
1712 852 1841 894 Gema.

1345 912 1425 953 Sed
1442 914 1562 954 etiam
1578 914 1722 954 sororis
1739 919 1777 955 et
1799 916 1852 961 Q.
1874 916 2073 958 Ciceronis
2087 918 2178 972 fili-

1294 976 1378 1028 um]
1394 978 1500 1018 Mss.
1517 978 1719 1030 Manutii,
1733 977 1916 1030 Gifanii,
1927 979 2150 1022 Leidensis
2164 995 2177 1022 ε

1290 1040 1578 1094 sororisfilium
1600 1045 1640 1081 et
1662 1042 1712 1087 Q.
1732 1042 1974 1084 Ciceronem.
2003 1043 2179 1084 Bosins.

1347 1102 1461 1143 CAP.
1481 1107 1522 1143 8.
1551 1103 1736 1143 Semnum
1752 1107 1810 1144 est
1823 1104 1938 1156 illud,
1951 1105 2072 1145 occiso
2090 1106 2179 1146 Coe·
2196 1136 2204 1147 2

1290 1166 1398 1218 sare]
1454 1165 1658 1219 Schoppii
1690 1172 1844 1207 >vetus«
1864 1166 1975 1207 liber
2011 1172 2059 1208 et
2093 1167 2177 1209 Ms.

1291 1241 1412 1270 meus
1433 1228 1624 1270 dictione
1658 1229 1872 1269 auctiores
1900 1229 2077 1282 legunt:
2107 1230 2179 1271 Se-

1290 1296 1422 1332 cutum
1454 1296 1515 1333 est
1546 1292 1643 1332 illud
1675 1296 1825 1344 tempus
1850 1293 1974 1332 occiso
2003 1294 2174 1333 Coesare.

1292 1355 1432 1396 Idem.
1487 1355 1574 1396 Sed
1595 1356 1714 1408 prior
1741 1354 1873 1407 γραφὴ
1901 1367 1987 1396 ιιοιι
2006 1356 2174 1396 bonita-

1292 1424 1378 1460 tem
1395 1419 1537 1471 modo,
1554 1418 1629 1460 sed
1649 1423 1695 1460 et
1712 1420 1855 1471 χρῆσιν
1870 1418 2172 1462 Cornelianam

1290 1483 1416 1535 sapit.
1443 1482 1646 1523 Keuchen.

1348 1547 1486 1587 Occiso
1508 1546 1681 1599 Caesare]
1714 1544 1749 1587 Α
1785 1545 2036 1598 conjuratis,
2070 1558 2173 1599 quo·

1291 1622 1382 1650 rum
1403 1609 1608 1662 princeps
1627 1609 1812 1660 Cassius,
1831 1619 1972 1650 xxm.
1987 1609 2174 1649 vulneri-

1290 1672 1370 1713 bus
1391 1683 1442 1712 ac
1463 1672 1600 1724 plagis
1633 1670 1851 1712 confossus
1881 1678 1966 1724 est,
1983 1684 2067 1714 uno
2085 1685 2173 1714 mo-

1290 1736 1345 1776 do
1362 1735 1415 1775 ad
1436 1736 1617 1788 primum
1631 1734 1764 1776 ictum
1779 1734 1941 1787 gemitu
1955 1735 2048 1776 sine
2066 1746 2174 1783 voce

1290 1798 1421 1841 edito.
1449 1801 1622 1839 Sueton.
1678 1797 1788 1838 Inde
1809 1797 1898 1838 sive
1916 1797 2176 1850 fortuito,si‹

1291 1873 1344 1902 ve
1383 1873 1408 1902 a
1453 1861 1780 1913 percussoribus
1825 1862 2084 1914 compulsus,
2117 1861 2174 1908 ad

1291 1925 1415 1966 basin
1444 1929 1598 1965 statuae
1627 1923 1906 1976 Pompeianae
1922 1936 1968 1964 se
1987 1923 2176 1976 demisit,

1290 2001 1416 2042 quam
1436 1989 1578 2030 caedes
1597 1988 1680 2028 ista
1697 1999 1849 2028 cruore
1865 1987 2061 2040 implevit
2075 2000 2102 2028 :r
2123 1992 2175 2027 ut

1291 2051 1429 2092 videri
1445 2051 1582 2104 possit
1600 2050 1692 2103 ipse
1707 2049 1939 2102 Pompeius
1959 2049 2173 2102 supplicio

1291 2115 1452 2156 inimici
1481 2115 1698 2155 adstitisse
1718 2113 1798 2154 sub
1825 2113 1957 2167 pedes
1975 2114 2066 2166 eJus
2086 2113 2172 2154 col-

1291 2179 1415 2230 lapsi.
1460 2178 1736 2219 Plutarchus.
1798 2175 2004 2234 Additum
2023 2188 2175 2217 anon·

1290 2243 1434 2294 nullis,
1454 2242 1635 2282 irruenti
1654 2242 1792 2281 Bruto
1811 2239 1972 2280 dixisse
1988 2239 2171 2280 morien-

1290 2310 1396 2356 tem,
1428 2304 1492 2345 καὶ
1518 2304 1569 2344 σὺ
1597 2303 1636 2344 εἶ
1654 2302 1821 2353 ἐκείνων,
1837 2302 1902 2343 καὶ
1920 2301 1986 2354 σὺ,
2012 2300 2175 2354 dmm

1291 2368 1486 2420 Contigit
1505 2367 1612 2407 illud
1632 2378 1743 2406 anno
1764 2366 1913 2406 Romae
1933 2369 2028 2408 710.
2056 2364 2169 2406 Idib.

1290 2432 1423 2472 Mart.
1439 2429 1544 2472 Caio
1558 2430 1586 2472 J
1591 2429 1677 2470 ulio
1694 2429 1864 2470 Caesare
1882 2439 1925 2468 v.
1941 2434 1986 2468 et
1998 2428 2063 2468 M.
2080 2427 2171 2468 An-

1290 2495 1408 2535 tonio
1443 2494 1564 2535 Coss.
1598 2492 1726 2534 Unde
1758 2491 1895 2532 irrisio
1925 2491 2110 2532 Caesaris
2127 2491 2194 2544 ἰιι,

1289 2558 1563 2611 Spurinnam,
1602 2555 1717 2609 quod
1753 2555 1846 2595 sine
1888 2566 2002 2596 noxa
2035 2555 2170 2596 Eidus

1290 2621 1464 2662 Martiae
1493 2620 1707 2661 adessent.
1763 2619 1844 2660 Cui
1874 2618 1965 2671 ille,
1987 2619 2172 2674 Venisse

1291 2685 1465 2739 quidem
1492 2696 1579 2735 eas,
1605 2682 1843 2735 respondit,
1862 2683 1938 2722 sed
1955 2694 2041 2723 non
2060 2695 2172 2736 ιιι-ιιι,

1290 2748 1472 2789 teriisse.
1528 2746 1651 2786 Idem
1681 2745 1775 2785 dies
1797 2746 2080 2787 Parricidium
2099 2758 2172 2798 no,-

1288 2811 1484 2851 minatus.
1512 2809 1733 2848 Plutarch.
1753 2809 1929 2850 Sueton.

1346 2874 1448 2913 Cum
1466 2872 1684 2924 respublica
1711 2883 1829 2923 penes
1859 2872 2034 2914 Brutum
2060 2873 2168 2915 vide-

1287 2939 1401 2977 retur
1432 2927 1526 2988 esse,
1555 2941 1593 2976 et
1630 2934 1830 2986 Cassium]
1875 2935 1994 2978 Quos
2025 2937 2173 2978 Caesar

1289 3000 1403 3052 apud
1424 2999 1703 3039 Plutarchum
1727 2996 1819 3039 τοὺς
1846 2997 2007 3048 ἰσχνοὺς
2023 2997 2094 3051 ,καὶ
2122 2999 2172 3041 ὦὲ

1286 3061 1412 3115 χροὺς
1429 3060 1613 3102 vocabat
1631 3075 1642 3102 ε
1671 3060 1792 3112 δείξας
1809 3062 1976 3114 Βροῦτον
1985 3063 2050 3103 καὶ
2061 3062 2168 3104 Κόσ·

1289 3138 1390 3164 σιον.
1446 3124 1530 3164 Illa
1564 3124 1798 3165 dominatio
1833 3125 2012 3166 duorum
2038 3127 2171 3179 parri·

1288 3187 1478 3228 cidarum
1497 3186 1635 3227 minus
1655 3185 1738 3227 fuit
1765 3187 1979 3230 diuturna.
2033 3189 2170 3240 Quip-

1289 3263 1344 3304 pe
1377 3256 1559 3303 uterque
1589 3251 1704 3290 intra
1730 3250 1966 3292 triennium
1997 3251 2167 3292 diverso

1288 3314 1436 3355 mortis
1485 3325 1645 3366 genere
1689 3313 1988 3364 interemptus.
2042 3313 2166 3355 Alius

1291 3379 1376 3419 alio
1398 3390 1498 3419 casu
1517 3378 1673 3430 periit:
1701 3389 1798 3429 pars
1812 3376 2052 3430 naufragio,
2066 3390 2166 3430 pars

1288 3442 1453 3494 praelio,
1469 3441 1660 3482 nonnulli
1677 3444 1811 3479 semet
1825 3438 1975 3480 eodem
1994 3440 2067 3481 illo
2086 3454 2165 3494 pu-

1287 3507 1430 3561 gione,
1449 3518 1532 3561 quo
1562 3507 1773 3548 Caesarem
1801 3504 2082 3560 violaverant,
2099 3506 2163 3549 iu·
