2306 3900
683 299 842 342 XXV.
907 300 1212 354 ΑΤΤιουΜ,
1252 302 1387 343 οΑΡ.
1423 291 1478 343 5.

186 441 190 444 »
226 419 284 458 Et
304 419 435 460 omnia
452 419 602 471 reliqua
620 422 793 471 tempora
809 421 880 459 aut
901 418 1047 470 literis]

169 483 458 536 Philosopbiae
500 482 742 535 Epicureae.
803 481 955 523 Cicero
992 481 1047 523 de

173 545 375 598 Legibus.

222 609 290 649 Aa
306 608 464 650 comitia
490 620 622 648 eorum
638 606 866 659 ventitavit]
895 607 1049 649 Cicero

177 671 320 724 Epist.
341 671 396 712 ad
417 671 554 712 Attic.
573 670 644 711 lib.
665 683 696 711 1.
717 674 783 712 10.

220 735 334 777 Sicut
346 736 528 777 Ciceroni
539 736 582 776 in
589 735 782 787 omnibus]
796 734 866 776 Ad
876 735 1051 776 comitia

173 803 318 840 tamen
335 811 414 839 sua
432 800 644 840 Praetoria
674 800 831 841 Cicero
850 811 946 839 enm
965 812 1051 840 non

167 861 364 913 vocavit;
390 862 533 914 immo,
551 875 602 903 ne
619 863 723 916 quid
739 863 865 903 rebus
880 863 969 915 ejus
989 864 1051 903 in-

166 923 472 976 commodaret,
506 926 654 966 venire
684 925 926 977 prohibuit:
974 924 1053 966 At-

166 990 240 1030 tic.
261 1001 294 1030 1.
310 993 378 1032 20.
406 989 479 1030 Ad
507 991 758 1032 Consularia
787 1003 885 1032 eum
906 997 1050 1033 vocat.

166 1053 362 1106 Epistd.
382 1058 425 1096 2.
463 1055 677 1097 Heidman.

225 1116 509 1170 fl'ranquillatis
533 1123 663 1159 autem
693 1118 808 1160 rebus
846 1119 1052 1172 Romanis]

165 1182 402 1229 Παθητικῶς.
457 1182 608 1223 Utitur
640 1187 685 1222 et
715 1182 758 1222 in
792 1182 963 1236 Topicis
985 1184 1051 1224 Ci-

164 1255 294 1285 cero:
335 1244 427 1285 ‘Ut
455 1250 529 1285 aut
562 1245 874 1298 perturbentur
907 1247 1051 1299 animi,

162 1310 239 1347 aut
252 1307 613 1360 tranquillentur!
668 1310 727 1350 Et
742 1309 898 1351 Horat.
909 1311 1049 1363 Epist.

166 1381 199 1412 1.
219 1373 285 1410 18.
316 1370 468 1411 Schott.

214 1433 267 1473 L.
289 1432 410 1472 Cotto
426 1437 468 1473 et
485 1433 537 1475 L.
561 1434 754 1486 Torquato
783 1434 915 1487 Coss]
958 1434 1048 1476 An-

165 1509 223 1537 no
242 1497 296 1537 U.
317 1498 471 1538 C.688.
501 1498 695 1540 Quorum
713 1499 947 1539 Consulum
960 1502 1048 1540 me-

163 1561 291 1602 minit
309 1567 356 1603 et
382 1563 427 1603 iu
447 1562 620 1604 Catilin.
640 1562 785 1616 tertia,
802 1569 847 1605 et
864 1562 1048 1617 Agraria

166 1636 220 1665 11.
239 1625 283 1666 in
303 1625 495 1667 Rullum.
525 1626 651 1668 Idem.

219 1689 346 1736 Quem
374 1688 498 1740 diem]
541 1689 716 1730 Fulvius
753 1690 934 1732 Ursinus
955 1709 958 1711 “
978 1691 1046 1732 ab·

162 1757 316 1795 euntem
335 1753 430 1794 istis
450 1753 560 1794 binis
576 1754 751 1795 vocibus
771 1755 1047 1807 praeferebat.

164 1816 367 1869 Rutgers.
412 1816 585 1857 Van-iar.
630 1817 755 1858 Lect.
802 1817 879 1860 lib.
912 1830 966 1860 11.
1003 1823 1045 1860 8.

162 1878 501 1919 ‘Discedentem
533 1878 595 1920 sic
620 1878 847 1920 universa:
900 1880 978 1934 At,
1009 1882 1046 1923 si

163 1953 261 1982 meo
279 1946 470 1983 staretur
493 1941 687 1988 arbitrio,
721 1943 890 1983 mallem
914 1945 1046 1998 jugu-

159 2005 251 2046 lare
270 2005 466 2046 voculam
490 2007 596 2046 diem
623 2016 720 2045 cum
746 2004 938 2048 Antonio
956 2006 1045 2048 Au·

160 2068 331 2121 gustino
348 2069 404 2110 V.
424 2068 490 2109 Cl.
523 2068 724 2110 Gebhard.
960 2065 963 2068 ’

220 2132 277 2172 Ue
303 2131 486 2184 lacrymis
514 2131 702 2172 desiderii
727 2130 885 2185 futuri]
915 2133 1046 2186 Lege,

162 2207 261 2249 quae
279 2195 332 2235 ad
354 2194 631 2236 Alcibiadem
649 2201 802 2236 notata
820 2202 933 2239 sunt.
973 2198 1046 2238 De

161 2256 404 2310 hujusmodi
437 2257 638 2311 lacrymis
666 2258 797 2301 Philo
823 2259 910 2313 περὶ
939 2260 1046 2302 ἀποι-

160 2322 261 2365 «tas.

212 2388 327 2429 Can.
342 2393 383 2430 5.
416 2389 470 2435 Q.
487 2388 708 2442 Coecilium]
729 2389 932 2431 Meminit
948 2390 1043 2444 ejus

161 2452 314 2493 Cicero
334 2452 473 2505 Epist.
491 2453 546 2494 ad
571 2453 670 2494 Att.
702 2454 778 2494 lib.
797 2466 830 2496 1.
850 2458 888 2495 1.
915 2461 961 2495 et
991 2467 1044 2498 11.

161 2520 223 2556 19.
258 2515 448 2557 ubieum
478 2529 652 2570 quoque
685 2517 826 2559 Attici
861 2530 1044 2560 avuncu-

159 2579 247 2620 lum
267 2585 409 2620 vocat.
437 2580 640 2621 Ernstius.

216 2641 340 2691 Cuius
361 2643 420 2683 εἰσ
436 2640 709 2695 asperitatem]
735 2641 1043 2685 Difficillimam

161 2712 375 2758 naturam,
419 2708 568 2760 quales
613 2705 796 2748 δύσκολοι
839 2714 1045 2750 vocantur

160 2769 337 2811 Graecis.
366 2770 546 2811 Boecler.

215 2833 402 2873 Caecilius
427 2834 531 2874 enim
559 2833 746 2885 moriens]
774 2834 870 2876 Val.
901 2834 1043 2875 Maxi-

158 2909 252 2937 mus
272 2896 347 2937 lib.
367 2907 451 2938 vn.
470 2900 511 2937 9.
552 2896 565 2919 ‘
582 2897 636 2939 Q.
661 2896 863 2937 Caecilius
892 2898 944 2938 L.
962 2897 1044 2938 Lu-

158 2960 259 3001 culli
270 2959 593 3013 promptissimo
608 2959 763 3010 studio,
773 2959 1043 3013 maximaque

157 3023 432 3075 liberalitate,
467 3029 514 3065 et
554 3024 780 3065 honestum
818 3023 1041 3076 dignitatis

158 3086 353 3137 gradum,
370 3092 417 3128 et
451 3086 758 3140 amplissimum
789 3087 1040 3140 patrimoni·

158 3160 228 3189 nm
246 3153 528 3189 consecutus:
557 3160 655 3189 cum
680 3161 771 3201 prae
799 3161 845 3190 sc
867 3161 1041 3202 semper

159 3212 345 3263 tulisset,
376 3224 505 3252 nuum
530 3212 651 3252 illum
681 3212 763 3253 sibi
796 3225 887 3254 esse
918 3213 1040 3255 here·

159 3276 274 3326 dem,
302 3274 490 3315 moriens
519 3273 648 3314 etiam
677 3275 854 3316 annulos
880 3276 919 3316 ei
940 3289 1039 3317 suos

157 3337 403 3379 tradidisset
417 3349 430 3387 ;
451 3336 732 3388 Pomponium
747 3335 941 3378 Atticum
958 3345 1040 3379 tes-

159 3406 348 3444 tamento
367 3399 606 3452 adoptavit,
618 3399 890 3451 omniumque
911 3399 1040 3442 bono·

163 3475 255 3507 rum
272 3463 455 3520 >reliquit
481 3461 714 3506 heredem.'
743 3461 899 3505 Schott.
918 3463 1039 3505 lam·

1891 289 1998 344 681

1111 419 1192 460 bin.
1231 421 1360 461 Gebh.
1427 421 1501 462 Sic
1521 425 1566 460 et
1597 420 1661 460 M.
1680 418 1872 472 Popilius
1906 420 1998 472 Op-

1113 486 1229 538 pium
1261 487 1434 528 Gallum
1465 485 1839 526 familiarissimum
1875 497 1998 526 suum

1113 549 1284 590 traditis
1299 550 1464 589 annulis
1485 549 1656 590 delusit.
1713 548 1834 588 Adeo
1852 536 1997 589 verium

1113 618 1195 663 cst,
1212 614 1324 667 quod
1345 613 1487 654 Po'e‘ta
1503 612 1636 652 dicit:
1666 614 1678 635 ‘
1696 612 1807 651 Boni
1827 618 1896 652 est
1916 611 1998 653 viri

1113 672 1243 716 etiam
1262 677 1305 716 in
1326 682 1463 716 morte
1482 675 1642 716 nullum
1662 675 1845 715 fallere!

1166 738 1384 790 Adoptauit
1405 738 1512 790 eum]
1541 738 1668 781 Quod
1695 739 1735 779 ei
1755 740 1998 791 gratulatur

1114 802 1178 842 M.
1207 803 1372 842 Tullius
1405 802 1545 854 Epist.
1575 802 1650 843 lib.
1686 813 1755 842 ιιι.
1774 806 1843 843 20.
1876 804 1998 856 cujus

1114 864 1365 918 inscriptio:
1394 866 1406 888 ‘
1423 865 1579 906 Cicero
1610 865 1654 905 S.
1672 866 1731 905 D.
1748 866 1803 907 Q.
1823 866 1998 907 Caecilio

1115 928 1172 970 Q.
1190 928 1239 969 F.
1250 928 1548 980 Pomponiano
1562 926 1739 968 Attico:
1768 939 1822 968 ex
1838 923 1999 969 usitata

1114 991 1391 1045 adoptionum
1436 991 1630 1045 formula,
1675 999 1724 1035 ut
1761 1006 1914 1035 nomeu
1951 995 1998 1035 in

1112 1067 1210 1096 anus
1227 1056 1406 1098 desinat.
1462 1056 1522 1097 M.
1544 1057 1680 1098 Varro
1696 1057 1763 1097 De
1778 1070 1824 1098 re
1837 1059 1999 1101 rustica

1112 1118 1187 1159 lib.
1205 1125 1261 1159 ιι.
1275 1122 1316 1160 2.
1345 1119 1358 1142 ‘
1374 1118 1563 1172 Atticus,
1578 1120 1650 1173 qui
1664 1132 1777 1162 nunc
1797 1123 1851 1163 T.
1869 1123 1998 1164 Pom-

1113 1182 1281 1234 ponius,
1302 1182 1416 1223 nunc
1444 1183 1498 1226 Q.
1519 1184 1730 1238 Caecilius,
1746 1186 1999 1238 cognomine

1112 1244 1292 1287 eodem!
1348 1245 1462 1286 Vide
1495 1251 1541 1287 et
1572 1246 1627 1287 de
1659 1247 1931 1301 libertorum,
1950 1256 1998 1291 et

1113 1308 1420 1361 adoptatorum
1438 1310 1762 1361 cognominibus
1780 1311 1998 1364 Angelum

1114 1372 1375 1412 Politianum
1391 1372 1580 1415 Miscell.
1598 1373 1743 1426 capite
1763 1377 1833 1414 31.
1846 1382 1891 1415 et
1908 1374 1999 1415 An·

1111 1439 1200 1476 ton.
1220 1434 1508 1487 Augustinum
1528 1437 1755 1477 Emendat.
1788 1438 1907 1483 Juris
1925 1439 1998 1479 lib.

1110 1508 1182 1538 111.
1201 1501 1241 1538 8.
1279 1498 1434 1541 Schott.
1464 1499 1645 1541 Lambin.
1670 1498 1864 1543 Jubebat
1883 1502 1998 1554 ejus-

1110 1562 1224 1603 modi
1246 1566 1431 1605 testator
1456 1564 1687 1617 adoptatos
1714 1566 1726 1588 ‘
1742 1577 1904 1607 ΝοΜΕΝ
1925 1568 1998 1608 su'-

1110 1637 1179 1666 mu
1198 1627 1382 1681 ranan?
1400 1629 1428 1669 l.
1444 1628 1519 1669 sed
1536 1635 1582 1670 et
1599 1628 1651 1681 si,
1664 1630 1752 1670 etl.
1774 1629 1905 1682 facta,
1921 1633 1943 1684 ᾧ
1961 1632 1998 1672 si

1111 1689 1188 1731 sub
1207 1691 1403 1743 nominis,
1422 1691 1464 1734 ff.
1489 1692 1544 1733 ad
1563 1693 1828 1736 Trebellian.
1862 1693 1996 1748 Apud

1111 1752 1317 1795 Ovidium
1337 1755 1625 1809 Metamorph.
1643 1768 1724 1798 xv.
1744 1757 1920 1810 Jupiter
1939 1758 1996 1799 ad

1109 1817 1323 1859 Venerem
1340 1818 1396 1859 de
1415 1819 1602 1861 Caesaris
1627 1820 1856 1862 ἀποθεώσει.
1882 1822 1894 1844 ‘
1909 1823 1995 1865 Qui

1110 1882 1289 1922 nominis
1308 1883 1430 1923 heres
1455 1883 1711 1937 Impositum
1731 1884 1867 1927 ferret
1886 1898 1994 1927 unus

1109 1943 1244 1985 onus.'
1271 1946 1515 1987 Brissonius.
1992 1948 1995 1952 ’

1165 2008 1216 2048 H
1215 2009 1547 2062 eredemquefecit
1562 2022 1612 2051 ex
1622 2012 1831 2067 dodrante]
1858 2013 1998 2054 Here-

1110 2070 1222 2112 ditas
1257 2073 1509 2126 plerumque
1541 2073 1748 2116 dividitur
1773 2077 1815 2116 in
1837 2077 1996 2118 duode-

1108 2134 1194 2175 cim
1231 2135 1394 2188 uncias,
1432 2148 1530 2189 quae
1567 2137 1674 2178 assis
1704 2139 1994 2192 appellatione

1106 2197 1401 2239 continentur.
1458 2198 1638 2241 Habe-nt
1649 2206 1795 2241 autem
1815 2203 1878 2243 11ae
1898 2214 1995 2256 par*-

1106 2265 1173 2300 tes
1193 2260 1370 2314 propria
1383 2256 1554 2302 nomina
1568 2262 1623 2303 ab
1640 2264 1767 2304 uncia
1784 2277 1918 2318 usque
1938 2266 1994 2307 ad

1106 2335 1267 2365 assem:
1313 2325 1441 2365 sicuti
1474 2325 1545 2366 lib.
1576 2337 1630 2366 11.
1667 2318 1994 2370 Institutionum

1105 2387 1312 2428 traditum
1351 2393 1434 2429 est.
1490 2388 1619 2429 Unde
1649 2387 1905 2443 frequenter
1935 2392 1994 2433 le-

1105 2451 1261 2504 gimus,
1294 2451 1401 2492 alios
1429 2451 1653 2493 institutos
1688 2465 1784 2494 esse
1813 2454 1994 2495 heredes

1106 2526 1162 2555 ex
1181 2514 1438 2567 quadrante,
1471 2516 1576 2556 alios
1602 2529 1655 2556 ex
1675 2518 1865 2570 semisse,
1885 2520 1992 2560 alios

1106 2590 1161 2618 ex
1180 2578 1410 2629 dodrante,
1429 2579 1536 2619 alios
1549 2591 1604 2620 ex
1623 2591 1732 2622 asse.
1790 2582 1991 2624 Dodrans

1107 2640 1323 2693 significat
1342 2653 1496 2682 novem
1518 2643 1679 2695 uncias,
1702 2645 1821 2698 quasi
1840 2645 1991 2699 demp-

1107 2709 1152 2744 to
1173 2703 1427 2757 quadrante.
1455 2706 1642 2748 Beroald.

1161 2767 1284 2808 Soror
1306 2767 1458 2820 Attici]
1500 2770 1740 2822 Pomponia
1769 2771 1903 2826 dicta,
1935 2786 1990 2816 ex

1105 2831 1444 2883 qua-Quinctum
1475 2831 1608 2874 filium
1640 2836 1782 2885 paullo
1801 2843 1901 2878 aute
1923 2838 1988 2879 M.

1106 2896 1328 2949 Ciceronis¹
1343 2898 1607 2938 consulatum
1628 2901 1828 2953 suscepit.
1877 2903 1991 2945 Nam

1104 2959 1161 3001 Q.
1194 2959 1349 3000 Cicero
1383 2960 1430 3000 F.
1463 2961 1615 3001 Marco
1652 2962 1862 3005 Cicerone
1899 2964 1989 3007 filio

1103 3022 1240 3075 major
1259 3028 1363 3064 natu
1389 3022 1489 3075 fluit,
1509 3024 1617 3064 utin
1637 3026 1839 3078 Epistolis
1859 3028 1912 3068 ad
1932 3030 1988 3072 Q.

1102 3083 1280 3127 fratrem
1314 3086 1510 3139 legimus,
1535 3092 1582 3127 et
1615 3093 1727 3139 togae
1760 3102 1879 3141 purae
1899 3091 1988 3131 suis

1101 3148 1364 3201 temporibus
1373 3150 1546 3202 utrique
1558 3150 1670 3191 datae
1681 3151 1989 3197 demonstrant.

1102 3212 1212 3252 Cum
1234 3224 1285 3252 ea
1303 3223 1388 3253 non
1404 3212 1513 3252 bene
1529 3214 1813 3255 conveniebat
1828 3216 1988 3259 Quinc.

1101 3281 1176 3316 to:
1206 3275 1351 3327 Epist.
1387 3275 1462 3315 lib.
1483 3286 1517 3315 1.
1552 3280 1614 3315 15.
1648 3282 1694 3317 et
1713 3276 1786 3318 lib.
1805 3289 1849 3320 v.
1875 3284 1912 3322 1.
1943 3279 1984 3322 Α

1101 3350 1186 3391 qua
1205 3343 1251 3377 et
1271 3337 1466 3387 divortit,
1485 3337 1560 3377 lib.
1582 3349 1677 3379 xiv.
1700 3343 1763 3382 15.
1791 3341 1948 3385 Sakole.
1973 3374 1976 3379 .

1157 3401 1312 3451 Easque
1331 3400 1488 3451 nuptias
1506 3401 1570 3441 M.
1589 3401 1726 3442 Cicero
1737 3406 1986 3460 conciliarat]

1104 3464 1168 3505 De
1189 3463 1390 3519 conjugio
1422 3475 1567 3507 eorum
1601 3477 1751 3520 parum
1777 3471 1981 3515 concordi
