2306 3900
338 223 449 321 530

339 401 486 454 paullo
502 404 615 452 *post
633 397 811 454 scribit*
830 403 919 439 tres
938 398 1098 439 liberos
1121 398 1227 439 Dio-

341 466 467 519 nysio
487 477 540 505 ex
573 463 777 504 Locrensi
805 476 940 504 uxore
966 475 1058 504 esse
1075 469 1226 504 natos:

342 534 524 582 quatuor
543 539 599 568 ex
618 526 935 578 Aristomache,
954 526 1060 567 duos
1076 538 1232 578 mares,

342 592 613 645 totidemque
631 589 838 632 foeminas.
864 590 1046 631 Lambin.

395 653 685 706 Sophrosynen]
723 652 869 695 Editio
901 653 1136 706 Parisinus,
1165 667 1234 694 no—

342 717 447 758 mine
478 716 776 770 Sophrosynem.
832 716 983 758 Codex
1008 717 1233 769 Longolia·

341 792 439 829 nus,
469 779 665 834 saphrus.-
704 779 816 832 quod
855 780 1111 832 compendio
1142 780 1233 821 edi-

343 851 452 895 tum,
470 857 550 897 pro
566 843 851 897 Sophrosynen.
878 843 1103 884 Keuchen.

400 909 448 949 N
448 913 582 960 uptam
595 906 724 959 dedit]
743 906 816 947 Sic
832 917 962 958 supra
979 907 1148 946 locutus
1166 911 1235 946 est

345 972 498 1024 Nepos
514 971 555 1010 in
573 970 758 1010 Pausan.
785 970 798 991 ‘
816 969 905 1009 Des
916 968 956 1009 ei
970 967 1100 1009 filiam
1114 975 1234 1009 tuam

343 1040 528 1087 nuptum
544 1033 571 1074 :'
618 1039 665 1074 et
699 1032 857 1073 iterum
893 1031 995 1072 int'r.
1035 1030 1233 1072 ‘Areten

344 1098 500 1139 Dionis
534 1108 713 1137 uxorem
751 1095 821 1135 alii
860 1100 1042 1147 nuptum
1083 1095 1233 1137 dedit!

343 1163 518 1202 Terent.
555 1159 734 1200 Andria.
778 1162 790 1182 ‘
814 1160 958 1199 Datur
994 1159 1070 1199 illa
1105 1159 1234 1200 hodie

343 1224 571 1276 Pamphilo
590 1229 770 1276 nuptum
781 1222 809 1263 ?'
865 1222 989 1263 Idem
1015 1222 1061 1262 in
1089 1222 1237 1275 Hecy-

343 1301 415 1328 ra:
448 1289 460 1311 ‘
478 1286 615 1336 Perii,
631 1299 684 1327 ex
705 1298 790 1339 quo
807 1297 972 1338 censes,
988 1284 1070 1325 nisi
1090 1297 1145 1325 ex
1161 1285 1236 1326 illo

345 1351 416 1392 cui
438 1351 541 1391 data
559 1356 627 1390 est
645 1353 843 1401 nuptum,
862 1348 1041 1389 obsecro
1056 1347 1086 1387 2’
1180 1344 1187 1346 “

401 1415 585 1455 Alteram
605 1415 771 1462 Areten,
799 1410 947 1464 Dioni]
991 1410 1113 1451 Libri
1143 1409 1235 1462 qui-

344 1477 445 1518 dam
480 1476 649 1518 Aretem
680 1476 902 1525 omittunt.
969 1473 1162 1526 vulgati,
1196 1478 1236 1514 et

343 1541 509 1591 Areten,
537 1551 702 1592 quorum
724 1539 899 1590 priorem
928 1538 1140 1591 Dionysio,
1167 1541 1235 1591 &⁶-

344 1605 399 1646 ln
438 1604 604 1644 AEiiano
634 1601 775 1655 Ἀρέτη
808 1602 1122 1654 reponendum,
1158 1614 1237 1656 pro

337 1668 502 1722 Ἀρήτη,
515 1668 623 1710 Ver.
642 1668 760 1708 Hist.
782 1666 855 1708 lib.
871 1678 956 1707 ιιι.
977 1698 981 1701 .

401 1732 539 1784 Come]
561 1730 696 1784 Atqui
712 1729 796 1770 fuit
810 1734 1040 1770 contumax
1058 1735 1104 1770 et
1117 1740 1239 1770 acer·

344 1796 426 1837 bns
447 1802 617 1845 natura,
637 1795 706 1835 vel
726 1793 938 1843 Platonis,
956 1793 1028 1845 qui
1047 1805 1146 1834 eum
1163 1805 1238 1845 op-

345 1861 450 1901 time
484 1864 679 1909 noverat,
708 1856 987 1899 testimonio:
1033 1857 1106 1909 qui
1139 1868 1238 1897 eum

344 1922 664 1975 reprehendens
682 1921 727 1962 in
747 1921 938 1972 epistola
956 1916 1158 1972 quadam,
1170 1921 1236 1960 sic

345 1987 402 2027 ad
432 1998 531 2027 eum
561 1985 739 2026 scribit:
768 1984 930 2034 ἐνθυμοῦ
954 1982 997 2024 δὲ
1021 1983 1085 2024 ὅτι
1110 1986 1238 2026 δοκεῖς

344 2064 449 2091 τισιν
468 2048 719 2103 ἐνδεεστέρως
741 2050 813 2089 τοῦ
839 2047 1102 2101 προσήκοντος
1129 2052 1239 2102 θερα·

345 2111 526 2154 πευτικὸς
552 2111 660 2153 εῖναι·
690 2113 743 2163 μὴ
763 2110 830 2152 οὖν
845 2111 1070 2153 λανθανέτω
1089 2125 1152 2162 σε,
1177 2112 1240 2153 ὅτι

345 2177 407 2217 διὰ
433 2178 505 2217 τοῦ
541 2175 719 2229 ἀρέσκειν
746 2178 830 2217 τοῖς
862 2175 1071 2229 ἀνθρώποις
1096 2175 1162 2217 καὶ
1191 2176 1239 2216 τὸ

344 2239 532 2293 πράττειν
550 2239 673 2282 ἐστίν.
701 2240 726 2288 ἡ
741 2238 783 2280 δὲ
803 2238 986 2280 αὐθάδεια
1001 2239 1137 2294 ἐρημίᾳ
1154 2238 1240 2291 ξύν-

345 2319 461 2346 οικος.
528 2305 603 2345 Sic
639 2310 685 2345 et
717 2305 944 2353 Plutarch.
983 2305 1027 2344 in
1064 2305 1235 2346 Dione:

345 2367 484 2418 ἀμέλει
515 2367 557 2409 δὲ
593 2366 660 2408 καὶ
685 2365 803 2419 φύσει
829 2366 918 2407 τινὰ
935 2367 984 2407 τὸ
1002 2366 1094 2416 ἦθος
1119 2367 1241 2420 ὄγκον

343 2431 455 2484 εἶχεν
469 2433 604 2486 αὐτοῦ,
635 2430 701 2472 καὶ
725 2430 961 2485 τραχύτητα
977 2432 1242 2486 δυσπρόσοδον

346 2499 389 2539 ἐν
402 2496 584 2549 ἐντεύξει,
602 2496 666 2538 καὶ
683 2495 970 2550 δυσξύμβολον,
987 2499 1069 2538 ὅτε.
1115 2498 1240 2539 Idem

346 2562 427 2602 sub
447 2568 558 2602 extr.
575 2561 754 2602 eandem
773 2573 939 2601 morum
959 2560 1241 2614 asperitatem

346 2633 487 2677 notat,
503 2633 549 2666 et
565 2625 700 2666 verba
713 2625 787 2665 illa
801 2625 1027 2677 superiora
1042 2625 1241 2665 Platonis

347 2688 528 2742 profert.
584 2689 641 2729 Et
660 2689 704 2728 in
722 2688 799 2728 lib.
821 2689 901 2728 πῶς
927 2686 976 2728 ἄν
994 2703 1056 2729 τις
1080 2687 1240 2740 διακρίν.

344 2752 418 2793 τὸν
434 2750 588 2793 κόλακα
609 2752 683 2792 τοῦ
699 2751 834 2804 φίλου,
861 2764 912 2792 eo
941 2753 1053 2805 loco,
1069 2751 1144 2792 ubi
1165 2752 1240 2793 do-

347 2822 433 2868 cet,
454 2823 558 2857 tunc
589 2816 731 2869 potius
763 2814 999 2856 monendos
1028 2820 1075 2856 et
1094 2828 1241 2869 repre-

346 2881 599 2921 hendendos
647 2892 741 2920 esse
788 2878 966 2930 amicos,
1011 2890 1109 2919 cum
1151 2890 1241 2918 rem

347 2956 466 2984 suam
491 2944 604 2984 bene
632 2948 806 2995 gerunt,
836 2950 880 2982 et
901 2941 1108 2983 fortunati
1129 2947 1244 2992 sunt,

346 3020 473 3061 quam
509 3020 607 3048 cum
644 3007 707 3047 eis
746 3005 924 3046 fortuna
970 3005 1240 3045 adversatur.

344 3072 570 3114 Plutarchi
602 3071 738 3112 verba
770 3078 871 3111 sunt
908 3071 1031 3110 haec:
1077 3069 1242 3109 τοιαῦτα

343 3134 575 3189 τοῦΚύρυυ
599 3132 693 3187 πρὸς
722 3132 938 3187 Κυαξάρην,
969 3132 1035 3173 καὶ
1063 3132 1117 3172 τὰ
1147 3130 1241 3183 πρὸς

347 3200 477 3240 Δίωνα
513 3196 740 3247 Πλάτωνος,
773 3197 839 3238 ὅτε
872 3194 1150 3249 λαμπρότατος
1179 3193 1243 3245 ἧν,

350 3266 413 3305 καὶ
433 3264 582 3306 πάντας
603 3262 655 3304 εἷς
667 3262 806 3304 ἑαυτὸν
819 3262 1038 3315 ἀνθρώπους
1057 3259 1241 3313 ἐπέστρε-

347 3338 398 3379 φε
429 3330 490 3369 διὰ
522 3329 571 3368 τὸ
599 3327 748 3369 κάλλος
785 3330 864 3368 τῶν
899 3324 1072 3380 πραξέων
1100 3324 1166 3366 καὶ
1192 3324 1242 3364 τὸ

347 3391 527 3444 μέγεθος,
541 3390 878 3444 παρακελευμένου
894 3389 1164 3443 φυλάττεσθαι
1177 3387 1242 3429 καὶ

349 3454 511 3497 δεδιέναι
528 3455 602 3502 τὴν
617 3455 832 3507 αὐθαδειαν,
845 3457 894 3496 ὡς
911 3452 1046 3507 ἐρημίᾳ
1057 3452 1246 3504 ξύνοικον.

348 3519 487 3562 Lumo.
545 3519 644 3560 Hoc
674 3519 862 3572 quamvis
883 3519 958 3572 „ita
996 3517 1126 3557 fuisse
1162 3516 1243 3557 lar-

726 281 905 353 N.⁰TAE
951 280 1282 322 VARIORUM
1327 283 1394 322 1N
1435 285 1488 324 G.
1530 284 1795 323 NEPOTIS

1293 399 1458 452 giamur
1491 400 1537 442 in
1568 401 1757 450 caeteris,
1784 406 1930 442 tamen
1957 414 2076 444 come
2095 403 2179 445 fuit

1293 470 1340 504 et
1375 462 1504 505 facile
1541 464 1745 505 adversus
1771 464 1995 512 {docentes
2025 467 2181 518 ipsum,

1294 527 1537 578 praesertim
1549 539 1653 580 erga
1661 528 1888 571 Platonem
1900 527 1954 568 ad
1970 529 2183 581 capienda

1292 589 1351 630 ab
1369 601 1421 632 eo
1436 591 1646 633 virtutum
1665 596 1711 632 et
1728 591 1828 632 vitae
1857 597 2096 644 praecepta,
2107 593 2183 635 uti

1294 652 1426 694 Plato
1459 654 1554 707 ipse
1586 654 1632 694 in
1668 654 1809 707 Epist.
1827 657 1870 694 7.
1895 653 1950 693 ad
1983 653 2184 707 Dionysii

1295 717 1560 769 propinquos
1576 717 1755 768 scribit3
1784 722 1831 758 et
1846 715 1947 759 infr.
1966 719 2006 759 2.
2019 717 2184 760 &Nos-

1298 786 1363 820 ter
1379 780 1618 830 confirmat.
1711 826 1715 830 ,

1353 845 1454 891 Quoe
1481 858 1559 886 non
1583 845 1787 886 minimum
1817 843 2077 897 commendat]
2108 844 2183 886 Sic

1296 909 1525 962 legendum
1546 915 1628 961 est,
1645 921 1746 960 non,
1771 902 1820 950 ut
1837 910 1981 962 vulgo,
1994 921 2184 950 commen-

1294 973 1414 1012 datur
1427 985 1441 1013 .·
1468 977 1617 1013 natum
1631 972 1831 1012 mendum
1846 984 1901 1012 ex
1915 973 2184 1024 ignoratione

1296 1035 1436 1076 verbi.
1491 1037 1747 1077 Commendat
1765 1036 1879 1076 enim
1899 1034 1981 1076 hoc
1999 1036 2098 1076 loco
2113 1048 2185 1077 va-

1296 1099 1377 1151 let,
1391 1104 1533 1152 ornat,
1548 1098 1656 1140 facit
1671 1099 1911 1150 amabilem,
1928 1098 2186 1141 benevolen-

1299 1163 1403 1203 tiam
1449 1168 1583 1216 atque
1630 1175 1815 1203 amorem
1862 1162 2094 1204 conciliat:
2139 1169 2187 1203 et

1298 1225 1705 1278 subintelligendum
1743 1232 1827 1276 est,
1864 1225 2068 1275 homines,
2109 1238 2186 1266 seu

1299 1287 1428 1329 viros.
1495 1287 1568 1330 Sic
1606 1289 1761 1330 Cicero
1797 1289 1853 1330 de
1887 1289 2011 1330 Orat.
2044 1289 2121 1330 lib.
2152 1301 2185 1329 1.

1298 1352 1377 1393 snb
1397 1358 1511 1394 extr.
1540 1354 1553 1376 ‘
1570 1356 1616 1393 et
1634 1354 1678 1392 in
1695 1364 1816 1404 voce,
1836 1365 1932 1405 quae
1953 1364 2039 1392 una
2057 1353 2188 1393 maxi-

1298 1426 1367 1455 me
1393 1415 1685 1469 eloquentiam
1713 1415 1783 1456 vel
1811 1415 2100 1468 commendat,
2118 1417 2189 1456 vel

1297 1478 1508 1531 sustinet,'
1537 1481 1619 1520 &c.
1674 1479 1796 1520 Idem
1830 1477 1922 1521 Off.
1937 1490 1992 1520 11.
2025 1478 2080 1519 P.
2102 1480 2188 1520 Ru-

1300 1542 1382 1585 tilii
1409 1542 1742 1584 adolescentiam
1775 1542 1830 1583 ad
1862 1541 2187 1598 opimam-et

1297 1605 1555 1648 innoeentiae
1587 1611 1634 1647 et
1657 1605 1769 1659 juris
1787 1606 1983 1647 scientiae
2014 1605 2070 1647 P.
2090 1606 2188 1647 Mu-

1299 1671 1356 1712 cii
1402 1673 1415 1695 ‘
1443 1671 1766 1712 commendavit
1811 1670 1989 1712 domus.'
2063 1662 2188 1712 Idem

1300 1733 1496 1775 oratione
1521 1740 1620 1785 post
1648 1733 1832 1776 reditum
1860 1734 1904 1774 iu
1929 1733 2032 1774 Sen.
2060 1734 2073 1755 ‘
2089 1743 2188 1775 eum

1299 1808 1398 1837 eum
1420 1803 1581 1849 praeter
1602 1794 1856 1847 simulatam,
1884 1801 2189 1850 versutamque

1302 1860 1543 1912 tristitiam,
1574 1860 1692 1900 nulla
1728 1870 1807 1900 res-
1837 1860 2190 1903 commendaret.’

1301 1924 1425 1964 Idem
1456 1923 1614 1964 iterum
1646 1923 1703 1964 de
1730 1930 1920 1975 oratore,
1938 1923 2010 1964 vad
2042 1925 2097 1967 Q.
2117 1924 2191 1965 Fr.

1299 1989 1312 2010 ⁶
1331 1988 1469 2028 oratio
1487 1987 1675 2039 placida,
1699 1986 1939 2037 summissa,
1966 1987 2076 2028 lenis
2095 1998 2191 2028 reos
2269 2035 2275 2039 ⁵

1301 2050 1606 2092 commendat.'
1628 2051 1802 2091 -Horat.
1825 2049 1963 2101 Epist.
1981 2049 2056 2091 lib.
2074 2061 2107 2092 ι.
2124 2053 2191 2090 15.

1299 2117 1313 2138 ⁴
1327 2114 1457 2158 Quod
1475 2126 1546 2155 me
1563 2115 1748 2154 Lucanae
1759 2113 1964 2165 juvenem
1975 2124 2192 2153 commen-

1300 2178 1379 2219 det
1398 2176 1577 2219 amicael.
1608 2176 1790 2218 lambis.
1846 2174 2112 2228 Respexisse
2131 2177 2191 2215 vi·

1300 2242 1431 2283 detur
1459 2241 1515 2282 ad
1545 2241 1825 2293 Euripideum
1853 2239 1959 2280 illud
1992 2240 2038 2280 in
2063 2239 2191 2283 Phoe-

1303 2305 1405 2346 niss.
1423 2304 1539 2358 apud
1557 2304 1848 2357 Porphyrium
1867 2308 1913 2343 et
1936 2302 2190 2343 ‚Stobaeumz

1299 2370 1462 2419 ,Πρῶτον
1479 2366 1551 2418 μὲν
1567 2365 1667 2408 εἶδος
1695 2367 1800 2417 ἄξιον
1827 2364 2061 2418 τυραννίδος.
2117 2365 2191 2406 Sic

1302 2431 1418 2472 infra
1447 2432 1492 2472 in
1523 2431 1771 2484 Iphicrate:
1803 2430 1934 2471 ‘Fuit
1967 2435 2112 2470 autem
2145 2434 2193 2469 et

1303 2495 1445 2536 animo
1477 2506 1629 2546 magno
1663 2500 1710 2536 et
1738 2506 1937 2546 corpore,
1962 2494 2194 2546 imperato-

1303 2558 1454 2611 riaque
1486 2557 1652 2599 fornia?
1712 2558 2014 2597 Commendatio·
2049 2562 2192 2597 autem

1302 2622 1467 2674 Scripti
1529 2621 1629 2662 libri
1689 2620 1949 2662 auctoritate
2006 2620 2196 2660 retineo.

1304 2686 1456 2729 Schott.
1509 2685 1716 2738 Corporis
1752 2691 1897 2725 autem
1934 2684 2193 2736 dignitatem

1304 2750 1348 2791 in
1367 2749 1618 2802 regentibus
1632 2747 1922 2789 commendari
1938 2747 2194 2789 tralatitium

1278 2813 1388 2856 est.
1448 2813 1588 2854 Tacit.
1619 2812 1733 2854 Anu.
1767 2825 1821 2853 11.
1855 2815 1920 2853 13.
1955 2812 2091 2853 ‘Cum
2123 2813 2194 2854 hic

1302 2877 1572 2919 nobilitatem
1591 2876 1726 2927 ducis,
1741 2876 1941 2917 decorem
1963 2875 2195 2927 alius‚plu-

1305 2941 1403 2982 rimi
1418 2940 1690 2993 patientiam,
1705 2938 1956 2985 comitatem
1973 2950 2053 2990 per
2067 2937 2197 2991 seria,

1302 3017 1384 3058 per
1403 3006 1528 3058 jocos
1561 3003 1759 3044 eumdem
1787 3001 1972 3041 animum
1996 3001 2194 3041 laudibus

1304 3067 1504 3109 ferrent.'
1558 3066 1672 3107 Vide
1691 3065 1797 3107 ibid.
1827 3077 1923 3117 cap.
1942 3068 2011 3114 73.
2067 3065 2194 3105 Eam-

1302 3131 1405 3172 dem
1424 3130 1540 3170 inter
1557 3128 1807 3181 adjumenta
1827 3139 1923 3167 esse
1939 3138 2114 3167 summae
2131 3126 2195 3166 rei

1306 3192 1594 3246 adipiscendae
1625 3192 1779 3232 asserit
1805 3189 1919 3231 idem
1950 3190 2023 3231 lib.
2043 3201 2107 3231 ιι.
2126 3194 2194 3231 88.

1307 3257 1362 3298 de
1391 3257 1527 3297 Silio:
1558 3260 1570 3279 ‘
1591 3256 1718 3297 Nunc
1744 3255 1953 3307 juvenem
1983 3253 2193 3304 nobilem,

1303 3321 1519 3373 dignitate
1532 3319 1735 3370 fortun-ae,
1743 3319 1943 3371 juventa,
1955 3327 2008 3356 ac
2021 3316 2195 3370 propin-

1307 3396 1392 3438 quo
1410 3384 1635 3424 consulatu
1661 3381 1716 3421 ad
1749 3391 1869 3431 spem
1887 3378 2086 3430 accingi:
2138 3379 2195 3419 Et

1307 3448 1423 3489 inter
1440 3453 1619 3497 catera,
1653 3457 1749 3497 quae
1780 3442 1962 3484 Galbam
1996 3442 2193 3483 destrux·

1307 3517 1451 3565 erant,
1478 3515 1574 3552 erat
1598 3506 1861 3551 deformitas.
1914 3507 2052 3548 Tacit.
2075 3506 2194 3552 Hist.
