2306 3900
347 236 453 287 500

343 366 490 403 ments
510 366 731 413 tegere,et
741 362 911 413 justitio
932 362 1094 404 indicto
1109 375 1136 404 a
1153 375 1227 404 ne-

345 427 472 478 gotiis
493 426 714 478 quiescere
740 438 830 466 mos
854 433 962 467 erat.
1008 428 1129 468 Sicut
1146 439 1224 468 xv.

343 488 451 530 Julii
483 488 754 528 moestissima
783 487 883 540 fuit,
915 501 997 542 qua
1025 490 1226 530 mulieres

344 549 540 590 Athenis·
558 550 773 602 jejunium
792 557 980 606 servant,
993 557 1039 593 et
1052 558 1143 596 tum
1161 565 1226 592 sa-

344 623 420 652 cra
438 610 609 652 Adonia
629 612 862 654 celebrant.
882 613 1009 657 Alex.
1027 614 1082 655 ab
1095 613 1223 655 Alex.

352 695 353 698 =
402 674 592 715 Concione
619 676 825 728 advocata]
874 677 927 717 Iu
958 690 1041 731 qua
1070 690 1147 729 pro
1177 690 1224 718 se

342 736 493 777 (licens
508 738 700 780 ostendit
723 751 768 779 se
785 740 889 780 nihil
907 741 1037 793 impie
1056 739 1225 792 fecisse,

343 805 388 842 et
404 807 557 842 contra
568 803 666 854 jura
683 804 824 843 omnia
843 818 867 844 e
887 805 1065 845 civitate
1084 810 1224 845 exter-

340 867 548 908 minatum
569 879 681 908 esse.
728 869 967 921 Xenophon
987 870 1062 910 lib.
1082 882 1113 910 1.

346 960 353 969 .
397 930 507 977 Quin
520 931 600 981 eius
612 931 762 983 casum]
783 932 853 973 Sic
867 933 1064 972 meliores
1078 933 1224 973 edunt.

341 993 430 1034 Alii
447 1006 577 1034 causa.
613 994 780 1034 Schott.

395 1055 569 1096 Perinde
595 1067 641 1095 ac
670 1056 707 1095 si
737 1056 837 1096 alius
856 1056 1039 1108 populus]
1085 1056 1223 1097 Tacit.

341 1118 458 1159 Hist.
480 1130 513 1158 1.
532 1121 600 1159 44.
647 1118 660 1141 ‘
680 1117 827 1159 Alium
856 1119 1058 1160 crederes
1092 1132 1224 1171 popu-

338 1182 444 1233 lum,
465 1182 594 1222 alium
624 1180 849 1222 senatum!
892 1182 1010 1222 Hist.
1033 1181 1108 1223 lib.
1128 1194 1159 1223 1.
1181 1186 1224 1223 9.

340 1245 354 1266 ‘
375 1244 560 1284 Postera
580 1243 650 1284 die
677 1249 880 1297 tanquam
909 1243 1023 1296 apud
1044 1245 1222 1286 alterius

339 1306 529 1348 civitatis
549 1313 740 1347 senatum
757 1308 1045 1360 populumque
1058 1308 1224 1360 magni-

340 1368 466 1411 ficam
513 1369 568 1409 de
614 1381 661 1410 se
703 1370 939 1410 orationem
984 1371 1222 1423 prompsit?

344 1432 472 1474 Gebh.

396 1495 631 1548 Sacrilegii]
666 1495 880 1543 Ἀσεβείας.
925 1498 1039 1538 Nam
1055 1509 1136 1538 non
1150 1498 1223 1538 ille

341 1569 410 1598 res
430 1571 570 1600 sacras
591 1560 828 1612 sustulisse,
842 1560 915 1601 sed
932 1573 1054 1601 sacra
1070 1561 1224 1601 violas-

340 1633 403 1671 se,
423 1626 468 1661 et
486 1621 670 1662 Hermas
697 1622 1018 1664 circumcidisse
1035 1636 1086 1664 ac
1106 1629 1224 1664 trun-

340 1688 460 1725 casse
490 1684 764 1736 arguebatur.
810 1686 883 1727 Sic
909 1686 1021 1727 enim
1042 1686 1225 1727 Probus

341 1759 474 1799 supra
492 1760 502 1786 z
524 1748 536 1769 ‘
548 1745 875 1800 Aspergebatur
890 1750 1019 1790 etiam
1035 1748 1224 1801 infamia,

340 1809 456 1863 quod
477 1810 521 1850 in
536 1811 660 1851 domo
679 1824 755 1852 sua
773 1811 917 1862 facere
937 1813 1144 1865 mysteria
1163 1813 1225 1853 di-

340 1872 551 1915 cebatur.'
579 1874 717 1914 Lamb.
770 1877 895 1916 Nova
912 1875 1223 1928 significatione

341 1937 614 1989 sacrilegium
634 1941 760 1978 vocat
780 1939 984 1991 mysteria
1007 1951 1224 1980 sacrorum

339 1999 527 2053 prodita.
557 2000 724 2050 Longol.
792 2001 967 2040 Nullam
998 2001 1108 2040 euim
1134 2012 1225 2040 rem

341 2074 508 2122 sacram
540 2060 708 2103 furatus
738 2068 806 2103 est
831 2063 1095 2104 Alcibiades.
1148 2064 1223 2104 Sa-

339 2126 563 2178 crilegium
594 2139 711 2177 vero,
744 2126 856 2178 quod
897 2127 1012 2166 vocis
1058 2127 1224 2166 notatio

338 2188 519 2240 indicat,
550 2201 683 2229 sacrae
715 2190 776 2228 rei
807 2188 968 2229 furtum
996 2189 1226 2242 significat.

338 2251 549 2305 Ejusdem
571 2264 683 2302 pene
699 2252 886 2292 criminis
907 2264 1001 2292 reus
1021 2253 1124 2292 olim
1143 2252 1227 2293 fuit

340 2313 597 2366 Numenius,
624 2314 697 2366 qui
716 2314 829 2354 inter
857 2315 1136 2368 Pliilosophos
1154 2328 1225 2356 oc-

342 2377 557 2416 cultorum
603 2377 822 2425 curiosior,
864 2379 1066 2419 Eleusina
1106 2391 1227 2419 sacra

340 2438 670 2490 interpretando
692 2441 897 2491 vulgavit.
950 2441 1111 2481 Auctor
1130 2444 1225 2482 Ma-

341 2500 511 2541 crobius
530 2513 560 2542 1.
598 2502 743 2543 Somn.
778 2504 1073 2556 Scip.'cap.2.
1108 2506 1224 2556 Mag.

343 2563 556 2614 Sacrilegiz·
590 2565 830 2616 damnasset]
880 2566 1108 2607 Sacrorum
1138 2569 1226 2608 vio·

341 2626 527 2666 latorum
545 2639 622 2666 seu
639 2627 978 2679 profanatorum.
1026 2630 1140 2670 Nam
1159 2642 1225 2670 sa-

341 2689 527 2741 crilegus
561 2701 644 2729 non
679 2696 840 2730 tantum
875 2691 947 2743 qui
984 2703 1126 2732 sacras
1156 2704 1225 2732 res

343 2751 460 2804 rapit
498 2756 544 2792 et
581 2752 807 2804 compilat3
854 2753 929 2793 sed
972 2766 1224 2807 quacunque

343 2815 506 2855 ratione
526 2816 673 2867 violat,
691 2816 854 2856 Latinis
873 2816 1042 2857 dicitur.
1067 2817 1226 2857 Tibull.

343 2879 467 2930 Eleg.
499 2890 570 2917 ιιι.
603 2884 641 2919 5.
707 2879 719 2901 ‘
755 2881 851 2920 Nec
887 2892 963 2920 nos
1001 2880 1227 2931 sacrilegos

344 2942 518 2991 templis
548 2941 808 2981 admovimus
842 2942 978 2993 ignes,
1025 2943 1120 2983 Nec
1152 2954 1227 2982 cor

345 3003 579 3043 sollicitant
635 3003 750 3043 facta
811 3003 1001 3044 nefanda
1055 3003 1227 3044 meum.'

344 3066 487 3108 Quem
518 3067 655 3106 locum
687 3066 763 3106 tali
791 3068 1056 3107 correctione
1088 3066 1229 3107 defor-

346 3134 487 3170 marat
528 3130 748 3180 Scaliger:
807 3130 895 3168 Nec
939 3142 1010 3169 nos
1045 3129 1229 3178 sacrilegi

346 3193 502 3244 templis
515 3193 752 3231 admovimus
766 3204 873 3242 ergo.
917 3193 1067 3232 Florus
1083 3191 1158 3230 lib.
1174 3202 1227 3231 11.

347 3259 414 3295 17.
435 3256 447 3277 ‘
466 3257 564 3295 Non
582 3256 697 3306 prius
717 3256 835 3306 signa
854 3255 1084 3304 convertit,
1101 3266 1226 3306 quam

348 3317 574 3357 cadentem
603 3318 647 3357 in
679 3319 812 3358 maria
840 3319 993 3369 Solem,
1009 3318 1226 3359 obrutum-

350 3392 434 3432 que
472 3381 590 3432 aquis
615 3382 771 3432 ignem,
802 3394 888 3421 non
915 3383 1006 3422 sine
1040 3381 1226 3434 quodam

346 3441 566 3494 sacrilegii
585 3449 702 3484 metu
721 3449 767 3484 et
784 3444 977 3497 horrore,
990 3444 1226 3498 deprehen-

730 247 909 286 NO'I'AE
949 247 1281 287 VARIORUM
1324 248 1385 287 IN
1431 250 1482 287 C.
1520 248 1781 288 NEPOTIS

1289 363 1382 406 dit?
1421 365 1616 407 Gebhard.
2151 375 2153 377 '

1342 426 1545 467 Restituta
1558 440 1652 479 ergo
1669 428 1759 468 huic
1775 432 1867 468 sunt
1880 427 2032 480 publice
2045 427 2164 481 bona]

1285 486 1432 540 Διόπερ
1447 482 1554 540 αὐτῷ
1569 490 1644 539 τήν
1665 506 1711 530 τε
1726 490 1862 532 οὐσίαν
1885 489 2099 544 ἀπέδωκαν,
2115 491 2165 540 ἣν

1286 550 1513 601 ἐδήμευσαν.
1549 554 1673 594 Diod.
1736 556 1833 595 Vox
1850 554 1963 596 οὐσία
1990 556 2165 608 proprie

1286 621 1412 657 notat
1435 617 1727 667 substantiam,
1760 618 1885 668 bona,
1917 619 2164 669 facultates,

1287 680 1456 731 ὕπαρξιν.
1538 682 1730 722 Lexicon
1789 680 2162 722 Graeco-Latinum

1288 747 1423 793 vetus,
1456 741 1582 794 ὸύσία,
1607 743 1899 814 patrimonium,
1934 742 2165 795 substantia,

1286 818 1349 845 res
1355 805 1589 854 familiam
1617 803 1857 847 Keuclten.'
2039 817 2045 822 “

1341 866 1539 918 fidemque
1566 868 1631 907 itti
1652 869 1893 920 Eumolpidae
1913 867 2166 940 Sacerdotes]

1287 927 1448 968 Aldina
1478 931 1570 970 haec
1602 931 1750 982 lectio,
1782 943 1875 983 quae
1913 931 2163 972 immensum

1287 997 1491 1043 quantum
1504 992 2004 1034 Lambiuoadblauditur.
2019 995 2165 1046 Scrip-

1287 1054 1321 1093 ti
1347 1054 1458 1106 heic,
1486 1061 1534 1095 ut
1557 1067 1701 1107 supra,
1725 1057 1962 1108 Olympidae,
1983 1057 2163 1110 integris

1288 1117 1436 1157 literis.
1474 1118 1545 1157 De
1572 1118 1836 1170 Eumolpidis
1855 1117 2070 1160 Arnobius
2089 1120 2165 1160 sd·

1285 1192 1432 1221 versus
1461 1186 1611 1232 gentes
1629 1181 1702 1222 lib.
1722 1193 1766 1222 ν.
1810 1182 1822 1204 ‘
1844 1180 1999 1233 Gregis
2026 1182 2165 1223 lanitii

1285 1242 1471 1296 (custos)
1483 1245 1733 1296 Eumolpus,
1749 1257 1774 1285 a
1793 1258 1878 1298 quo
1889 1258 1992 1297 gens
2007 1250 2052 1286 et
2067 1244 2166 1287 fluit

1285 1307 1634 1358 Eumolpidarum
1646 1314 1693 1348 et
1701 1307 1872 1349 ducitur
1881 1310 2044 1349 clarum
2057 1308 2164 1349 illud

1287 1370 1400 1422 apud
1422 1371 1654 1422 Cecropios
1672 1383 1843 1423 nornen,
1857 1377 1903 1412 et
1919 1371 1992 1424 qui
2011 1376 2165 1423 postea

1285 1432 1522 1474 floruerunt
1548 1433 1866 1484 caduceatores,
1893 1434 2164 1485 Hierophau·

1287 1503 1362 1548 tae,
1377 1501 1505 1549 atque
1525 1497 1774 1549 praecones.’
1802 1497 2165 1550 AdiHesychium

1286 1561 1330 1600 in
1351 1572 1455 1600 voce
1475 1559 1725 1611 Εὐμολπίδαι.
1765 1562 1918 1602 Schott.

1341 1624 1572 1676 Resecrare]
1610 1625 1875 1671 Restituere,
1904 1635 2029 1677 quem
2048 1623 2166 1676 prius

1288 1687 1575 1727 execrabilem
1593 1688 1815 1737 arcebant,
1835 1694 1884 1727 ut
1902 1699 2056 1740 magno
2076 1698 2166 1727 scc-

1288 1750 1378 1789 lere
1421 1749 1656 1801 impiatum.
1730 1750 2006 1791 Execrabiles
2050 1750 2163 1790 enim

1288 1817 1427 1861 erant,
1445 1812 1685 1865 quicunque
1700 1826 1724 1853 a
1736 1813 1868 1854 sacris
1884 1813 2162 1854 arcebantur:

1290 1875 1436 1926 quales
1492 1875 1643 1925 ἐναγεῖς
1688 1875 1803 1928 apud
1847 1876 2044 1924 Graecos,
2091 1874 2166 1928 qui

1288 1938 1464 1990 εἴργοντο
1496 1937 1701 1990 χερνίβων,
1741 1940 1928 1990 σπονδῶν,
1954 1937 2167 1992 κρατήρων,

1287 2001 1446 2053 ἀγορᾶς,
1456 2006 1501 2041 et
1513 2003 1585 2054 qui
1597 2002 1883 2054 diris'publice
1898 2002 2164 2045 devoveban-

1289 2069 1374 2113 tur,
1393 2063 1616 2116 κατάρατοι.
1648 2065 1696 2104 Iu
1717 2065 1974 2104 editionibus
1991 2069 2040 2103 et
2052 2063 2165 2104 Lon·

1288 2127 1455 2178 goliaua
1470 2128 1627 2178 legitur
1640 2140 1651 2166 ε
1681 2138 1816 2166 rursus
1825 2130 2036 2176 temnat-e,
2049 2123 2164 2178 quod

1287 2193 1536 2240 corruptum
1560 2188 1750 2229 fortassis
1775 2200 1830 2228 ex
1860 2189 2077 2237 demutare,
2095 2187 2166 2228 vel

1286 2263 1498 2302 resacrare,
1535 2257 1584 2291 ut
1615 2251 1802 2291 videtur.
1858 2249 2041 2290 Retineo
2070 2254 2165 2301 ger·

1287 2327 1455 2354 manam
1484 2313 1756 2366 scripturam,
1785 2325 1880 2365 quae
1908 2317 1990 2363 est,
2022 2323 2166 2352 rursus

1288 2389 1522 2428 resecrare,
1552 2378 1622 2416 vel
1657 2388 1888 2416 resacrare.
1943 2376 1956 2398 ⁶
1979 2371 2164 2415 Rursus'

1288 2447 1431 2481 autem
1457 2441 1470 2464 ⁴
1488 2452 1708 2481 resecrare
1724 2439 1736 2458 '
1756 2440 1887 2491 dixit,
1901 2445 1949 2479 ut
1976 2435 2167 2482 {reverti

1283 2516 1434 2544 rursus
1448 2501 1460 2520 '
1505 2503 1619 2555 apud
1663 2503 1914 2544 Suetonium
1956 2506 2005 2542 et
2043 2501 2164 2542 alios.

1289 2567 1398 2608 Quae
1431 2566 1535 2607 licet
1572 2567 1759 2618 speciem
1795 2565 1979 2605 habeant
2019 2566 2166 2610 βαττο·

1287 2627 1440 2679 λογίας,
1459 2634 1589 2682 atque
1605 2628 1648 2668 ἐκ
1665 2627 1925 2680 παραλλήλου
1941 2625 2163 2674 dicantur3

1288 2692 1566 2732 usitatissima
1594 2697 1736 2731 tamen
1757 2695 1869 2732 sunt.
1929 2689 2003 2729 lta
2023 2686 2165 2730 alibi:

1290 2757 1302 2778 ‘
1323 2768 1426 2807 ergo
1445 2756 1573 2807 igitur
1587 2755 1615 2795 :⁹
1643 2754 1764 2795 πάλιν
1781 2753 1843 2806 αὖ,
1866 2753 2028 2806 ὕστερον
2045 2749 2166 2804 αὖθις,

1290 2824 1335 2858 et
1353 2825 1559 2858 sexcenta
1579 2818 1694 2870 apud
1715 2819 1946 2858 Classicos.
1966 2817 2166 2857 Kena-hen.

1289 2881 1401 2922 Vide
1432 2881 1486 2921 de
1515 2893 1620 2921 voce
1636 2882 1715 2921 hac
1751 2879 1943 2920 Turueb.
1985 2877 2169 2919 Advers.

1290 2944 1366 2984 lib.
1389 2954 1525 2984 xvm.
1552 2947 1619 2984 25.
1640 2951 1683 2984 et
1710 2943 1785 2984 lib.
1805 2954 1940 2983 xxix.
1959 2945 2024 2982 86.
2056 2942 2163 2982 item

1290 3005 1501 3045 Pithaeum
1522 3005 1733 3045 subseciV.
1749 3005 1821 3045 lib.
1842 3016 1871 3045 1.
1893 3007 1930 3044 1.

1343 3067 1517 3118 Piloeque
1549 3067 1648 3118 illae]
1685 3068 1899 3106 Diodorus
1936 3059 2044 3108 dicit
2078 3077 2165 3106 nou

1285 3131 1388 3182 pilas
1415 3130 1456 3168 iu
1490 3142 1608 3169 mare
1639 3130 1885 3182 praecipites
1925 3134 2058 3180 actas,
2088 3128 2166 3169 sed

1290 3193 1411 3242 δίκας,
1429 3194 1665 3233 sententias
1677 3199 1723 3233 et
1736 3194 1859 3234 lites:
1889 3191 2024 3234 ἔπειτα
2037 3189 2079 3232 δὲ
2091 3189 2167 3233 τὰς

1288 3255 1393 3296 δίκας
1410 3254 1706 3296 κατεπόντισαν.
1741 3256 1922 3296 Lambini.
2004 3275 2010 3301 1,

1344 3321 1408 3359 CA
1415 3331 1453 3359 P.
1467 3323 1507 3358 7.
1523 3319 1754 3369 Minusfait
1763 3318 1972 3370 diuturna}
1987 3315 2166 3370 scripti,

1287 3394 1363 3421 non
1379 3381 1591 3431 nimissm‘t
1600 3383 1802 3422 diuturna.

1345 3445 1512 3498 Totaque
1529 3444 1743 3496 respublica
1766 3443 1871 3485 domi
1895 3442 2060 3497 bellique
2083 3446 2167 3487 tra·
