2306 3900
743 300 833 339 1x.
895 299 1218 351 οοΝοΝΕΜ,
1259 299 1393 340 cap,
1429 286 1483 340 3.

190 417 269 459 bus
298 428 421 458 acres
448 428 499 458 ac
522 416 706 470 negotiis
736 427 863 469 pares
883 415 1071 468 Legatos

187 481 356 535 quoties
376 494 455 523 rex
482 481 679 535 apponit,
698 492 782 521 non
810 479 971 532 injuria
988 478 1072 519 sibi

188 544 353 597 optima
364 556 550 598 quaeqne
564 542 620 583 de
638 554 837 584 successu
855 540 1070 594 spondere

188 606 335 648 debet.
381 605 619 649 Laudanda
637 606 764 648 Darii
788 604 1071 656 circumspec-

186 670 264 719 ti0,
294 671 368 724 qni
393 670 616 712 celebrata
643 668 880 710 Alexandri
909 669 1087 727 virtute⁴

185 738 231 774 et
250 733 478 775 celeritate
500 732 546 773 in
563 731 860 785 recuperando
885 731 1069 773 Graeciae

184 796 344 838 ducatu
359 797 562 851 opposuit
571 798 847 838 Memnonem
857 796 1071 838 Rhodium

185 858 442 902 fortitudine
479 866 524 902 et
555 860 619 902 rei
652 860 850 901 militaris
887 859 1073 901 scientia

185 930 467 977 praestantem
480 939 492 966 ε
505 946 516 955 .
536 924 662 966 Diod.
715 923 792 965 lib.
825 934 930 965 vm.
977 922 1072 975 ἥγε-

186 985 308 1037 ndns
341 988 375 1029 δ’
410 987 592 1041 ἀρίστους
634 985 859 1040 προκρίνων,
899 987 947 1027 ,ἐν
987 988 1072 1028 τοῖο

185 1051 337 1103 ὑπῆρχε
362 1050 430 1093 καὶ
463 1050 629 1102 Μέμνων
661 1053 685 1092 ὁ
704 1050 863 1102 Ῥόδιος,
882 1049 1072 1103 διαφέρων

187 1113 341 1168 ἀνδρείᾳ
365 1115 432 1157 καὶ
461 1115 614 1157 συνέσει
642 1117 902 1171 στρατηγικῇ.
955 1115 1071 1157 Vide

183 1179 406 1222 Justinnm
432 1191 564 1222 xxxi.
580 1185 620 1222 7.
641 1193 687 1233 p.
729 1181 743 1204 ‘
760 1180 847 1220 Sed
868 1178 1071 1222 adversus

186 1240 447 1283 Annibalem
465 1244 560 1297 quis
571 1243 721 1284 melior
734 1252 860 1295 quam
872 1240 1072 1283 Africani

183 1303 324 1347 frater
341 1312 564 1348 crearetur
578 1306 609 1347 3'
652 1305 856 1347 Gebhard.

214 1393 217 1401 ·
237 1368 414 1410 Multum
437 1371 574 1410 ducem
596 1368 804 1421 summurn]
839 1368 1070 1411 Mendozae

184 1431 325 1473 codex
344 1436 391 1472 et
409 1431 639 1473 Savaronis
655 1431 895 1484 editio‚Hie
905 1434 1071 1474 multum

183 1495 319 1536 dacem
335 1504 544 1548 smmum,
561 1494 677 1549 quod
696 1506 782 1536 non
799 1495 1070 1548 aspernabile

183 1557 372 1598 videtur.
411 1558 527 1601 Quid
557 1558 671 1599 enim
698 1563 766 1599 est
791 1559 962 1599 militum
987 1560 1071 1600 dax

182 1632 365 1675 umnam,
374 1621 455 1663 nisi
465 1620 582 1663 forte
592 1634 792 1664 anserum
806 1627 882 1663 aut
896 1628 1071 1663 anatum

183 1689 258 1725 aut
289 1685 437 1739 gregis
467 1685 622 1728 ducem
653 1686 917 1728 comminisci
937 1687 1073 1729 velit?

187 1748 317 1791 Geso.

192 1803 197 1807 ⁴
237 1811 470 1864 Agesilaum
496 1813 635 1855 Asiam
670 1813 797 1854 Tauro
823 1817 937 1855 tenus
965 1814 1074 1867 Regi

175 1876 309 1925 fuisse
326 1876 572 1929 ereptarum]
611 1875 830 1917 Videntur
841 1876 936 1918 haec
954 1882 1070 1919 tran-

180 1941 349 1994 scripta
363 1951 389 1981 e
404 1940 603 1981 Diodoro
617 1940 688 1981 lib.
704 1951 782 1982 xv.
810 1940 889 1982 Kal
900 1939 1020 1994 πέρας
1038 1941 1074 1983 εἴ

182 2001 239 2053 μὴ
271 2000 572 2055 μετεπέμψαντο
613 2001 732 2044 αὐτὸν
767 2002 806 2043 ⁰1
831 2003 1073 2056 Ξτσρτιάσαι

184 2066 249 2108 διὰ
270 2066 380 2109 τινὰς
396 2065 601 2108 πολιτικὰς
617 2066 753 2120 χρείας
769 2068 915 2120 σχεδὸν
941 2068 991 2110 ἃν
1008 2069 1074 2112 καὶ

182 2130 258 2180 τὴν
279 2130 380 2180 ὅλην
394 2132 476 2172 τᾶν
501 2133 662 2185 Περσῶν
677 2132 888 2179 βασιλείαν
910 2132 966 2175 eir
980 2134 1074 2177 τοὺς

185 2192 383 2246 ἐσχάτους
392 2193 589 2236 κινδύνους
599 2193 858 2244 κατέστησεν.
869 2196 1072 2250 Agesilao

183 2257 378 2311 inferius,
403 2258 417 2282 ‘
436 2257 524 2302 Qui
553 2271 651 2300 cum
677 2259 837 2300 victori
866 2265 1074 2312 praeesset

184 2321 414 2374 exercitui,
429 2322 745 2377 maximamque
762 2323 945 2366 baberet
962 2323 1073 2366 fidu·

184 2384 296 2426 ciam
307 2385 432 2438 regni
444 2385 676 2427 Persarum
692 2387 920 2439 potiundi!
942 2388 1071 2431 Gaba.

230 2448 351 2491 Car.
360 2451 400 2491 8.
413 2448 707 2502 Tissaphernes]
720 2450 951 2502 Longolius
957 2452 1073 2493 'Tisa-

181 2514 363 2567 phemes.
406 2515 557 2557 Codex
567 2515 762 2556 Danielis
776 2515 1074 2571 (l'h'ysiplsmes,
1126 2543 1129 2546 ,

184 2585 235 2622 ut
251 2581 426 2634 ubique.
470 2580 754 2622 Scribendum
780 2580 1071 2634 Timophanes,

186 2655 286 2686 nam
298 2645 508 2687 inermen
525 2651 592 2686 est
606 2642 891 2697 Τισσαφέρνης.
914 2646 1069 2686 ΚεκοΙι.

242 2708 679 2760 Nequeadmimndsm]
710 2709 948 2750 Venustius
966 2710 1070 2751 scri·

186 2775 267 2823 pta
282 2770 430 2821 lectio,
457 2774 504 2811 et
521 2769 852 2822 Ultrajectinus,
876 2784 1000 2824 neque
1026 2772 1071 2814 id

186 2834 419 2875 mirandum.
458 2834 628 2875 Schott.
652 2834 872 2875 Gebhard.

243 2897 394 2951 Cyrum
411 2897 604 2951 frah-em]
641 2897 778 2938 Dario
810 2910 863 2939 ac
890 2899 1073 2952 Parysa·

187 2960 269 3006 tidi
286 2962 359 3015 (nt
377 2961 439 3002 ait
469 2961 726 3002 Plutarchus
743 2962 786 3002 in
805 2960 1072 3016 Artaxerxe)

186 3023 263 3066 filii
281 3030 464 3080 quatuor
481 3024 658 3066 fuerunt
675 3039 687 3066 ι
718 3027 858 3079 maj0r
871 3033 972 3067 natu
991 3028 1071 3069 Ar-

191 3093 395 3129 taxerxes
412 3088 482 3129 hic
497 3089 552 3129 de
572 3101 655 3143 quo
673 3090 859 3143 loquitur
889 3091 1072 3143 Probus,

191 3152 261 3194 cni
276 3152 511 3203 Mnemoni,
522 3153 603 3192 hoe
617 3158 683 3193 est
695 3153 896 3205 Memorl,
912 3165 1070 3207 cogno·

186 3220 379 3257 mentum
398 3214 510 3256 fuit:
539 3216 758 3268 proximus
782 3222 914 3258 astate
933 3218 1072 3271 Cyrus

185 3279 286 3321 hicz
316 3286 362 3321 et
390 3281 442 3321 iis
458 3279 657 3333 juniores
684 3279 888 3332 Ostanes,
909 3287 956 3322 et
981 3282 1072 3323 Ox-

139 3369 141 3372 ·
189 3345 353 3391 atbnes.
372 3343 640 3384 Artaxerxes
655 3348 700 3383 et
714 3342 855 3394 Cyrus
870 3344 924 3383 de
938 3356 1071 3396 regno

190 3406 305 3448 inter
333 3419 378 3447 se
406 3407 535 3447 armis
565 3406 869 3447 decertarunt:
897 3406 1070 3448 tandem

193 3470 330 3521 Cyrus
353 3470 536 3523 primum
557 3469 610 3510 ab
632 3468 877 3510 Artaxerxe
895 3469 964 3522 (ut
983 3470 1073 3524 qui·

192 3532 291 3575 dam
310 3532 486 3587 volunt).
503 3534 777 3576 vulneratust
807 3539 905 3587 post
921 3546 946 3575 a
965 3534 1071 3576 Per·

1914 287 2022 341 523

1134 415 1227 456 sico
1245 415 1520 457 adolescente
1550 414 1720 458 nomine
1751 415 2028 468 Mithridate,

1133 484 1352 530 postremo
1369 491 1394 519 a
1415 479 1579 520 Cannio
1601 479 1787 534 quodam
1817 480 2023 521 vilissimo

1131 541 1302 583 bomine
1345 543 1579 594 sauciatus,
1614 555 1810 598 venaque
1843 545 2024 598 poplitis

1133 603 1354 657 perfracta
1391 605 1640 656 concidens,
1674 611 1720 646 et
1756 612 1930 659 tempus
1968 606 2024 648 ad

1132 667 1319 720 lapidem
1331 667 1532 721 allidens,
1541 670 1810 711 exanimatus
1820 676 1900 713 est.
1912 670 2028 713 Auc-

1133 736 1205 772 tor
1252 731 1516 774 Plutarchus
1553 732 1599 773 in
1646 731 1912 786 Artaxerxe,
1949 735 2025 788 qui

1131 796 1566 850 hunc,'1'issaphernis
1580 809 1727 850 opera,
1737 797 1898 850 Cyrum
1911 798 2023 840 bello

1130 872 1357 915 superasse
1370 873 1455 903 non
1471 861 1595 914 dicit,
1610 862 1687 903 sed
1704 863 1841 903 solum
1857 863 1912 904 ad
1929 875 2020 905 rem

1132 927 1247 981 quod
1295 927 1471 979 attinet,
1513 927 1675 969 retulit.
1737 926 1864 970 Quod
1925 939 2022 968 cum

1131 989 1399 1031 Artaxerxes
1414 1002 1594 1042 regnum
1614 994 1731 1032 esset
1758 989 1959 1042 adeptus,
1978 995 2025 1030 et

1131 1052 1393 1106 Pasagardis
1411 1065 1438 1093 a
1465 1053 1699 1094 Persarum
1723 1053 2023 1094 sacerdotibus

1131 1115 1189 1157 de
1206 1128 1323 1158 more
1341 1129 1388 1158 se
1408 1128 1542 1169 regno
1562 1116 1696 1157 vellet
1714 1116 1908 1167 initiari;
1933 1116 2024 1157 Tis-

1132 1180 1365 1233 saphernes
1401 1180 1579 1232 Cyrum,
1616 1179 1689 1233 qui
1723 1178 1901 1221 fratrem
1939 1179 2025 1220 sibi

1132 1245 1364 1297 praelatum
1392 1255 1550 1285 necare
1582 1243 1749 1285 insidiis
1780 1244 2026 1295 nitebatur,

1132 1307 1307 1358 detulit,
1330 1305 1500 1360 fuitque
1519 1307 1563 1348 in
1583 1318 1714 1348 causa
1733 1312 1782 1348 ut
1809 1308 1883 1349 ille
1912 1320 2026 1351 com-

1131 1371 1387 1424 prehensus,
1406 1370 1453 1411 in
1476 1382 1696 1412 carcerem
1718 1371 2024 1424 conjiceretur.

1132 1436 1172 1476 E
1189 1447 1273 1489 quo
1293 1439 1446 1488 postea
1463 1434 1676 1487 dimissus,
1694 1434 1842 1487 copias
1863 1435 1915 1476 ad
1936 1435 2025 1476 bel-

1132 1498 1222 1540 lum
1249 1510 1349 1540 cum
1380 1502 1688 1551 comparasset,
1713 1498 1931 1552 variisque
1958 1511 2027 1540 ra·

1131 1557 1323 1605 tionibus
1341 1562 1509 1603 militiae
1538 1562 1762 1603 consilium
1789 1561 2026 1603 dissimula-

1133 1629 1216 1678 ret,
1247 1625 1348 1666 dum
1387 1625 1592 1666 adversus
1627 1623 1919 1667 Artaxerxem
1961 1639 2027 1668 as·

1133 1689 1320 1730 cendere
1350 1693 1494 1742 parat,
1520 1689 1830 1742 Tissaphernes
1858 1691 2025 1744 Regem

1133 1752 1299 1806 adiens,
1319 1765 1411 1794 rem
1430 1765 1616 1807 omnem,
1633 1751 1820 1809 bellique
1843 1767 2027 1808 appara-

1133 1820 1243 1868 tum,
1257 1816 1482 1859 indicavit.

1189 1881 1450 1934 Posteaquam
1468 1880 1600 1933 venit]
1619 1881 1648 1925 J
1651 1881 1818 1923 ustinus·
1828 1892 1895 1923 vt.
1910 1881 1923 1905 ‘
1934 1880 2026 1922 Ita-

1135 1955 1221 1996 que
1256 1943 1407 1984 Conon
1441 1942 1516 1983 diu
1557 1955 1661 1996 rege
1705 1955 1784 1996 per
1820 1944 2025 1996 epistolas

1135 2005 1298 2047 frustra
1324 2004 1528 2058 fatigato,
1546 2004 1602 2046 ad
1631 2011 1896 2059 postremum
1928 2006 2025 2059 ipse

1135 2067 1192 2109 ad
1210 2080 1310 2109 eum
1328 2066 1507 2121 pergit!
1544 2067 1769 2111 Plutarch.
1792 2081 1961 2123 quoque
1979 2070 2026 2110 in

1136 2130 1384 2177 Artaxerxe
1418 2130 1637 2172 Cononem
1656 2137 1843 2173 testatur
1872 2132 1931 2172 ad
1962 2144 2027 2173 re·

1135 2206 1236 2248 gem
1254 2194 1481 2248 epistolam
1507 2193 1690 2247 misisse,
1713 2195 2025 2249 mandasseque

1135 2257 1188 2298 iis
1207 2257 1281 2312 qui
1299 2256 1484 2309 ferrent,
1504 2263 1555 2299 nt
1574 2270 1655 2310 per
1677 2259 1901 2300 Zenonem
1922 2260 2026 2301 Cre-

1138 2325 1303 2362 tensem
1322 2321 1393 2362 vel
1408 2320 1681 2373 Polycritam
1700 2321 1932 2375 medicum,
1950 2326 2028 2363 aut

1135 2383 1173 2424 si
1204 2395 1292 2424 non
1321 2382 1543 2435 adessent,
1567 2394 1648 2435 per
1673 2383 1863 2425 Ctesiam
1890 2384 2027 2427 medi·

1136 2459 1252 2498 cum,
1271 2446 1361 2499 regi
1378 2459 1473 2488 eam
1492 2446 1739 2488 redderent.
1783 2448 1965 2499 Magius.

1188 2511 1258 2552 Aa
1288 2510 1573 2564 chiliarchum]
1628 2511 1778 2554 Codex
1797 2513 1851 2554 P.
1869 2513 2027 2553 Danie-

1135 2575 1205 2628 lis,
1235 2577 1288 2616 ad
1321 2575 1610 2617 Gheliarchum.
1668 2577 1786 2628 Lege
1813 2576 2026 2628 χίλαρχον.

1135 2640 1188 2682 Ρ.
1205 2639 1370 2679 Daniel.
1399 2637 1487 2680 Qui
1503 2637 1586 2679 fuit
1606 2638 1805 2679 tribunus
1824 2640 2044 2698 militum..

1135 2703 1264 2754 lang.
1324 2700 1541 2754 Χιλίαρχος
1581 2715 1608 2742 a
1643 2702 1812 2744 Graecis
1852 2704 2026 2756 dicitur,

1136 2769 1211 2821 qui
1247 2768 1363 2808 mille
1398 2768 1501 2807 viris
1553 2766 1786 2819 praefectus
1820 2773 1903 2810 est.
1970 2769 2025 2809 D.

1135 2831 1392 2883 Hieronym.
1417 2829 1558 2871 Exod.
1577 2842 1620 2871 c.
1641 2834 1709 2871 18.
1736 2843 1816 2884 pro
1844 2831 2024 2873 Chiliar-

1136 2895 1233 2946 cho,
1249 2894 1482 2935 Tribunum
1497 2892 1620 2934 dixit.
1656 2892 1727 2935 Ad
1743 2894 1852 2936 banc
1873 2907 2026 2937 vocem

1138 2960 1250 3015 quod
1282 2959 1457 3011 attinet,
1486 2959 1542 3000 Q.
1564 2958 1686 3000 Curt.
1704 2957 1777 2999 lib.
1796 2970 1839 3001 v.
1876 2959 1938 3000 sic
1964 2960 2027 3000 in·

1136 3025 1254 3077 quit:
1285 3024 1298 3047 ‘
1323 3024 1492 3065 Novem
1511 3021 1584 3076 qui
1604 3020 1824 3063 fortissimi
1838 3021 2026 3074 judicati

1136 3091 1297 3138 essent,
1315 3087 1493 3139 singulis
1512 3085 1692 3126 militum
1712 3085 1899 3125 millibus
1914 3097 2025 3136 prae-

1135 3150 1272 3191 futuri
1311 3154 1449 3201 erant,
1478 3148 1744 3190 Chiliarcbos
1783 3147 2024 3189 vocabant.'

1136 3214 1356 3266 Josephus
1386 3213 1460 3254 lib.
1479 3222 1550 3253 ιιι.
1586 3212 1640 3251 de
1673 3211 1788 3251 bello
1808 3210 2023 3253 Judaicoz

1136 3282 1150 3303 ⁴
1171 3276 1363 3325 Milites,’
1396 3276 1552 3327 inquit,
1597 3275 1610 3298 ‘
1631 3274 1687 3315 ad
1720 3274 2023 3328 Centuriones,

1136 3340 1199 3380 illi
1220 3340 1274 3380 ad
1295 3338 1563 3379 Chiliarclios
1584 3337 1874 3380 conveniunt:
1903 3340 2023 3390 Mag.

1137 3403 1357 3444 Caeternm
1372 3402 1457 3441 iste
1471 3401 1735 3442 chiliarchus
1750 3401 1834 3441 alio
1853 3403 2024 3442 nomine

1138 3468 1194 3508 ob
1214 3465 1398 3507 officium
1413 3472 1591 3506 vocatur
1603 3463 1876 3516 εἴσαγγελεῦς.
1923 3467 2023 3506 Dio-

1137 3530 1267 3571 dorus
1299 3528 1373 3571 lib.
1413 3539 1506 3570 xvi.
1560 3526 1836 3581 Ἀριστοξένης
1867 3526 1915 3576 ἦν
1946 3527 2023 3568 εἰσ-
