2306 3900
285 194 393 254 552

289 326 447 367 oribus.
504 328 562 368 Et
589 328 815 367 contuimur.
839 327 953 379 apud
993 329 1169 369 Lucret.

287 390 361 430 lib.
394 403 456 431 ιν.
495 396 540 430 et
573 391 788 431 Plautum.
855 390 942 431 Adi
977 393 1167 433 Festum.

288 454 503 505 Turpilius
556 454 694 494 Pedio
721 467 732 494 :
796 455 808 476 ‘
841 459 984 495 tamen
1041 446 1173 496 oeulis

290 519 439 570 Longa
451 519 772 571 intercapedine
788 526 1002 572 appetunt
1015 520 1173 573 cupide

288 581 431 623 intui.'
449 583 650 623 Keuchen.
679 583 806 626 Quod
826 584 879 623 ad
900 584 1172 632 sententiam,

288 643 332 682 in
353 644 537 685 Pausan.
593 645 605 668 ‘
626 645 896 697 Epulabatur
931 659 1048 687 more
1071 648 1175 687 Per-

291 709 731 762 sarum,luxuri0sius,
747 723 870 763 quam
887 711 961 764 qui
981 711 1174 761 aderant,

290 772 463 824 perpeti
491 778 665 824 possent
679 772 705 813 ι’
749 773 834 815 vid.
861 775 1011 815 Valer.
1043 786 1094 815 ιι.
1133 779 1173 816 5.

292 840 383 875 ext.
402 840 444 876 5.
487 836 579 877 Cic.
612 837 668 876 ad
702 838 865 889 Nepot.
893 839 906 861 ‘
928 838 1002 891 qui
1029 838 1177 890 habet,

292 898 408 939 ultro
427 899 679 951 appetitur:
713 900 785 954 qui
814 905 882 942 est
911 913 1092 954 pauper,
1112 914 1176 942 as·

293 961 532 1014 pernatur!
563 962 727 1004 Savaro.
1135 968 1138 971 ’

346 1025 571 1066 Plurimum
585 1026 740 1077 aberat]
772 1026 952 1067 Causam
972 1028 1176 1069 continuo

293 1087 515 1140 subjungit
560 1089 709 1141 Nepos
752 1089 871 1142 ipse:
919 1097 966 1132 at
999 1093 1102 1132 mihi
1133 1094 1179 1133 in

294 1159 485 1195 mentem
504 1154 621 1195 venit
647 1167 814 1207 quoque
846 1156 946 1208 alia,
979 1157 1179 1198 nimirum

294 1230 472 1270 magnos
486 1218 613 1270 viros,
630 1219 763 1260 vitato
781 1221 1049 1262 assiduitatis
1062 1220 1182 1263 fasti-

296 1282 385 1334 dio,
419 1282 721 1323 auctoritatem
760 1289 805 1324 et
843 1284 1102 1326 desiderium
1137 1287 1181 1326 in

294 1344 445 1386 animis
477 1345 632 1386 civium
677 1347 925 1399 quaesivisse
969 1348 1179 1389 absentia.

296 1408 391 1450 Liv.
410 1408 484 1448 lib.
506 1419 649 1450 xxxv.
669 1413 735 1450 10.
765 1411 777 1434 ‘
799 1411 1054 1454 Accedebat
1068 1413 1182 1465 quod

297 1472 407 1515 alter
426 1471 636 1512 decimum
651 1473 744 1525 jam
773 1486 911 1527 prope
944 1488 1101 1517 annum
1122 1489 1184 1517 as-

299 1535 446 1575 siduus
482 1535 526 1574 in
564 1536 703 1576 oculis
740 1537 956 1579 hominum
1006 1538 1179 1581 fuerat:

298 1610 393 1650 quae
412 1610 480 1638 res
500 1598 638 1639 minus
669 1600 882 1642 verendos
913 1615 1092 1655 magnos
1110 1604 1184 1645 ho-

297 1660 432 1700 mines
451 1660 549 1712 ipsa
567 1661 766 1703 satietate
786 1661 923 1705 facit)
955 1665 1084 1707 Gebh.

319 1731 322 1735 '
354 1725 549 1775 Fecerunt
567 1725 692 1779 idem]
729 1726 838 1767 Haec
867 1727 952 1769 duo
972 1729 1106 1770 verba
1124 1729 1186 1769 in-

299 1788 471 1828 culcata
489 1801 584 1843 esse
603 1790 696 1841 quis
723 1802 808 1830 non
827 1792 1005 1833 videat?
1025 1798 1070 1834 et
1088 1805 1186 1834 nos-

302 1851 382 1903 tris
399 1852 581 1893 aberant
598 1853 870 1895 membranis.
899 1855 1051 1897 Schott.

353 1915 568 1967 Afuturos]
611 1916 684 1957 Sic
703 1917 950 1970 legendum,
976 1931 1059 1959 non
1077 1918 1188 1969 absu-

301 1983 424 2031 turos,
443 1985 492 2020 ut
511 1985 578 2021 est
597 1980 640 2020 in
673 1982 887 2022 nonnullis
918 1982 1070 2033 libris;
1114 1996 1188 2024 ne-

303 2047 387 2098 que
406 2043 618 2096 affuturos,
637 2048 686 2085 ut
704 2050 770 2086 est
802 2045 845 2086 in
863 2045 1043 2087 Venetis
1059 2060 1071 2097 ;
1115 2059 1189 2088 ne-

303 2119 387 2160 que
408 2108 656 2160 futuros,ut
676 2108 719 2148 in
753 2109 1038 2152 Germanicis.
1080 2112 1190 2152 Κεκι-

304 2171 415 2211 chen.
637 2174 640 2178 ”
1170 2215 1171 2219 ,

362 2236 495 2274 Conon
509 2235 723 2287 plurimum
753 2235 878 2288 Cypri
911 2235 1034 2287 vixit]
1079 2237 1189 2279 Haec

305 2308 365 2338 ex
399 2298 675 2350 Theopompo
712 2298 985 2350 transcripsit
1027 2300 1190 2352 Nepos.

306 2359 468 2400 Athen.
502 2360 577 2402 lib.
598 2372 684 2401 x11.
703 2373 758 2401 ex
776 2361 853 2402 lib.
873 2372 979 2402 xm.
1001 2362 1188 2416 Philipp.

305 2424 466 2476 Theop.
485 2436 612 2476 quem
631 2424 757 2474 vide;
796 2429 843 2465 et
873 2425 1092 2467 Justinum
1111 2427 1188 2467 lib.

310 2498 351 2527 v.
373 2491 420 2526 et
437 2498 499 2527 v1.
530 2486 696 2528 Sauara.

362 2548 415 2589 In
432 2549 586 2602 Sigaeo]
616 2550 854 2592 Ptolemaeo
871 2553 1040 2604 Σιγεΐον,
1068 2553 1189 2594 Cala-

306 2612 387 2653 bro
405 2613 554 2663 Σίγιας.
594 2614 688 2655 Idae
708 2615 1046 2666 promontorium
1067 2620 1193 2657 vocat

307 2675 566 2717 Aristoteles
590 2675 776 2718 Animal.
792 2676 868 2718 lib.
888 2689 932 2718 v.
962 2678 1129 2719 AEliano
1149 2683 1193 2719 et

307 2738 550 2791 Pomponio
569 2738 775 2792 oppidum
790 2751 961 2793 quoque
980 2746 1061 2781 est.
1092 2741 1193 2782 Duo

309 2807 454 2855 tamen
491 2802 662 2843 diversa
697 2807 798 2843 sunt
835 2803 952 2856 apud
992 2803 1194 2855 Strabon.

309 2878 415 2907 xm.
446 2867 522 2907 sed
553 2866 636 2907 sibi
665 2867 1004 2918 invicemyicina
1023 2868 1197 2921 oppida,

311 2935 361 2970 ut
381 2934 428 2970 et
449 2930 563 2981 apud
584 2929 787 2969 Plinium.
821 2930 1004 2971 ortelius.

364 2993 588 3034 Dissimilis
601 2992 754 3044 quidem
771 2992 942 3044 Chares]
962 2993 1072 3033 Vide
1087 2995 1197 3049 Dio-⁴

310 3056 403 3109 dor.
425 3061 471 3097 et
490 3055 715 3096 Plutarch.
744 3056 885 3107 ἆποφθ.
911 3059 1045 3101 βασιλ.
1090 3057 1199 3096 Nos-

311 3126 380 3161 ter
398 3120 497 3161 infr.
528 3131 606 3160 xv.
624 3123 663 3161 3.
693 3120 951 3172 Xenophon,
980 3120 1197 3161 Ἕλλ.νιι.

367 3183 477 3224 ΟΑΡ.
494 3186 539 3223 4.
573 3182 764 3223 Chabrias
793 3186 923 3228 autem
951 3184 1072 3233 periit
1102 3183 1197 3224 bello

313 3247 464 3298 sociali]
512 3247 580 3286 De
616 3246 730 3286 bello
765 3246 915 3286 sociali
947 3247 1043 3299 lege
1075 3259 1198 3300 argu-

313 3314 508 3363 mentum
528 3309 750 3349 Orationis
767 3309 819 3348 de
836 3321 960 3362 pace,
978 3310 1090 3362 apud
1108 3310 1199 3366 Isof

313 3368 477 3413 cratem
498 3385 512 3422 3
539 3378 583 3412 et
603 3373 782 3413 Diodor.
801 3373 877 3414 lib.
895 3385 994 3414 xvr.
1023 3374 1198 3428 Incepit

315 3439 414 3491 p-ost
446 3428 714 3476 communem
748 3434 1037 3488 defectionem
1074 3433 1196 3481 Chioss

672 210 848 248 No'rAE
896 210 1228 257 VARIORUM
1271 212 1336 251 IN
1379 214 1429 251 C.
1470 214 1735 254 NEPOTIS

1233 341 1342 380 rum,
1392 331 1668 383 Rhodiorum,
1703 333 1919 384 Coiorum,
1953 339 1999 376 et
2034 335 2121 388 By·-

1235 393 1501 435 zantinorum
1537 396 1591 435 ab
1624 395 1970 438 Atheniensibus.
2025 400 2116 439 Du·

1235 456 1349 496 ravit
1372 469 1504 498 annos
1534 470 1608 499 111.
1642 459 1820 500 Diodor.
1868 458 1944 501 *ος
1975 459 2119 511 ἔμεινεν

1236 517 1306 567 ἔτη
1320 518 1420 572 τρία.
1475 521 1542 561 De
1562 528 1699 562 morte
1719 522 1916 564 Chabriae
1934 524 1996 564 ita
2015 524 2121 565 Plu-

1236 583 1409 624 tarchus
1423 583 1466 624 in
1483 585 1728 627 Phocione:
1760 587 1772 609 ‘
1790 587 1992 628 Chabrias
2006 588 2120 630 enim

1237 647 1290 687 ad
1326 647 1512 688 ineunda
1550 650 1741 702 pericula
1781 658 1933 703 suapte
1965 658 2121 692 natura

1240 704 1417 763 tardior,
1454 720 1736 767 posteaquam
1775 713 1976 767 eoepiss‘et
2021 727 2120 756 cum

1239 774 1362 815 hoste
1388 787 1628 825 conserere,
1647 778 1712 822 ira
1735 778 1865 818 nimia
1883 778 2121 819 concitatus

1239 831 1520 878 vehementer
1533 839 1701 879 solebat
1725 841 1920 892 accendi,
1938 841 2121 893 impera-

1241 900 1341 940 torii
1356 899 1485 940 officii
1504 898 1637 942 facile
1651 902 1861 955 oblivisci,
1879 915 1972 946 sese
1988 909 2121 945 teme*

1239 975 1287 1004 re
1307 963 1508 1016 periculis
1542 964 1781 1016 objectare.
1839 967 1972 1018 Cujus
1992 967 2122 1008 auda-

1240 1028 1322 1080 cia,
1358 1041 1442 1081 quo
1475 1028 1649 1070 tandem
1695 1043 1774 1081 par
1819 1027 1930 1082 erat,
1969 1031 2123 1073 evasit.

1241 1092 1356 1132 Nam
1374 1092 1417 1132 in
1439 1104 1583 1145 pugna
1600 1092 1742 1136 navali
1762 1092 1966 1134 adversus
1984 1094 2126 1146 Chios,

1242 1154 1404 1206 primus
1422 1156 1609 1196 omnium
1644 1156 1689 1195 in
1720 1155 1874 1197 hostile
1907 1156 2030 1197 littus
2062 1157 2125 1197 in·

1242 1222 1410 1267 vectus,
1439 1230 1537 1259 cum
1569 1230 1650 1271 pro
1683 1217 1935 1270 explicando
1961 1219 2004 1259 in
2037 1225 2125 1261 ter-

1244 1293 1335 1321 ram
1355 1281 1509 1332 milite,
1525 1281 1567 1321 in
1597 1287 1871 1322 occurrentes
1888 1282 2034 1323 hostes
2053 1294 2126 1323 au-

1243 1344 1394 1384 dacius
1440 1344 1695 1397 proruisset,
1737 1357 1931 1398 pugnans
1962 1344 2129 1402 censos-f

1244 1419 1314 1448 sus
1335 1407 1431 1448 est.’
1461 1409 1576 1460 Mag.
1596 1409 1767 1459 LongoL

1297 1471 1507 1523 Privatus]
1536 1471 1679 1512 Aliter
1711 1470 1933 1512 Diodorus
1967 1481 2066 1512 xvt.
2087 1475 2129 1513 7.

1245 1534 1319 1588 qui
1338 1535 1461 1575 classi
1491 1537 1591 1575 eum
1626 1533 1866 1587 praefuisse,
1897 1534 2128 1576 Charetem

1243 1611 1348 1640 vero
1386 1603 1639 1640 terrestrem
1687 1599 1929 1653 exercitum
1966 1600 2129 1641 rexisse

1246 1662 1401 1703 tradit.
1587 1665 1589 1667 ’

1301 1726 1478 1778 Eumque
1494 1726 1624 1777 magis
1639 1726 1815 1778 milites]
1843 1727 1912 1768 De
1940 1727 2130 1770 Miltiad.

1248 1788 1262 1811 ‘
1283 1793 1380 1829 erat
1399 1789 1513 1829 enim
1533 1790 1746 1842 dignitate
1779 1791 1916 1844 regia,
1940 1792 2133 1844 quamvis

1250 1851 1427 1891 carebat
1439 1850 1640 1892 nomine.’
1660 1851 1832 1892 1bid.in
1847 1851 1949 1895 fine.
1968 1852 2133 1895 Sauara.

1303 1914 1578 1967 Aspiciebant]
1625 1916 1966 1968 Reverebantur,
2002 1917 2135 1959 hono·

1251 1978 1415 2019 rabant.
1430 1979 1578 2021 Tacit.
1595 1978 1608 2001 ‘
1626 1977 1867 2031 aspectare'
1883 1979 2006 2021 dixit.
2020 1979 2134 2021 Ann.

1250 2053 1284 2083 1.
1301 2045 1343 2082 4.
1386 2042 1399 2065 ‘
1421 2042 1584 2083 Omnes
1604 2046 1734 2100 exuta
1751 2042 1996 2094 aequalitate
2008 2043 2134 2096 jussa

1251 2105 1460 2157 principis
1479 2097 1733 2157 aspectare!
1760 2105 1832 2146 Sic
1851 2105 1999 2146 intueri
2017 2107 2134 2160 apud

1252 2168 1421 2210 Livium
1439 2161 1628 2209 xxiva.
1650 2171 1719 2210 54.

1307 2231 1416 2271 Dum
1440 2231 1594 2284 primus
1619 2232 1767 2285 studet]
1811 2231 1986 2286 Σπεύδει,
2019 2232 2138 2276 festi-

1253 2299 1344 2336 nat.
1397 2296 1613 2337 Datame:
1657 2296 1670 2318 ‘
1691 2297 1789 2337 Hac
1810 2297 1981 2339 delatus
1998 2299 2042 2339 in
2065 2299 2136 2340 Ci-

1252 2357 1410 2409 liciam,
1428 2370 1622 2411 egressus
1640 2358 1757 2411 inde,
1786 2360 1879 2400 dies
1898 2366 2138 2415 noctesque

1253 2420 1338 2461 iter
1365 2419 1526 2461 faciens
1558 2421 1740 2461 Taurum
1772 2422 1958 2473 transiit,
1984 2435 2139 2477 eoque,

1254 2495 1338 2536 quo
1352 2483 1750 2535 studuerat,·venit.’
1761 2485 1993 2538 Pelopida:
2013 2487 2027 2509 ‘
2038 2486 2141 2540 Qui,

1255 2560 1351 2588 cum
1384 2552 1580 2600 tempore
1615 2548 1724 2600 ipso,
1755 2560 1839 2601 qno
1868 2548 2139 2603 studuerant,

1254 2610 1580 2663 pervenissent!
1636 2611 1752 2651 Hinc
1770 2613 1958 2665 studium,
1977 2605 2141 2666 σέωδὴ,

1255 2673 1489 2715 festinatio.
1546 2666 1692 2722 Caesar
1705 2674 1947 2716 Comment.
1966 2675 2040 2717 lib.
2055 2688 2140 2718 vu.

1252 2740 1324 2778 41.
1340 2735 1371 2778 f.
1385 2738 1397 2760 ‘
1412 2737 1585 2778 Summo
1605 2736 1749 2778 studio
1761 2739 1943 2780 militum
1961 2745 2062 2781 ante
2075 2733 2143 2782 or-

1258 2805 1349 2840 tum
1368 2801 1467 2841 solis
1481 2800 1525 2840 in
1541 2805 1687 2841 castra
1702 2802 1931 2854 pervenit.’
1951 2796 2049 2845 Lib.
2062 2815 2138 2845 ιιι.

1258 2869 1325 2907 24.
1339 2865 1464 2907 Civil.
1486 2866 1499 2889 ‘
1512 2867 1583 2907 Illi
1597 2867 1737 2907 studio
1750 2867 1919 2908 incitati
1929 2869 2142 2910 incautius

1260 2929 1578 2983 sequebantur!
1646 2930 1742 2970 Val.
1773 2930 1848 2970 lib.
1886 2942 1958 2973 111.
1995 2935 2035 2973 2.
2071 2934 2140 2972 23.

1261 2991 1273 3015 ‘
1296 2992 1375 3032 Cn.
1395 2991 1593 3044 Pompeii
1623 2990 1858 3043 praefectus
1882 2992 2006 3044 jussu
2034 2994 2144 3048 ejus,

1260 3066 1424 3094 summo
1458 3053 1600 3094 studio
1631 3059 1676 3094 et
1695 3066 1847 3106 magno
1866 3056 2047 3097 militum
2066 3069 2142 3098 nu-

1260 3129 1394 3166 mero,
1414 3115 1468 3155 ad
1505 3115 1549 3155 id
1582 3116 1838 3168 capiendum
1868 3119 2142 3162 mitteretur.’

1317 3181 1415 3219 Cum
1433 3180 1537 3218 enim
1554 3191 1597 3219 eo
1613 3179 1872 3231 penetrasset]
1900 3180 1965 3220 Eo
1983 3181 2142 3233 signifi-

1259 3246 1363 3282 catu
1380 3240 1600 3293 multoties
1629 3242 1762 3281 verbo
1786 3246 1990 3293 penetrare
2005 3243 2144 3285 utitur

1260 3306 1380 3346 Curt.
1404 3316 1481 3356 pro
1503 3304 1672 3356 penitus
1690 3309 1765 3344 aut
1779 3304 1960 3345 interius
1978 3305 2142 3348 subire.

1259 3369 1355 3409 Lib.
1390 3379 1450 3409 ιν.
1488 3371 1555 3408 12.
1601 3366 1614 3389 ‘
1633 3367 1715 3407 Ille
1749 3367 1953 3407 utendum
1989 3368 2142 3411 animis

1259 3433 1362 3486 dum
1394 3424 1470 3486 spe
1495 3432 1688 3475 calerent
1716 3436 1850 3486 ratus,
1885 3432 1939 3477 ad
1975 3434 2142 3477 Pelusii
