2306 3900
332 244 440 296 646

332 376 652 429 Syracusarum,
671 378 718 416 et
731 374 985 416 Hannibalis
1001 379 1103 416 ante
1125 375 1212 416 No·

330 438 430 478 lana
450 438 602 477 moenia
620 448 646 476 a
663 449 710 477 se
727 436 912 489 primum
923 436 1073 490 fugere
1087 449 1212 479 coac·

330 502 381 553 ti,
417 501 552 553 gloria
582 499 887 553 inflammatus,
918 514 1015 542 cum
1047 513 1210 542 summo

329 564 472 604 studio
500 564 728 617 niteretur,
755 571 803 606 ut
832 565 1064 606 Poenorum
1087 577 1210 606 exer·

328 627 461 666 citum
482 626 618 666 ant‘in
636 627 768 668 Italia
795 633 1109 681 prosterneret,
1133 634 1210 669 aut

328 688 460 729 Italia
479 690 679 741 pelleret,
697 691 861 731 solenni
877 691 1059 744 primum
1079 691 1209 733 sacri·

326 751 425 792 ficio
455 753 696 794 voluntates
723 753 915 795 Deorum
939 754 1207 807 explorabat.

326 814 425 856 val.
441 816 562 859 Max.
579 817 655 857 lib.
675 828 706 858 1.
725 820 767 858 6.
805 817 958 859 ΚειιοΙι.

384 881 484 926 Quae
518 882 653 923 divina
692 895 756 923 res
790 885 882 924 dum
912 882 1207 937 conficiebatur]

327 945 497 985 Nonius
517 954 612 997 cap.
626 948 667 987 4.
680 946 698 969 ⁴
714 946 876 987 Facere
893 958 984 986 rem
1003 946 1208 998 divinam,

324 1008 599 1060 religionibus
617 1008 849 1051 exhibere.’
876 1009 987 1050 Vide
1005 1010 1144 1051 Notas
1162 1011 1207 1050 in

324 1071 490 1112 Sidonii
508 1073 645 1124 Epist.
663 1072 740 1114 lib.
755 1083 799 1114 V.
819 1076 884 1114 17.
905 1074 1049 1115 Savar.
1065 1073 1079 1096 ‘
1096 1072 1207 1114 Rem

326 1134 512 1174 divinam
540 1135 707 1176 facere’
737 1136 880 1177 Latini
900 1137 1043 1177 solent
1061 1135 1207 1177 dicere

325 1196 379 1237 de
414 1197 495 1249 bia-1,
533 1199 605 1252 qui
644 1198 892 1241 sacrificant
927 1205 975 1240 et
1008 1199 1208 1240 victimas

324 1266 531 1301 mactant.
578 1262 748 1303 Salmas.

380 1325 446 1366 Ne
461 1325 658 1367 dubitaret
675 1327 834 1379 ducere]
881 1327 951 1368 Ne
982 1332 1207 1368 cunctare-

325 1393 422 1429 tur:
454 1390 539 1439 vel,
565 1401 620 1429 ne
648 1395 871 1430 vereretur
901 1390 1090 1432 ducere:
1119 1402 1206 1431 om-

323 1462 419 1491 nem
432 1451 616 1492 ducendi
635 1463 793 1494 moram
806 1453 1079 1506 praecideret.
1102 1455 1206 1494 Tale

322 1513 417 1555 sere
453 1520 521 1555 est
558 1515 663 1555 illud
698 1516 741 1557 in
770 1515 1000 1568 Agesilao:
1039 1517 1205 1570 ‘quare

324 1579 473 1620 venire
505 1591 560 1619 ne
597 1579 840 1621 dubitaret:
922 1581 1010 1622 Ubi
1060 1587 1203 1622 tamen

323 1643 451 1695 vulgo
469 1643 643 1695 legitur,
660 1655 737 1684 non
753 1644 964 1685 dubitaret.
1011 1644 1204 1686 Lambin.

375 1705 632 1757 Instituerat]
657 1706 788 1746 Forte
809 1707 975 1759 melius,
990 1707 1206 1758 institerat,

322 1769 366 1810 id
383 1775 463 1821 est,
478 1774 670 1823 ceperat.
726 1770 798 1811 Sic
823 1776 870 1811 et
888 1771 932 1811 in
949 1768 1204 1812 Alcibiade:

321 1833 334 1856 ‘
359 1833 516 1886 Itaque
564 1838 732 1886 tempus
779 1834 873 1886 ejus
917 1833 1205 1875 interficiendi

323 1904 519 1950 quaerere
547 1894 855 1938 instituerunt?
909 1897 1074 1946 Malim,
1091 1897 1207 1938 insti-

322 1964 469 2001 terunt.
538 1959 650 2000 Vide
695 1960 940 2002 Manutium
977 1962 1022 2003 in
1062 1960 1203 2014 EpIst.

322 2022 414 2064 Cic.
435 2022 490 2063 ad
509 2023 775 2066 Familiares·

378 2087 568 2139 Eamque,
598 2087 753 2127 coeteris
782 2089 956 2140 remotis,
992 2088 1204 2141 tenentem]

321 2149 394 2190 Sic
423 2149 648 2201 Polybius.
703 2151 851 2192 Valer.
881 2152 1097 2192 Maximus
1131 2151 1204 2194 lib.

322 2223 389 2253 rx.
409 2216 474 2254 14.
496 2213 539 2253 in
559 2212 751 2254 externis
764 2215 973 2267 exemplis
991 2218 1032 2256 3.
1057 2216 1070 2239 ‘
1086 2215 1204 2256 Han·

320 2275 435 2316 nibal
454 2281 621 2317 mature
636 2276 744 2316 adeo
759 2277 894 2329 patris
907 2278 1092 2330 vestigia
1108 2279 1205 2320 sub·

322 2347 496 2382 secutus
514 2347 598 2393 est,
625 2347 675 2382 ut
700 2354 752 2383 eo
777 2343 1015 2384 exercitum
1041 2343 1081 2383 iu
1102 2344 1205 2384 His-

321 2404 493 2457 paniam
529 2405 780 2458 trajectum,
806 2411 854 2446 et
880 2406 935 2446 ob
971 2406 1013 2446 id
1045 2406 1204 2447 sacrifi-

321 2472 466 2519 cante,
485 2479 639 2508 novem
655 2480 862 2510 annorum
887 2474 1030 2521 natus,
1048 2470 1204 2510 altaria

321 2532 472 2570 tenens
497 2530 685 2582 juraret,
703 2541 765 2582 se,
784 2542 879 2572 cum
913 2531 1092 2584 primum
1123 2543 1204 2584 per

321 2597 496 2633 aetatem
513 2593 739 2645 potuisset,
757 2592 1010 2639 acerrimum
1035 2593 1201 2636 hostem

319 2669 423 2710 pop.
454 2656 506 2696 R.
532 2655 740 2707 futurum,
775 2660 826 2697 ut
854 2657 1203 2710 pertinacissimis

319 2719 520 2773 precibus
550 2717 749 2760 instantis
781 2718 886 2761 belli
909 2721 1202 2762 commilitium

319 2781 617 2835 exprimeret!
645 2782 814 2823 Sauara.
858 2782 963 2835 Ipse
981 2783 1202 2825 Hannibal

319 2845 436 2898 apud
460 2845 642 2895 Livium,
662 2856 807 2887 xxxv.
840 2845 854 2869 ‘
874 2845 1013 2886 Pater
1039 2845 1202 2887 Hamil·

318 2919 407 2959 car,
423 2907 652 2958 Antioche,
669 2919 847 2960 parvum
862 2907 1090 2949 admodum
1118 2920 1203 2960 me,

320 2983 418 3012 cum
437 2970 719 3023 sacrificaret,
738 2969 949 3011 altaribus
967 2971 1202 3023 admotum,

311 3033 594 3087 jurejurando
612 3033 774 3086 adegit,
786 3045 1001 3086 nunquam
1017 3034 1200 3075 amicum

318 3095 412 3142 fore
431 3109 532 3149 pop.
555 3093 765 3137 Romani.'
807 3095 1025 3137 Caeterum
1050 3096 1202 3148 Juran·

320 3163 386 3199 tes
419 3172 538 3200 aram
569 3159 793 3201 tenebant.
848 3159 1001 3201 Cicero
1035 3171 1114 3214 pro
1146 3162 1197 3203 L.

321 3222 499 3265 Flacco:
528 3224 541 3247 ‘
557 3225 671 3276 Ergo
699 3223 749 3276 is,
770 3222 843 3277 qui
862 3223 896 3263 si
915 3234 1030 3264 aram
1050 3228 1201 3266 tenens

311 3285 499 3338 juraret,
525 3287 727 3327 crederet
753 3298 898 3338 nemo,
925 3298 1006 3340 per
1043 3287 1203 3340 episto-

316 3347 420 3399 lam,
438 3350 550 3400 quod
570 3350 700 3402 volet,
721 3350 932 3403 inJuratus
952 3350 1154 3403 probabit
1168 3351 1199 3393 i’

318 3411 420 3453 Alia
433 3412 629 3463 exempla
647 3413 802 3464 passim
822 3418 1058 3467 suppetunt
1073 3415 1201 3456 Plau·

318 3468 403 3528 tus,
419 3475 573 3527 Varro,
593 3475 817 3528 Virgilius,
842 3476 1069 3529 Apuleius,
1095 3490 1199 3532 quo-

711 257 890 296 NO'I'AE
927 253 1262 296 vAmoRUM
1308 257 1371 296 IN
1416 259 1469 298 C.
1509 258 1774 297 NEPOTIS

1274 387 1366 417 rum
1385 377 1479 418 loca
1499 376 1542 417 in
1562 375 1832 417 Adversariis
1858 376 1943 416 suis
1970 375 2154 419 iilustra-

1272 439 1338 480 vit
1370 439 1640 480 doctissimus
1681 438 1908 480 Turnebus
1943 438 2016 480 lib.
2053 451 2152 481 xvr.

1274 503 1338 544 10.
1357 507 1403 543 et
1421 501 1496 543 lib.
1515 513 1616 544 xrx.
1637 505 1703 543 19.
1733 502 1836 542 item
1865 501 1942 542 lib.
1963 512 2092 543 xxvr.
2111 506 2153 544 2.

1270 565 1384 606 Talis
1417 565 1503 607 fuit
1531 566 1709 607 Latinus
1743 566 1858 619 apud
1886 566 2038 618 Virgil.
2058 566 2153 608 AEn.

1271 638 1357 670 xu.
1388 629 1653 670 Ptolemaeus
1688 630 1803 682 apud
1833 628 1994 672 Justin.
2023 640 2154 672 xxlv.

1270 692 1440 746 Psyche
1467 692 1583 746 apud
1616 692 1848 746 Apuleium
1882 705 1945 735 vt.
2005 692 2153 747 Atque

1268 756 1339 798 hic
1358 757 1606 798 Graecorum
1627 770 1733 807 mos,
1744 757 1818 810 qui
1828 756 2007 810 jurandi
2023 769 2154 798 causa.

1270 821 1324 862 ad
1345 834 1441 862 aras
1460 821 1738 863 accedebant.
1779 822 1934 864 Cicero
1954 835 2033 876 pro
2051 823 2153 864 Bal·

1269 885 1339 927 bo.
1370 886 1520 928 Qualis
1535 886 1834 926 moriturorum
1848 887 1970 928 ritus.
1997 887 2153 929 Senec.

1269 950 1402 992 Herc.
1425 950 1526 991 Fur.
1544 960 1598 992 11.
1613 953 1655 991 8.
1702 950 1866 991 Plinius
1897 961 2047 995 xxxv.
2092 953 2152 993 Et

1269 1015 1514 1068 Poenorum,
1532 1015 1740 1068 qui‘aram
1759 1022 1806 1056 et
1833 1026 1956 1056 sacra
1972 1020 2152 1068 tangen-

1269 1085 1351 1130 tes,
1370 1079 1440 1120 vel
1471 1090 1625 1131 agnum
1648 1079 1775 1127 laeva,
1802 1078 1959 1120 dextra
1987 1078 2152 1120 silicem

1270 1146 1479 1194 tenentes,
1512 1142 1643 1192 Deos,
1670 1141 1948 1195 hominesque
1981 1148 2153 1183 contes-

1269 1211 1429 1258 tantur,
1445 1211 1494 1246 ut
1523 1205 1559 1246 si
1588 1205 1681 1246 illos
1713 1206 1902 1246 scientes
1931 1203 2150 1258 fallerent,

1269 1264 1332 1310 i'ta
1348 1281 1394 1310 se
1412 1269 1588 1321 Jupiter
1605 1267 1773 1321 feriret,
1791 1268 2149 1322 quemadmodum

1268 1331 1351 1384 ipsi
1388 1343 1541 1384 agnum
1576 1335 1871 1384 percuterent.
1929 1329 2056 1371 Alex.
2093 1331 2149 1371 ab

1268 1393 1395 1436 Alex.
1411 1405 1456 1436 V.
1475 1398 1542 1436 10.
1598 1394 1725 1435 Unde
1753 1395 1902 1434 volunt
1926 1393 2148 1435 Gramma·

1267 1457 1362 1507 tici,
1384 1469 1497 1507 aras,
1516 1457 1752 1510 antiquitus
1770 1457 1889 1510 quasi
1907 1469 2030 1498 ansas
2058 1457 2150 1499 dic·

1267 1525 1348 1560 tas.
1385 1520 1541 1571 Varro,
1566 1519 1761 1560 Macrob.
1791 1521 1961 1561 Servius
1979 1520 2033 1560 ad
2054 1521 2149 1562 AEn.

1266 1590 1310 1623 ν.
1327 1582 1399 1623 De
1412 1593 1496 1634 quo
1514 1581 1613 1623 vide
1630 1582 2015 1635 Incomparabilem
2032 1584 2150 1624 Bris-

1265 1644 1429 1684 sonium
1448 1645 1504 1685 de
1524 1645 1747 1686 Formulis.
1793 1645 1844 1686 In
1863 1647 2147 1688 Romanorum

1266 1707 1351 1747 ritu
1369 1720 1482 1748 aram
1494 1712 1625 1748 tenere
1639 1709 1707 1749 vel
1720 1712 1883 1759 tangere
1899 1715 1968 1750 est
1979 1708 2149 1760 ὀμνύντα

1264 1770 1337 1810 τοῦ
1354 1771 1485 1821 βωμοῦ
1494 1769 1806 1823 ἐφάπτεσθαι,ιιῐ
1819 1773 2147 1825 loquiturTheo.

1268 1835 1471 1876 Meminit
1500 1836 1698 1878 Tur-neb.
1729 1835 1843 1876 Adv.
1867 1836 1942 1876 lib.
1962 1847 2061 1879 xxx.
2081 1839 2148 1878 19.

1266 1905 1313 1939 et
1338 1900 1441 1940 alibi
1469 1900 1565 1942 Jos.
1598 1900 1790 1953 Scaliger
1821 1901 1875 1942 ad
1905 1901 2147 1943 Manilium.

1267 1963 1422 2004 Kench.

1320 2027 1472 2067 Jarare
1489 2026 1635 2079 Jussit]
1677 2025 1826 2081 Atque
1854 2027 2000 2068 abillo
2024 2027 2146 2080 jure-

1260 2088 1446 2141 jurando
1480 2090 1734 2131 Hannibalis
1771 2090 1826 2131 ad
1862 2091 1980 2132 illum
2015 2090 2146 2142 diem,

1267 2163 1350 2204 quo
1386 2152 1612 2205 imperium
1648 2153 1832 2206 accepit,
1867 2154 1967 2195 anni
1999 2166 2148 2196 nume·

1265 2220 1415 2256 rantur
1430 2216 1753 2268 septemdecim.
1794 2216 1958 2258 Salmas.

1320 2278 1546 2330 Numquam
1562 2292 1624 2319 me
1640 2280 1685 2319 in
1701 2280 1880 2320 amicitia
1892 2292 1981 2321 cam
2001 2280 2147 2321 Roma-

1263 2342 1327 2382 nis
1349 2341 1462 2393 fore]
1518 2342 1663 2382 Livius
1698 2352 1840 2383 xxxv.
1877 2344 1891 2366 ‘
1914 2343 2144 2397 Nunquam

1264 2403 1448 2444 amicum
1466 2402 1559 2444 fore
1579 2405 1727 2456 populi
1747 2405 1950 2446 Romani:
1979 2405 2145 2447 Histor.

1263 2466 1452 2507 Miscell.
1482 2466 1558 2508 lib.
1577 2477 1650 2509 ιιι.
1668 2473 1709 2508 5.
1742 2469 1755 2491 ‘
1775 2468 1848 2519 Se,
1878 2473 1928 2509 ut
1958 2469 2143 2521 primum

1264 2536 1426 2583 posset,
1455 2530 1658 2572 adversus
1692 2533 1905 2573 Romanos
1933 2539 2145 2586 pugnatu-

1264 2605 1354 2635 rum
1370 2593 1398 2635 ι’
1429 2593 1543 2648 qnod
1572 2606 1657 2635 non
1685 2600 1752 2636 est
1771 2608 2037 2649 expressum,
2054 2597 2145 2637 lon·

1263 2670 1404 2711 geque
1430 2658 1569 2699 minus
1594 2665 1677 2700 est.
1731 2659 1845 2700 Nam
1877 2659 1960 2713 qui,
1983 2665 2146 2714 pugnat

1265 2720 1471 2761 adversus
1491 2721 1691 2775 aliquem,
1710 2722 1854 2762 odium
1872 2734 2067 2775 exsuere,
2079 2728 2146 2764 at·

1263 2797 1348 2839 que
1364 2797 1419 2826 ex
1435 2786 1559 2826 hoste
1575 2785 1736 2825 amicus
1754 2785 1848 2826 fieri
1868 2791 2028 2838 potest.
2059 2786 2145 2827 Po-

1263 2848 1419 2900 lybius,
1435 2846 1587 2899 μήποτε
1599 2848 1792 2899 Ῥωμαίοις
1809 2847 2016 2897 εὐνοήσειν.
2055 2849 2146 2902 Ap-

1263 2911 1410 2963 pianus
1426 2911 1667 2953 Annibalic.
1684 2912 1877 2963 Ῥωμαίοις
1887 2912 2145 2960 ἐπιβουλεύων

1262 2972 1406 3014 οὔποτε
1428 2973 1632 3026 ἐλλείψειν.
1675 2974 1881 3015 Ibericis:
1904 2975 2144 3018 'Anemos-

1263 3035 1400 3090 ἐχθρὸς
1417 3035 1576 3078 ἔσεσθαι
1591 3037 1798 3087 Ῥωμαίοις.
1841 3037 2043 3079 Gebhard.

1315 3101 1382 3141 Aa
1398 3099 1498 3140 banc
1513 3100 1636 3153 diem]
1668 3101 1756 3142 Sex
1788 3107 1835 3142 et
1866 3101 2047 3155 triginta
2072 3114 2145 3144 an-

1261 3173 1350 3203 nos.
1389 3163 1544 3204 Livius.

1316 3224 1367 3266 Si
1379 3225 1474 3277 quid
1491 3225 1615 3266 αηιίσε
1643 3227 1694 3267 de
1718 3225 1908 3268 Romanis
1931 3227 2141 3282 cogitabis]

1262 3289 1309 3330 Si
1338 3289 1538 3330 Romanis
1568 3290 1779 3342 consules,
1814 3303 1890 3331 seu
1917 3292 2140 3333 consulere

1260 3354 1395 3395 voles.
1422 3353 1560 3394 Lamb.
1613 3352 1734 3394 Ἐπὰν
1756 3352 1800 3393 δὲ
1814 3351 2009 3394 διαλύσεις
2032 3352 2059 3402 ἢ
2076 3361 2140 3407 φι-

1259 3415 1349 3457 λίαν
1363 3415 1584 3465 oevi-loma«
1599 3416 1694 3470 πρὸς
1710 3414 1863 3457 αὐτούς.
1899 3416 2056 3469 Polyb.

1315 3481 1428 3521 CAP.
1448 3483 1489 3521 3.
1518 3478 1764 3520 Hasdrubale
1779 3478 2030 3533 imperatore]
2050 3479 2140 3523 Ge·
