2326 3944
662 250 751 292 ιι.
811 249 1324 304 τΗΒιιιετοοηΜ,
1362 251 1498 292 οΑΡ.
1534 237 1591 292 8.

234 366 421 411 τοιούτων
433 368 504 410 οὐκ
521 365 631 409 ἔστιν
653 366 730 421 ἰδίᾳ
747 366 856 418 δίκην
873 370 1029 420 λαβεῖν,
1049 370 1115 417 δη-

233 431 375 483 μοσίαν
398 430 587 485 *rampho
621 430 717 486 ὑπὲρ
747 434 828 473 var
862 430 1116 483 ἀδικουμένων

234 493 537 537 κατασκευάσαι.
592 496 751 536 Similis
778 496 863 537 fuit
891 496 1005 549 apud
1035 497 1115 549 Sy-

232 558 463 601 racusanos
495 557 756 608 Πσαλισμός.
824 560 921 602 Quo
955 558 1115 600 frondi-

231 624 312 664 bus
331 624 439 664 oleae
459 623 762 676 quinquennali
794 623 923 663 exilio
942 623 1116 675 suspecss

229 687 300 728 tos
321 682 594 739 ablegabsnt.
648 687 763 727 Vide
782 687 964 728 Diodor.
983 698 1048 727 11.
1069 691 1116 727 et

232 750 452 804 Sigonium
469 763 521 791 11.
550 752 622 791 De
639 749 768 790 rebus
786 749 1115 791 Atheniensium

230 820 270 858 4.
323 815 549 856 videndus
571 815 778 855 Hadrian.
797 815 952 857 Junius
970 814 1114 855 Anim.

228 879 260 920 1.
278 890 324 920 v.
341 881 407 918 18.
450 878 605 919 Schott.
635 902 638 910 ι
673 879 841 919 Morem
862 879 1116 920 testularum

233 940 425 994 suffragii
457 941 595 982 refert
623 940 847 994 Aristoph.
885 942 1044 994 interp.
1071 941 1116 981 in

232 1003 462 1073 equitibus.
503 1003 669 1055 Longol.
735 1004 908 1065 Praeter
935 1010 1117 1046 caeteros

230 1067 344 1120 eleg.
399 1066 591 1119 Prosper
643 1067 849 1119 Aquitan.
896 1073 943 1108 et
986 1067 1116 1110 Joan.

229 1131 408 1171 Tzetzes
451 1142 543 1170 var.
581 1130 749 1172 Histor.
792 1131 973 1173 Chiliad.
1009 1142 1116 1173 xm.

232 1192 327 1236 489.
382 1193 547 1235 Sanam.

282 1257 416 1309 Argos
453 1257 673 1299 habitatum
717 1257 924 1309 concessit]
963 1256 1117 1309 Ἔτυχε

229 1318 309 1373 γὰρ
325 1318 649 1374 ὄστρακισμένος,
677 1321 742 1361 καὶ
756 1318 861 1371 ἔχων
877 1319 1028 1361 δίαιταν
1043 1319 1116 1375 μὲν

232 1383 436 1437 ἑνἌργει.
462 1384 652 1437 Thucyd.
708 1382 939 1426 Sciendum
959 1390 1028 1425 est
1045 1398 1116 1425 au-

233 1453 322 1488 tem
354 1446 496 1500 Argos
528 1449 669 1488 locum
699 1446 831 1488 fuisse
863 1452 1032 1488 certum
1063 1461 1114 1488 ac

229 1509 454 1551 definitum
470 1510 514 1550 in
535 1523 619 1563 quo
637 1511 1024 1563 commorabantur,
1041 1511 1115 1565 qui

228 1578 438 1615 testarum
475 1571 687 1627 suffragiis
717 1586 742 1614 e
779 1574 958 1614 civitate
985 1573 1116 1627 ejecti

231 1642 366 1678 erant.
404 1636 582 1678 Lambin.
647 1637 759 1676 Vide
778 1637 982 1689 Plinium,
1008 1637 1115 1678 Pto-

229 1701 444 1753 lemaeum,
462 1706 508 1741 et
527 1700 794 1741 Strabonem.
836 1701 934 1740 Duo
954 1706 1053 1740 sunt
1070 1700 1115 1740 in

232 1759 531 1817 Peloponneso
558 1764 684 1816 hujus
714 1763 896 1806 nominis
929 1763 1115 1816 oppida3

231 1824 413 1869 alterum
444 1828 672 1880 Hippiam,
689 1829 872 1868 alterum
903 1827 1116 1879 Dipsium,

235 1903 310 1931 seu
345 1890 593 1943 Πολυδίψιον.
666 1891 793 1932 Unde
829 1890 970 1944 Argos
1002 1890 1114 1944 Hip·

233 1954 367 2007 pium,
384 1960 430 1994 et
449 1949 532 1994 uno
546 1954 717 1994 nomine
732 1953 985 2006 Ἀργυρίππα.
1025 1951 1113 1995 Sed

231 2019 371 2060 AEoles
414 2031 493 2071 pro
530 2019 676 2072 Ἄργος
717 2019 920 2060 dicebant
954 2014 1112 2071 '‘Apssos'.

234 2081 346 2122 Inde
364 2082 497 2134 Arpos
513 2082 653 2123 Latini
674 2082 1004 2134 pronuntiavere
1034 2095 1112 2135 pro

230 2147 370 2198 Argis.
400 2147 543 2188 Ortel.
564 2148 744 2188 Salmas.

285 2211 572 2252 Lacedoemonii
610 2213 758 2262 legatos
790 2211 965 2252 Athenas
1000 2212 1112 2252 mise-

230 2275 343 2327 ruut]
391 2275 502 2315 Vide
516 2275 706 2328 Thucyd.
727 2276 753 2316 l.
774 2288 807 2316 1.
842 2276 970 2315 Diod.
991 2276 1112 2316 Sicu-

231 2340 318 2380 lum
339 2350 402 2381 x1.
433 2340 710 2381 Plutarchum
732 2342 772 2380 in
791 2341 996 2380 Themist.

287 2403 401 2449 Quod
416 2404 641 2444 societatem
658 2417 743 2443 cum
769 2416 863 2454 rege
884 2403 1112 2454 Persarum]

229 2457 500 2518 Thucydides
517 2467 547 2507 l.
568 2478 598 2507 1.
619 2466 890 2518 proditionis,
905 2478 989 2506 una
1017 2479 1114 2506 cum

221 2530 446 2571 ‚Pausania
500 2531 636 2583 initae,
682 2538 931 2572 accusatum
990 2531 1114 2572 dicit.

231 2593 504 2646 Plutarchus,
516 2594 560 2634 in
572 2592 664 2635 vita
673 2594 986 2645 Themistoclis,
1001 2594 1115 2633 Pan·

230 2656 359 2697 saniae
374 2657 722 2697 consuetudinem
751 2661 798 2697 et
813 2657 1112 2698 commercium

231 2718 484 2758 adversariis
521 2720 614 2771 ejus
656 2719 886 2759 accusandi
924 2719 1114 2759 occasio-

232 2791 330 2820 nem
348 2780 583 2833 praebnisse
603 2781 719 2822 dicit.
774 2782 827 2821 In
846 2781 994 2822 libello
1012 2793 1113 2821 vero

233 2843 300 2884 De
320 2843 507 2884 utilitate
527 2843 737 2895 capienda
764 2843 818 2883 ab
847 2843 1035 2891 inimico,
1052 2843 1113 2883 sic

231 2906 369 2960 inquit
384 2919 396 2956 ;
414 2906 744 2947 ‘Themistocles
765 2911 925 2956 autem,
940 2917 1035 2945 cum
1055 2905 1115 2943 ni-

231 2968 293 3008 hil
312 2975 552 3025 peccasset,
563 2981 616 3008 ex
631 2968 847 3008 Pausania
860 2974 1003 3008 tamen
1021 2980 1115 3019 pro-

231 3030 404 3080 ditionis
423 3031 709 3083 suspicionem
730 3031 966 3080 contraxit,
998 3029 1113 3083 quod

234 3100 286 3135 eo
317 3092 566 3134 familiarius
596 3099 808 3146 uteretur,
832 3093 1112 3147 quotidieque

232 3157 380 3198 literas
396 3163 441 3197 et
460 3157 629 3198 nuntios
642 3157 696 3197 ad
715 3158 833 3197 illum
852 3155 1112 3198 missitaret?

233 3219 350 3260 Loco
366 3231 471 3260 vero
490 3220 633 3271 priore
649 3220 726 3271 ait,
740 3221 991 3260 Pausaniam
1008 3220 1115 3260 The-

231 3283 418 3325 mistocli
437 3283 550 3336 regis
568 3284 713 3323 literas
737 3284 973 3336 aperuisse,
990 3284 1113 3324 Grae-

231 3359 390 3402 cosque
409 3348 452 3389 in
468 3349 561 3402 ejus
575 3348 674 3389 odia
690 3349 919 3402 adducere,
943 3355 989 3390 et
1016 3362 1114 3390 eum

232 3409 287 3452 ad
301 3412 561 3465 proditionis
580 3412 835 3453 societatem
863 3414 1114 3465 protrahere

231 3479 449 3529 conatum,
467 3475 544 3518 sed
561 3474 737 3517 frustra.
785 3477 903 3528 Mag.
920 3474 1087 3529 Lougoi.

1950 237 2062 294 4⁴⁵

1231 370 1467 412 Societatem
1475 370 1661 424 fecisset]
1687 371 1761 413 Sic
1780 370 1971 425 loquitar
1988 371 2067 411 vi-

1178 437 1224 474 ta
1241 435 1465 475 Datamis:
1495 437 1508 459 ‘
1531 435 1686 476 absens
1716 434 1946 477 amicitiam
1965 445 2065 477 cum

1178 496 1361 537 Datame
1401 497 1538 539 facit!
1611 499 1771 541 Justin.
1805 498 1878 539 lib.
1911 508 1994 539 ¹11.
2022 496 2065 539 2.

1175 560 1188 581 ‘
1205 558 1452 600 Alexander
1471 574 1567 602 cum
1582 562 1898 615 Metapontinis
1917 567 1963 602 et
1982 561 2065 602 Pe·

1178 622 1330 662 diculis
1359 628 1406 663 et
1436 622 1637 664 Romanis
1653 623 2066 666 foedus'amicitiam·

1178 697 1259 739 que
1278 684 1413 727 fecit.'
1468 687 1623 728 Cicero
1655 700 1735 740 pro
1769 689 1976 731 Quinctio
2001 689 2065 730 ita

1178 749 1395 802 loquitur:
1435 750 1448 773 ‘
1470 751 1630 791 Facere
1661 752 1913 792 societatem
1931 753 2066 794 omni·

1153 832 1157 836 ·
1179 825 1250 852 um
1270 824 1409 853 rerum
1430 825 1527 853 cum
1549 814 1717 867 aliquo!
1750 815 1952 856 Gebhard.

1233 874 1482 915 Proditionis
1509 880 1569 916 est
1597 877 1823 928 damnatus]
1862 877 2065 918 Meminit

1178 938 1314 997 iniqui
1355 938 1482 990 hujus
1520 938 1678 991 judicii
1724 952 1897 992 quoque
1948 940 2064 981 Dion

1181 1002 1508 1054 chrysostomus
1527 1002 1655 1043 Orat.
1674 1006 1740 1044 73.
1771 1003 1910 1044 Ernst.
1967 1004 2066 1044 Pro·

1177 1068 1361 1120 ditionis]
1392 1069 1564 1120 Nempe
1583 1080 1681 1108 cnm
1698 1067 1915 1108 Pausania
1927 1067 2066 1119 initae,

1180 1132 1378 1183 quoniam
1419 1130 1671 1172 familiarius
1703 1144 1757 1173 eo
1783 1131 1990 1173 utebatur
2017 1138 2065 1174 et

1177 1195 1370 1247 quotidie
1402 1195 1550 1235 literas
1581 1199 1628 1236 et
1657 1196 1836 1236 nuncios
1873 1195 1929 1236 ad
1966 1207 2066 1236 eum

1177 1259 1430 1299 missitabat.
1482 1259 1615 1300 Thuc.
1643 1270 1678 1299 1.
1725 1258 1862 1299 Diod.
1893 1258 1981 1299 Sic.
2010 1269 2065 1301 11.

1176 1319 1400 1364 Plutarch.
1418 1323 1463 1363 in
1481 1323 1571 1363 vita
1590 1323 1704 1375 ejus3
1731 1322 1805 1375 qui
1820 1327 1964 1363 tamen
1979 1334 2067 1363 om·

1175 1398 1254 1427 nes
1286 1398 1383 1427 eum
1415 1386 1470 1427 ab
1500 1387 1579 1427 hoc
1610 1386 1788 1426 crimine
1821 1384 2064 1427 absolvunt.

1175 1449 1304 1490 Adde
1323 1450 1604 1491 Plutarchum
1620 1450 1698 1490 lib.
1714 1450 1781 1490 De
1798 1449 1990 1490 utilitate
2010 1460 2066 1490 ex

1177 1513 1296 1554 inim.
1333 1514 1561 1566 capienda,
1595 1514 1785 1567 itemque
1818 1513 1961 1566 Epist.
1998 1516 2066 1556 14.

1174 1577 1488 1618 Themistoclis.
1545 1578 1701 1630 Neque
1733 1577 1775 1617 ei
1807 1574 2066 1629 profuerunt

1176 1640 1401 1693 superiora
1428 1652 1504 1681 sua
1532 1640 1577 1680 in
1607 1640 1794 1692 patriam
1823 1639 1934 1679 bene
1966 1651 2066 1691 pro·

1176 1703 1346 1755 merita,
1379 1715 1526 1756 pugna
1558 1702 1807 1755 Salaminia,
1826 1706 1874 1743 et
1900 1701 2065 1754 legatio

1176 1769 1232 1810 ad
1267 1769 1620 1811 Lacedaemonios
1664 1768 1799 1819 obita,
1827 1773 1878 1809 ut
1914 1768 2066 1809 scribit

1177 1834 1367 1874 AElianus
1399 1834 1505 1874 Var.
1532 1833 1650 1874 Hist.
1678 1832 1754 1873 lib.
1769 1843 1842 1873 111.
1881 1831 2065 1874 Lambin-

1175 1896 1304 1938 Adde
1335 1909 1588 1950 responsum
1615 1896 1847 1936 Phocionis
1875 1896 1930 1935 ad
1963 1907 2064 1947 sup·

1175 1959 1355 2012 plicium
1392 1959 1548 2011 euntis,
1610 1959 1724 2011 apud
1768 1959 1976 1999 Senecam
2019 1964 2066 1999 et

1177 2024 1296 2063 alios.
1883 2055 1885 2057 .

1233 2086 1443 2136 Corcyram
1461 2084 1717 2135 demigravit]
1768 2082 1908 2134 Φεὺγει
1925 2084 1971 2127 ἐκ
1990 2089 2065 2124 Πε-

1174 2145 1418 2194 λοποννήσου
1438 2146 1477 2187 ἐς
1496 2144 1702 2198 Κέρκυραν.
1730 2146 1926 2197 Thucyd.
1977 2146 2066 2186 Ad·

1176 2211 1240 2250 dit
1260 2222 1449 2261 causam,
1468 2209 1520 2249 ὢν
1539 2210 1666 2249 αὐτῶν
1684 2206 1907 2260 εὐεργέτης.
1936 2208 2066 2250 Hanc

1177 2273 1398 2313 civitatem
1434 2273 1514 2313 sibi
1546 2272 1757 2312 beneficio
1793 2271 2066 2324 devinxerat,

1176 2342 1225 2376 ut
1245 2337 1373 2387 paulo
1393 2342 1494 2376 ante
1520 2348 1574 2375 ex
1609 2333 1838 2374 Plutarcho
1864 2334 2062 2374 diximus.

1176 2402 1304 2452 Long.
1363 2401 1599 2452 Corcyram
1616 2399 1761 2440 Graeci
1778 2397 1975 2450 Κέρκυραν
1995 2411 2066 2439 vo-

1178 2472 1295 2516 cant,
1328 2472 1376 2505 ut
1406 2465 1666 2515 Beronicen‚
1696 2463 1925 2515 Βερενίκην;
1968 2465 2065 2503 Μο-

1179 2528 1368 2579 thonam,
1387 2526 1582 2575 Μεθώνην·
1610 2527 1822 2581 Homerus
1834 2524 2004 2577 Σχερίαν
2018 2530 2065 2566 et

1178 2590 1364 2632 Φαιακίαν
1383 2591 1594 2643 appellat,
1620 2597 1667 2630 ut
1687 2589 1817 2630 fidem
1848 2588 1956 2629 facit
1974 2589 2065 2629 Pli-

1178 2654 1289 2694 nius.
1357 2653 1411 2694 In
1446 2652 1710 2705 Apollodoro
1752 2659 1820 2692 est
1858 2652 2065 2705 Κεραυνίῃ,

1178 2731 1240 2759 1v.
1260 2717 1498 2770 Argonaut.
1558 2717 1700 2757 Distat
1719 2717 1773 2755 ab
1794 2717 1940 2768 Epyro
1956 2716 2062 2756 duo-

1176 2782 1256 2822 bus
1275 2783 1364 2822 mil.
1384 2781 1456 2820 ubi
1473 2779 1628 2820 fretum
1649 2780 1960 2829 arctissimum3
1987 2779 2063 2820 ubi

1177 2844 1446 2894 latissimum,
1468 2854 1547 2884 xx,
1616 2843 1807 2894 Eratque
1824 2842 1924 2883 olim
1945 2841 2064 2883 Alci·

1176 2907 1248 2947 noi
1279 2907 1428 2957 hortis,
1458 2913 1504 2945 et
1534 2905 1702 2960 Ulyssis
1731 2904 1956 2958 naufragio
1987 2906 2062 2947 de·

1177 2975 1356 3011 cantata
1375 2969 1540 3010 Poetis.
1572 2969 1773 3011 Keachen.

1231 3033 1441 3085 Principes
1454 3031 1651 3083 civitatis]
1677 3031 1732 3071 Τὸ
1745 3032 1923 3072 civitatis
1944 3036 2063 3073 recte

1176 3097 1300 3138 abest
1318 3110 1343 3137 a
1363 3103 1511 3138 nostro
1530 3097 1706 3137 codice:
1728 3096 1930 3148 intelligit
1948 3096 2064 3136 enim

1175 3161 1393 3201 insulanos
1424 3161 1642 3212 Dynastas
1671 3160 1874 3210 Corcyrae
1898 3158 2063 3200 insulae.

1176 3224 1332 3265 Schote.
1387 3221 1561 3263 Δεδιέναι
1575 3222 1616 3262 δὲ
1631 3220 1861 3273 φασκόντων
1874 3223 1954 3260 τῶν
1967 3226 2062 3273 Κερ-

1174 3286 1336 3339 κυραίων
1369 3286 1476 3336 ἔχειν
1507 3285 1640 3336 αὐτὸν,
1672 3285 1722 3325 ὥς
1749 3299 1796 3325 τε
1826 3287 2063 3336 Λακεδαιμο-

1174 3350 1266 3391 νίοις
1284 3350 1348 3391 καὶ
1366 3348 1578 3398 Ἀθηναίοις
1591 3346 1842 3399 ἀπέχθεσθαι.
1868 3347 2062 3401 Thucyd-

1175 3412 1338 3454 Urbem
1358 3425 1452 3454 esse
1470 3413 1620 3453 insulae
1641 3410 1937 3463 cognominem
1956 3410 2061 3451 Cor·

1173 3488 1320 3530 cyram
1340 3473 1534 3518 novimus
1553 3489 1565 3517 ι
1594 3473 1686 3529 ejus
1703 3471 1823 3515 dubii
1841 3472 2063 3518 eximendi
