2306 3900
288 264 488 318 cxxxii

341 403 496 450 eodem,
526 416 604 455 quo
640 401 878 448 Alcibiades,
904 415 1016 442 sensu
1037 402 1168 456 (inge-

342 456 425 503 nio,
443 457 720 509 propensione,
740 454 891 509 studio)
921 456 987 503 vii,
1007 460 1030 496 5

289 509 439 548 Sensim
467 523 554 556 xxv,
570 514 597 550 9

288 562 489 602 Sententia
512 565 597 602 haec
624 563 740 603 estin
760 575 872 602 versu
902 563 970 602 illo
999 577 1038 608 x,
1057 567 1084 603 6
1127 562 1168 602 in

343 629 421 667 quo
451 617 725 669 epigrammate
753 618 837 656 haec
867 623 948 656 erat
977 617 1169 656 sententia

343 670 435 716 iv,l
489 671 719 716 sententiam
749 669 916 721 alicujus
945 670 1053 723 sequi
1083 670 1111 718 i,
1144 674 1168 711 3

344 723 575 762 sententiam
606 723 771 776 alicujus
800 736 1035 784 cognoscere
1064 727 1169 770 xx,3

343 789 391 815 ex
420 777 613 816 sententia
643 777 795 818 consilii
828 777 995 830 (judic.)
1035 775 1114 824 xix,
1144 780 1168 817 3

345 830 548 869 sententiae
574 830 756 883 judicum
786 830 838 877 vi,
858 835 882 870 3
927 831 1093 883 peractis
1122 844 1169 870 ex

344 884 536 922 sententia
554 886 667 924 rebus
686 885 755 945 (ex
771 883 884 936 voto)
911 883 1003 931 xxii,
1023 887 1048 924 3

291 937 506 988 Separatim
524 937 786 990 compluribus
815 938 909 976 locis
927 937 1077 990 gladios
1101 937 1171 975 ob-

344 990 423 1028 ruit
450 991 527 1038 xiv,
548 995 597 1032 ll
643 991 782 1030 librum
818 993 867 1030 de
899 1004 947 1030 eo
966 990 1170 1042 separatim

344 1043 507 1083 fecimus
534 1044 638 1091 xxiv,
663 1049 686 1085 3
729 1045 934 1098 separatim
965 1045 1095 1083 relatae
1114 1057 1172 1083 res

347 1103 465 1148 gestae
485 1098 697 1152 (cujusque
715 1111 769 1138 sc.
798 1098 899 1151 regis
927 1111 997 1138 suo
1029 1098 1116 1137 loco
1135 1104 1176 1137 et

346 1150 467 1203 libro)
494 1153 572 1199 xxi,
593 1156 615 1192 1
754 1163 757 1166 ⁴

293 1204 486 1257 Separatis
505 1204 742 1258 temporibus
761 1203 967 1259 (diversis)
994 1203 1102 1249 xviii,
1124 1207 1174 1244 10

297 1257 469 1310 Se'pelire
502 1273 616 1298 nemo
647 1259 742 1298 liber
771 1260 891 1298 audet
920 1257 1174 1311 (proditionis

348 1312 597 1365 damnatum)
625 1312 702 1359 xix,
719 1315 744 1353 4
784 1312 1042 1364 proditoribus
1072 1311 1175 1350 enim

347 1365 516 1405 Athenis
544 1379 623 1405 non
656 1367 944 1405 concedebatur
979 1365 1178 1417 sepultura

348 1419 391 1464 ii,
413 1423 465 1459 10
505 1420 628 1466 locus,
644 1432 722 1472 quo
751 1420 907 1471 sepulti,
927 1419 995 1471 qui
1013 1420 1064 1458 ad
1084 1432 1177 1471 sup-

348 1471 509 1523 plicium
544 1473 625 1511 dati
670 1473 723 1520 iV,
743 1478 768 1514 5
815 1473 992 1525 sepultus
1021 1472 1179 1524 publice

349 1524 554 1566 Timoleon
583 1531 684 1572 xx,5

295 1577 523 1630 Sepulcrum
551 1579 820 1618 Themistoclis
846 1579 888 1626 ii,
910 1583 961 1620 10
1013 1578 1178 1631 sepulcri

349 1639 602 1672 monumento
617 1634 785 1672 donatus
812 1636 916 1678 x,10
943 1633 1042 1671 muri
1055 1632 1180 1671 Athe-

348 1686 542 1726 niensium
572 1700 620 1726 ex
638 1685 823 1738 sepulcris
842 1686 920 1740 (sc.
953 1684 1181 1739 destructis)

351 1739 395 1786 ii,
413 1745 441 1781 θ

300 1792 434 1844 Sepire
465 1793 582 1833 muris
608 1793 786 1848 (urbem)
825 1792 867 1841 ii,
887 1796 913 1834 7
952 1793 1181 1833 custodibus

355 1860 395 1893 x,
412 1852 439 1888 9

301 1899 630 1952 Septemtriones:
654 1901 718 1942 hic
735 1906 875 1940 ventus
906 1899 1186 1952 aseptemtrio-

351 1955 467 1994 nibus
502 1954 621 1994 oritur
639 1955 683 2007 (a
717 1955 1021 2006 septemtrionali
1051 1953 1187 1993 mundi

353 2008 486 2061 parte)
514 2010 542 2055 i,
563 2013 582 2050 l
616 2009 802 2062 (Rectius
825 2015 955 2048 autem
986 2013 998 2031 ‘
1019 2014 1187 2061 septem-

355 2062 509 2102 triones’
546 2063 726 2110 dIcimus,
756 2076 873 2115 quam
898 2068 908 2086 ‘
928 2061 1186 2114 septemtrio.'

354 2115 589 2170 Quanquam
623 2124 663 2156 et
693 2117 799 2155 istud
825 2117 1054 2156 auctoritate
1082 2116 1186 2154 haud

355 2178 498 2209 careat.
553 2170 656 2210 Nam
674 2171 706 2210 si
724 2184 804 2209 non
824 2171 916 2209 satis
930 2177 1034 2209 recte
1053 2170 1188 2209 dixero

354 2229 366 2246 ⁴
382 2226 602 2277 septembos
617 2225 642 2274 3'
661 2237 790 2276 neque
809 2231 819 2247 ‘
835 2223 1071 2276 septemtrio'
1084 2229 1189 2263 recte

355 2280 502 2318 dixero.
533 2279 661 2317 ‘Trio'
687 2277 792 2317 enim
810 2277 1038 2317 rusticorum
1054 2277 1189 2329 lingua

357 2334 426 2371 bos
456 2333 670 2378 dicebatur,
704 2337 749 2370 ut
778 2344 826 2370 ex
843 2331 1018 2370 Varrone
1034 2329 1188 2370 Gellius

358 2386 478 2425 docet
504 2385 547 2431 ii,
565 2389 633 2425 21.
661 2385 817 2423 Buchn.
837 2384 888 2422 ad
906 2385 947 2421 h.
966 2382 1015 2435 l.)
1121 2430 1126 2436 .

309 2439 427 2492 Sequi
464 2438 632 2490 aliquem
671 2438 711 2476 in
757 2437 994 2488 provinciam
1039 2449 1128 2482 xxv,
1161 2439 1189 2476 6

356 2496 495 2547 (moxz
523 2492 578 2530 ire
603 2491 645 2529 in
665 2490 915 2542 provinciam,
932 2489 1052 2542 ibid.)
1079 2488 1189 2541 sequi

358 2546 547 2587 amicitias
580 2544 746 2596 alicujus
783 2544 1030 2596 (societatem
1060 2542 1188 2582 facere

356 2614 448 2641 cum
467 2597 620 2651 aliquo)
650 2612 714 2645 xv,
733 2601 760 2638 6
787 2603 912 2638 castra
930 2596 990 2651 (in
1010 2595 1187 2636 militiam

358 2655 412 2693 ire
442 2652 536 2705 &c.)
564 2666 653 2698 xxv,
672 2656 696 2692 7
738 2658 862 2690 castra
889 2650 1055 2703 alicujus
1083 2650 1188 2696 xxiv,

361 2713 382 2748 1
416 2707 619 2747 consilium
639 2705 800 2759 (imitari
820 2706 927 2757 quod
952 2705 1050 2743 alter
1071 2703 1188 2754 fecit)

360 2761 439 2808 xiv,
457 2765 484 2801 6
511 2760 732 2811 exemplum
759 2758 854 2806 xvii,
885 2761 911 2798 4
953 2770 1076 2797 mores
1108 2757 1187 2811 (sc.

359 2815 500 2868 gentis,
517 2813 560 2854 in
574 2813 807 2865 exponendo
826 2811 1053 2864 respicere),
1070 2811 1186 2850 Praef.

360 2870 481 2909 otium
510 2867 588 2913 xvi,
607 2871 632 2907 2
661 2864 892 2906 sententiam
912 2864 1078 2917 alicujus
1098 2865 1188 2918 (an-

363 2931 450 2962 tea:
512 2921 698 2960 accedere
741 2920 791 2958 ad
830 2918 1056 2970 consilium)
1099 2920 1126 2966 i,
1161 2922 1186 2959 3

361 2976 549 3016 satellites
587 2974 847 3025 sequebantur
882 2972 1188 3026 (comitabantur

362 3029 475 3081 eum)
518 3029 615 3074 iv‚3
663 3033 837 3066 secutum
871 3034 931 3066 est
957 3025 1068 3072 illud,
1099 3038 1188 3065 cum

364 3084 438 3123 ἃς.
467 3081 596 3135 (venit
617 3080 716 3133 διο.)
746 3094 833 3127 xxv,
852 3083 879 3120 8
906 3079 1190 3133 (connectendi

363 3135 548 3187 formula)
968 3142 983 3169 ἰ

309 3191 461 3242 Sergius
481 3189 610 3228 Galba
636 3186 740 3232 xxiv,
759 3190 783 3227 3

309 3246 440 3282 Sermo
467 3242 626 3282 Graecus
654 3240 760 3286 xxiii,
787 3243 836 3280 13
866 3239 1028 3278 Latinus
1055 3253 1144 3285 xxv,
1163 3242 1188 3280 4

368 3298 568 3335 Persarum
589 3293 765 3346 (lingua)
793 3293 835 3339 ii,
857 3297 907 3332 10

310 3350 516 3400 Serpentes
551 3355 751 3386 venenatae
788 3347 829 3385 in
862 3346 1048 3386 Eumenis
1075 3359 1190 3386 naves

362 3403 482 3455 jactae
510 3402 615 3445 xxiii,
641 3406 700 3440 10.
724 3405 769 3439 11

313 3458 430 3497 Sertae
459 3454 585 3494 loricae
616 3454 683 3505 (ex
704 3453 854 3492 annulis
887 3453 1015 3493 serrcis
1034 3453 1131 3492 inter
1150 3466 1189 3492 se

1113 277 1315 317 lNDEX

1284 401 1394 442 nexis
1411 402 1620 454 consertae)
1648 401 1701 448 xi,
1723 405 1742 442 l
1773 401 1960 456 (Virgilio
1978 406 1990 425 ‘
2010 413 2106 441 con·

1283 461 1395 496 sertae
1411 455 1572 507 hamis’)

1229 510 1387 550 Servare
1405 509 1621 561 (custodire
1650 521 1673 547 a
1692 507 1728 546 vi
1749 514 1789 547 et
1803 507 1927 561 rapin.
1955 506 2106 560 φυλέτ-

1281 562 1384 615 τειν)
1404 577 1441 610 v,
1459 567 1485 603 4
1516 575 1665 602 servare
1675 560 1951 614 jusjurandum
1969 563 2078 615 (mox
2100 577 2109 600 z

1284 617 1525 668 religionem,
1558 617 1710 668 τηρεῖν)
1754 616 1847 662 xvii,
1884 620 1927 656 2.
1956 614 2064 662 xxiii,
2083 619 2110 656 2

1285 683 1424 710 navem
1441 683 1486 709 ex
1507 672 1648 723 hyeme
1669 672 1932 722 (conservare,
1947 668 2110 720 σώζειν)

1284 737 1375 771 xxv,
1392 727 1442 764 10
1471 724 1610 763 servari
1629 724 1702 774 (de
1715 737 1780 768 eo,
1799 724 1866 775 qui
1881 723 1922 762 in
1945 723 2112 763 vinculis

1285 777 1470 825 habetur)
1499 777 1607 823 xviii,
1629 780 1676 816 11

1231 829 1428 875 Servilius,
1448 830 1524 868 Cn.
1543 828 1733 870 Geminus
1761 829 1869 877 xxiii,
1884 833 1912 871 4

1231 883 1391 923 Servilia
1412 881 1524 922 Bruti
1538 888 1658 922 mater
1683 897 1773 930 xxv,
1795 886 1843 923 11

1231 936 1340 976 Servi
1356 937 1598 976 Phocionem
1616 936 1812 988 sepeliunt
1839 935 1918 983 xix,
1932 939 1958 976 4
1987 949 2116 976 servo-

1286 1004 1368 1030 rum
1389 1003 1545 1030 munere
1563 990 1687 1030 functi
1720 989 1884 1030 Helotes
1909 991 1963 1037 iv,
1985 993 2010 1030 3
2038 1003 2116 1030 ser-

1286 1057 1420 1083 vorum
1440 1044 1551 1096 plura
1569 1043 1728 1082 nomina
1745 1049 1786 1083 et
1803 1043 1931 1082 officia
1956 1057 2047 1090 xxv,
2064 1047 2114 1084 13

1233 1097 1380 1137 Servire
1406 1098 1538 1137 amicis
1555 1097 1631 1150 (sc.
1650 1097 1785 1136 officiis
1806 1097 1973 1144 urbanis,
2001 1108 2119 1149 opera

1288 1151 1446 1198 forensi,
1466 1150 1562 1204 &c.)
1581 1151 1624 1198 ii,
1641 1154 1662 1192 1
1693 1151 1856 1203 (Plauto
1873 1151 1981 1189 Trin.
2007 1149 2065 1197 iii,
2077 1155 2120 1196 2,

1290 1209 1356 1246 25.
1384 1211 1444 1244 est
1471 1210 1483 1229 ‘
1498 1205 1539 1244 in
1563 1205 1647 1244 foro
1666 1217 1823 1256 operam
1848 1204 1982 1243 amicis
2000 1204 2119 1243 dare!

1291 1258 1398 1299 conf.
1426 1259 1508 1306 xiii,
1541 1262 1581 1299 4.
1609 1272 1700 1305 xxv,
1728 1257 1792 1311 4).
1834 1258 1975 1298 servire
2005 1258 2119 1296 fama·

1291 1312 1469 1365 (studere
1488 1313 1672 1365 parandae
1690 1310 1826 1364 famae)
1853 1312 1896 1358 ii,
1917 1315 1940 1352 1
1970 1311 2119 1363 magni·

1291 1366 1419 1405 tudini
1453 1366 1605 1414 virium,
1630 1365 1830 1405 velocitati
1873 1378 1937 1412 xv,
1957 1369 1984 1406 2
2031 1365 2120 1417 paci

1294 1419 1506 1472 (saciendae
1536 1419 1624 1473 paci
1668 1432 1825 1471 operam
1874 1418 1988 1470 dare)
2029 1419 2122 1465 xxii,

1294 1477 1316 1513 1
1348 1473 1544 1525 dignitati,
1573 1472 1843 1524 tranquillitati
1859 1471 2120 1525 (obtinendae,

1295 1527 1572 1580 servandaeque
1624 1539 1742 1566 causa
1777 1525 1924 1578 aliquid
1971 1525 2122 1578 facere)

1295 1593 1384 1626 xxv,
1403 1583 1430 1620 6
1636 1594 1652 1615 ο

1241 1632 1411 1671 Servitus
1428 1632 1586 1672 nomine
1604 1631 1711 1684 pacis
1738 1637 1843 1671 tecta
1869 1645 1933 1678 xv,
1951 1637 1977 1673 5
2006 1632 2123 1672 servi-

1296 1685 1390 1725 tutis
1400 1686 1564 1739 vestigia
1580 1700 1646 1732 xx,
1657 1689 1681 1725 3
1702 1686 1884 1726 servitute
1899 1699 2124 1739 oppressam

1297 1746 1430 1780 tenere
1449 1741 1581 1779 urbem
1609 1739 1690 1786 viii,
1710 1744 1733 1780 l
2056 1775 2059 1786 ς

1244 1794 1418 1834 Sessores
1436 1800 1585 1833 veteres
1603 1793 1695 1846 (pro
1714 1792 1874 1845 incolis)
1901 1807 1940 1840 V,
1958 1797 1985 1834 2
2013 1793 2122 1846 (Liv.

1299 1848 1399 1887 dixit
1415 1853 1426 1871 ‘
1442 1853 1589 1887 veteres
1601 1847 1796 1894 cultores:
1816 1848 1883 1887 lib.
1910 1847 2042 1896 xxviii,
2057 1851 2124 1888 28.

1301 1901 1368 1941 ubi
1387 1916 1424 1940 v.
1443 1906 1525 1940 not.
1545 1900 1757 1954 Gronovii)
1885 1936 1888 1940 .
2064 1943 2067 1947 A

1245 1954 1471 1995 Sestertium
1509 1961 1666 1995 centum
1703 1954 1824 1994 millia
1868 1954 2126 2008 (scutatorum

1301 2009 1374 2048 tria
1408 2009 1544 2056 millia,
1574 2015 1618 2048 ut
1645 2010 1807 2061 exponit
1842 2008 2046 2047 Manutius
2086 2016 2128 2048 et

1300 2062 1509 2112 Schottus;
1551 2068 1597 2101 ut
1625 2061 1706 2110 alii,
1740 2066 1848 2103 2500
1894 2062 2130 2115 Philippici)

1300 2130 1389 2163 xxV,
1409 2121 1435 2158 8
1455 2122 1627 2156 trecenta
1645 2116 1721 2170 (sc.
1741 2114 1882 2170 millia)
1899 2114 1996 2155 ibid.
2015 2117 2130 2169 (sunt

1299 2173 1325 2210 7
1328 2175 1408 2211 500
1428 2169 1625 2223 Philipp.)
1656 2169 1872 2209 sestertium
1899 2170 2070 2210 ducenta
2086 2176 2129 2209 et

1302 2223 1586 2277 quinquaginta
1605 2223 1726 2263 millia
1750 2226 1923 2277 (septem
1950 2223 2071 2262 millia
2087 2232 2130 2264 et

1299 2278 1505 2330 quingenti
1535 2276 1698 2330 scutati)
1737 2291 1830 2324 xxv,
1846 2281 1872 2318 4
1911 2277 2129 2317 sestertium

1300 2332 1448 2370 centies
1486 2332 1680 2421 (trecenta
1724 2330 1845 2369 millia
1877 2337 2129 2377 scutatorum,

1302 2383 1382 2422 sive
1419 2383 1492 2422 Phi
1510 2384 1593 2436 ipp.
1628 2384 1798 2422 ducenta
1845 2385 2130 2436 quinquaginta

1301 2436 1446 2488 millia)
1473 2450 1562 2483 xxv,
1581 2441 1605 2476 5
1649 2436 1690 2475 in
1719 2436 1894 2476 sestertio
1923 2437 2056 2483 vicies,
2087 2437 2130 2475 in

1301 2490 1474 2529 sestertio
1512 2489 1660 2529 centies
1700 2502 1790 2536 xxv,
1823 2493 1876 2530 14
1919 2489 2132 2542 (posterior

1302 2556 1452 2583 summa
1476 2543 1582 2583 dicta
1605 2550 1697 2582 est:
1738 2543 1841 2594 prior
1858 2543 1952 2583 facit
1981 2547 2132 2590 60,000

1302 2603 1489 2645 scutatos,
1509 2598 1590 2636 sive
1617 2601 1766 2643 50,000
1786 2597 1960 2649 Philipp.
1992 2598 2132 2646 vel,.nt

1302 2650 1489 2696 Budaeus,
1520 2663 1669 2690 aureos.
1706 2650 1786 2690 vid.
1815 2650 1984 2691 Tabulas
2017 2664 2131 2691 num·

1302 2705 1440 2745 marias
1456 2705 1670 2757 Schoppii:
1703 2718 1864 2758 quarum
1881 2705 2027 2744 mentio
2043 2718 2133 2757 sup.

1301 2758 1409 2798 facta
1425 2759 1497 2798 sub
1523 2759 1593 2797 fin.
1623 2758 1741 2798 literae
1760 2759 1806 2798 L.
1849 2758 1958 2805 Quid
1981 2757 2133 2798 intersit

1304 2816 1317 2835 ‘
1333 2813 1507 2852 sestertia
1532 2812 1701 2852 centum'
1734 2813 1878 2859 dicere,
1907 2818 1976 2852 aut
2008 2818 2134 2852 ‘cen-

1303 2865 1406 2914 ties,'
1429 2866 1625 2906 v..Budae.
1658 2867 1708 2905 de
1723 2866 1813 2905 Ass.
1841 2866 1868 2905 1.
1888 2870 1925 2907 1.
1979 2865 2046 2905 Ad
2065 2879 2133 2906 ex-

1302 2920 1433 2971 empla
1450 2920 1594 2971 posita,
1606 2919 1771 2959 breviter
1782 2927 2014 2960 annotamus
2034 2923 2072 2960 1.
2089 2918 2132 2960 in

1303 2972 1517 3012 adverbiali
1553 2973 1751 3013 locutione
1780 2973 1984 3013 subaudire
2010 2978 2022 2996 ⁸
2039 2986 2132 3012 cen-

1304 3032 1397 3064 tena
1414 3026 1564 3073 millia,'
1584 3040 1644 3066 ex.
1661 3040 1720 3079 gr.
1736 3033 1748 3051 ‘
1766 3027 1884 3067 vicies
1901 3026 2132 3067 sestertium·

1303 3079 1453 3132 integre
1485 3087 1603 3119 sunt:
1632 3086 1644 3103 ‘
1659 3081 1778 3121 vicies
1815 3087 1982 3121 centena
2013 3079 2135 3120 minis

1304 3133 1409 3172 sest.’
1429 3133 1504 3173 &c-
1551 3138 1592 3175 2.
1619 3139 1755 3174 contra
1768 3148 1880 3174 usum
1907 3133 2037 3174 Latini
2055 3146 2135 3174 ser·

1306 3185 1433 3226 monis
1451 3187 1652 3233 declinari,
1671 3189 1746 3227 hoc
1765 3194 1881 3249 pacto
1898 3203 1908 3227 :
1936 3192 1949 3211 ⁴
1969 3188 2046 3227 hoe
2063 3187 2135 3226 de-

1304 3241 1384 3279 cies
1401 3240 1645 3287 sestertium,'
1678 3247 1690 3264 ‘
1708 3243 1826 3293 hujus
1843 3242 1974 3281 decies
1997 3245 2133 3280 sester-

1304 3293 1378 3340 tii,’
1392 3300 1404 3317 ‘
1421 3295 1470 3333 ab
1485 3295 1561 3334 hoc
1579 3294 1710 3334 decies
1724 3295 1927 3341 sestertio,’
1943 3293 2019 3333 &c-
2037 3305 2135 3345 qua-

1305 3353 1463 3399 propter
1481 3349 1728 3388 vehementer
1756 3349 1896 3388 erravit
1921 3359 2133 3393 nonnemo,

1305 3400 1374 3452 qui
1393 3401 1500 3440 illum
1527 3402 1756 3453 singularem
1785 3402 1824 3440 in
1844 3400 2031 3452 pluralem
2047 3413 2132 3439 cor-

1305 3455 1476 3494 rectioris
1509 3454 1715 3495 locutionis
1741 3453 1924 3507 opinione
1956 3454 2133 3493 mutavit.
