2306 3900
361 261 483 315 xxii

411 403 437 438 6
480 395 632 436 casibus
663 392 779 432 nullis
809 393 889 446 agi,
906 393 1030 433 minui
1079 393 1240 433 varieta-

412 458 452 490 te
469 464 524 489 sc.
544 456 758 500 temporum
776 453 1063 500 eventuumque
1111 461 1200 494 xxv,
1213 451 1241 487 9

356 503 551 546 Cataonia
575 501 703 555 (regio
719 500 841 547 Asiae,
861 501 1126 554 Cappadocia?
1145 501 1240 540 vici-

411 570 478 603 na,
509 554 622 607 cujus
653 561 694 594 et
722 554 874 594 Plinius
902 555 956 602 vi,
975 559 999 595 3
1047 553 1241 607 meminit)

410 611 487 657 xiv,
515 613 542 649 4
863 647 866 649 Α

359 664 462 703 Cato
483 673 787 702 xvrrannorum
815 659 1056 712 stipendium
1077 662 1241 714 primum

411 717 551 756 meruit
567 714 671 761 xxiV,
686 719 708 755 1
739 714 932 761 Quaestor,
947 715 1090 753 AEdilis
1103 715 1242 766 plebis,

412 771 510 808 ibid.
556 769 720 815 Praetor,
757 769 855 808 ibid.
921 768 1070 808 Consul
1108 769 1242 807 trium-

413 823 551 875 phavit
597 822 700 867 xxixa
736 826 762 862 2
848 822 999 861 Censor
1053 822 1240 860 luxuriam

414 875 604 922 coercuit,
638 875 735 913 ibid.
810 873 1032 913 inimicitias
1069 875 1243 926 suscepit

412 930 577 981 reipubl.
623 941 755 973 causa,
791 928 887 966 ibid.
942 927 1029 979 ejus
1071 928 1242 980 elogium

413 984 517 1029 xxiv,
551 986 576 1022 3
642 981 784 1028 studia,
815 981 910 1020 ibid.
956 981 1113 1032 scripta,
1145 981 1243 1020 ibid.

412 1037 563 1075 dictum
581 1034 755 1086 elegans,
773 1034 837 1073 Fr.
856 1038 880 1074 3

359 1089 539 1130 Catullus
557 1088 700 1141 (poeta
717 1086 960 1140 elegantium)
987 1101 1076 1133 xxV,
1097 1090 1149 1128 12

360 1143 524 1182 Catulus
542 1142 618 1195 (Q.
647 1140 847 1194 Lutatius)
866 1153 1003 1193 pacem
1031 1141 1127 1181 facit
1153 1154 1242 1180 cum

414 1197 596 1248 Carthag.
625 1195 716 1241 xxii,
733 1199 755 1235 1

361 1250 492 1290 Causa
538 1248 797 1289 damnationis
833 1247 1016 1300 (movens
1061 1248 1154 1300 aliq.
1199 1254 1244 1286 ut

413 1304 575 1342 damnet
592 1301 724 1349 alium,
755 1314 849 1354 opp.
883 1302 1032 1340 crimini
1058 1315 1125 1341 seu
1145 1315 1243 1353 prae-

413 1356 560 1409 textui)
588 1356 616 1403 i,
636 1360 661 1396 8
691 1368 846 1395 causam
864 1355 1110 1406 interponere
1125 1356 1244 1409 (prae-

412 1416 576 1455 textum,
606 1409 789 1455 colorem,
815 1407 1028 1460 πρόφασιν)
1056 1409 1097 1455 ii,
1115 1413 1140 1448 7
1184 1409 1244 1446 in-

415 1469 600 1503 terserere
627 1463 656 1509 i,
674 1466 700 1502 4
745 1463 810 1515 (v.
828 1468 911 1501 not.
930 1468 971 1501 et
996 1462 1070 1500 Th.
1089 1462 1244 1500 Buchn.

413 1529 460 1556 ac
478 1516 615 1556 Boecl.
644 1516 931 1556 Chrestomath.
948 1515 1128 1562 Terent.)
1156 1516 1242 1554 Sic:

414 1582 572 1609 causam
590 1569 764 1608 bellandi
782 1569 948 1620 reperire
974 1568 1068 1615 xxii,
1087 1573 1111 1609 3
1158 1569 1247 1607 ido-

413 1636 527 1662 neam
546 1622 721 1661 nancisci
749 1621 790 1667 ii,
809 1626 838 1661 6
876 1623 978 1661 hanc
993 1633 1148 1661 causam
1163 1623 1245 1661 dic-

361 1693 364 1696 ·
414 1677 582 1715 titabant
598 1688 683 1714 esse
715 1674 807 1713 belli
832 1674 886 1721 vi,
916 1679 937 1715 1
982 1687 1138 1714 causam
1164 1688 1247 1714 om-

414 1742 505 1768 nem
521 1729 723 1768 transserre
743 1727 786 1767 in
802 1727 971 1780 aliquem
990 1727 1169 1781 (culpam
1189 1741 1247 1768 re·

407 1782 547 1834 jicere,
566 1789 622 1828 et,
642 1787 686 1820 ut
705 1795 795 1820 mox
815 1780 991 1832 additur)
1008 1781 1112 1820 illius
1130 1795 1249 1834 opera

411 1837 561 1876 factum
593 1836 831 1874 contendere
850 1841 894 1873 ut
921 1849 985 1881 xv,
1020 1839 1046 1875 8
1091 1848 1249 1874 causam

412 1890 545 1929 dicere
559 1890 636 1939 (sc.
662 1888 702 1926 in
729 1887 908 1941 judicio)
935 1888 1004 1935 vii,
1032 1891 1059 1928 4
1107 1889 1247 1941 capitis

411 1943 477 1996 (in
490 1943 644 1995 judicio
659 1942 819 1994 capitali
836 1954 906 1993 pro
918 1955 959 1981 se
973 1943 1088 1981 verba
1099 1942 1247 1996 facere)

413 1997 469 2045 xi,
487 2001 528 2037 3.
556 1996 636 2042 xix,
656 1999 682 2036 2
714 1995 857 2046 judicii
876 1995 1022 2047 publici
1041 2008 1156 2047 agere
1173 1995 1247 2049 (de

415 2049 656 2102 causidico),
675 2048 738 2087 Fr.
757 2053 784 2089 4
831 2061 951 2088 causa
987 2049 1146 2101 cognita
1182 2050 1247 2103 (in

409 2104 562 2156 judicio
598 2101 839 2155 examinata)
883 2102 912 2148 i,
941 2106 967 2143 7
1013 2115 1132 2143 causa
1165 2109 1247 2150 tua,

413 2171 501 2197 mea
515 2157 620 2196 istud
637 2156 741 2195 facio
750 2155 955 2209 (quoniam
970 2170 1057 2195 mea
1071 2156 1250 2207 interest)

414 2224 481 2258 xv,
502 2214 528 2250 4
556 2222 674 2263 super
691 2222 810 2249 causa
840 2209 908 2248 tali
924 2210 1026 2249 mitti
1045 2209 1247 2264 (negotio)

413 2264 469 2310 iv,
489 2268 516 2304 4

361 2318 513 2357 Cedere
531 2315 728 2367 (praebere
752 2328 794 2354 se
811 2315 1048 2361 necessitati,
1067 2329 1146 2354 non
1165 2316 1247 2355 luc-

415 2371 488 2408 tari
506 2370 691 2408 adversus
717 2368 926 2419 impotent.
956 2368 1116 2420 popul.)
1144 2368 1202 2414 iii,
1224 2373 1246 2408 l

415 2423 511 2462 Tale
529 2428 589 2461 est
609 2436 619 2460 z
647 2422 787 2460 cedere
800 2421 960 2460 invidiae
988 2435 1027 2468 v,
1048 2425 1073 2461 3
1110 2423 1249 2461 cedere

415 2475 531 2516 alicui
551 2475 592 2513 in
610 2488 651 2514 re
669 2474 779 2514 nulla
804 2475 872 2521 xii,
889 2478 916 2514 2
961 2475 1127 2527 alicujus
1156 2488 1249 2515 auc·

416 2527 565 2569 toritati
591 2527 643 2581 (i.
659 2541 698 2567 e.
713 2527 846 2573 alicui,
863 2533 1024 2579 propter
1041 2529 1250 2568 auctorita-

415 2581 516 2631 tem)
541 2581 625 2628 xiii,
646 2585 671 2622 3
699 2579 925 2633 pertinaciae
953 2580 1048 2629 xxii,
1067 2586 1092 2622 2
1134 2581 1251 2621 Italia

414 2650 505 2684 xxv,
524 2639 552 2676 9
593 2635 681 2688 (Sic
711 2633 858 2676 Justin.
901 2633 1005 2681 xxxi,
1025 2641 1065 2676 6.
1113 2636 1182 2688 qui
1210 2643 1252 2675 et

414 2696 427 2715 ‘
441 2691 582 2731 cedere
599 2689 729 2728 alieno
765 2701 887 2741 regno
901 2688 912 2706 ’
949 2689 1050 2727 dixit
1080 2691 1184 2736 xxix,
1203 2689 1251 2740 2)

413 2746 555 2784 cedere
580 2742 692 2781 hosti
720 2740 795 2795 (de
823 2742 926 2782 duce
954 2742 1069 2795 belli)
1104 2744 1197 2790 xxii,
1226 2748 1248 2784 l

415 2799 480 2839 Sic
497 2813 506 2837 ε
537 2797 677 2836 cedere
695 2795 783 2835 loco
803 2795 863 2849 (in
883 2795 1016 2848 praelio
1033 2795 1110 2847 sc.)
1137 2796 1206 2843 xii,
1225 2801 1246 2836 1

415 2857 619 2892 cesserunt
636 2850 722 2888 haec
741 2849 779 2888 ei
813 2862 997 2901 prospere
1030 2850 1104 2902 (de
1137 2851 1251 2890 rebus

417 2905 554 2957 gestis,
566 2903 820 2954 secundoque
838 2901 1003 2955 eventu)
1030 2903 1110 2950 xiv,
1127 2907 1149 2944 1

363 2959 503 2999 Celare
535 2957 707 3008 aliquem
741 2955 870 3010 (quod
895 2955 1070 3008 paratur)
1099 2957 1206 3004 xxiii,
1225 2961 1251 2997 2

417 3012 546 3052 celare
566 3009 774 3048 commissa
800 3023 864 3054 xv,
883 3011 908 3048 3
943 3009 1060 3048 celari
1078 3011 1152 3049 hoc
1171 3024 1251 3049 non

417 3065 548 3118 potuit
565 3063 604 3103 ei
630 3062 698 3108 vii,
716 3067 741 3101 6
770 3062 939 3102 celatum
956 3068 1017 3102 est
1033 3063 1108 3102 hoc
1127 3064 1253 3103 minus

417 3120 630 3171 diligenter
657 3115 711 3162 ix,
726 3119 751 3155 6

365 3172 574 3212 Celebrare
591 3168 670 3222 (sc.
689 3169 822 3207 funus.
840 3169 891 3208 de
910 3169 1037 3208 officio
1071 3171 1254 3222 exequia-

419 3225 526 3278 rum)
554 3227 658 3270 xx‚5
702 3223 777 3261 hoc
795 3222 1032 3262 celebratum
1061 3230 1122 3263 est
1150 3224 1255 3263 fama

419 3279 529 3324 xii‚1
572 3276 738 3315 maxime
765 3276 862 3322 xi,2
909 3276 995 3330 (Sic
1031 3277 1116 3317 Cic.
1147 3283 1254 3316 ‘om-

420 3331 530 3369 nium
561 3341 734 3368 sermone
767 3329 1034 3376 celebratum,’
1061 3343 1130 3383 pro
1150 3332 1254 3371 dom.

422 3389 464 3423 et
481 3396 551 3434 pro
571 3382 729 3420 Cluent.
748 3382 905 3435 Lamb.)

367 3435 583 3479 celebritas
601 3449 610 3471 ε
630 3434 670 3471 in
695 3435 918 3475 celebritate
935 3437 1074 3476 versari
1089 3437 1152 3490 (in
1169 3438 1255 3477 loco

1167 270 1367 311 INDEX

1355 391 1512 439 aedium,
1545 403 1625 445 quo
1655 390 1786 444 plures
1814 393 2048 437 commeant,
2064 400 2183 443 quem

1355 446 1466 485 multi
1482 447 1638 486 assidue
1652 446 1850 485 celebrant
1861 451 1904 484 et
1915 445 1971 484 fre
2000 443 2185 494 uenum)

1355 500 1464 551 praef.
1491 499 1597 553 (Cic.
1625 500 1675 538 ad
1693 497 1778 538 Att.
1796 498 1854 546 iii,
1872 502 1914 538 7.
1940 503 1953 521 ‘
2013 497 2054 536 di
2081 498 2185 537 cele-

1355 554 1548 600 brstatem,
1565 553 1674 605 fugio
1701 551 1906 592 homines.'
1949 550 2004 589 Et
2029 549 2098 597 xii,
2117 553 2185 591 18.

1356 611 1368 629 ‘
1384 606 1458 645 Me
1507 607 1593 646 haec
1628 606 1798 646 solitudo
1835 604 1964 644 minus
1998 603 2186 650 stimulat,

1355 672 1472 712 quam
1487 659 1564 699 ista
1579 658 1808 700 celebritas.'
1859 659 1924 698 Sic
1937 657 2046 709 apud
2060 656 2188 696 Tacit.

1355 713 1410 752 H.
1430 712 1474 761 ii,
1493 717 1561 760 64,
1573 718 1594 754 1
1615 718 1628 736 ‘
1645 714 1848 754 celebritas
1865 711 2012 751 viarum
2027 710 2055 760 ;’
2067 715 2108 749 et
2121 723 2190 762 ap.

1357 767 1590 813 Quintilian.
1621 767 1747 806 decla.
1777 770 1874 807 266.
1902 764 2187 804 ‘celeberrimae

1354 819 1455 858 viae.'
1475 819 1530 857 Et
1541 833 1606 872 ap.
1618 819 1703 859 Cic.
1717 820 1759 858 in
1774 819 1882 860 Part.
1893 818 2002 858 Orat.
2018 817 2189 857 celebres

1357 873 1430 912 loci
1451 885 1546 924 opp.
1565 873 1725 912 desertis
1742 887 1753 911 ι
1779 886 1816 911 v.
1829 869 2130 924 Scbopp.Veris.
2147 869 2193 916 ii,

1358 930 1424 967 lo.
1471 926 1646 965 Gronov.
1678 927 1763 966 obs.
1789 925 1848 972 iii,
1880 928 1947 967 16.
1995 931 2039 964 et
2070 923 2190 963 Thes.

1358 979 1578 1032 Buchneri)

1304 1032 1459 1078 Celeria
1491 1033 1663 1073 remedia
1707 1046 1798 1079 xxv,
1815 1035 1868 1072 21
1915 1029 2012 1085 (Vir
2047 1028 2192 1070 clariss.

1358 1100 1447 1140 exp.
1480 1086 1666 1133 laxantia,
1689 1085 1921 1139 digerentia‚
1939 1082 2188 1130 resolventia,

1357 1154 1445 1193 quae
1459 1141 1612 1192 pellunt
1625 1140 1836 1187 obstantia,
1851 1144 1896 1178 ut
1908 1137 2048 1178 Horat.
2060 1137 2189 1190 loqui-

1357 1200 1419 1233 tur
1437 1195 1517 1233 Sat.
1546 1194 1589 1241 ii,
1609 1198 1635 1234 4
1662 1194 1824 1239 Nescio,
1844 1205 1895 1231 an
1913 1192 2019 1231 hunc
2035 1203 2190 1231 sensum

1357 1249 1552 1295 admittat,
1597 1249 1705 1300 quod
1752 1246 1923 1292 additur,
1960 1244 2169 1297 faciliaque

1359 1301 1522 1341 celerius
1552 1301 1699 1341 factum
1715 1299 1986 1355 (praesentiore
2002 1297 2168 1338 consilio

1358 1356 1436 1401 xiv,
1449 1359 1476 1395 6
1494 1355 1692 1394 celeritate
1709 1353 1899 1406 consequi
1911 1351 2062 1406 aliquid
2073 1352 2192 1405 (con-

1359 1409 1613 1448 ficiendarum
1644 1406 1790 1469 rerum)
1817 1408 1938 1454 ximo
1985 1411 2097 1445 tauta
2131 1405 2189 1444 uti

1360 1463 1436 1514 (sc.
1473 1460 1748 1514 expeditionis,
1766 1460 1934 1513 itineris)
1962 1458 2057 1508 xvii,
2073 1462 2102 1499 2
2148 1465 2189 1499 et

1360 1515 1452 1563 xvii,
1471 1520 1498 1556 4
1526 1515 1590 1555 Sic
1607 1530 1617 1554 ε
1646 1515 1821 1555 celeritas
1835 1513 1991 1554 consilii
2005 1512 2193 1552 universis

1361 1569 1477 1608 saluti
1511 1569 1588 1607 fuit
1631 1568 1724 1615 xvii,
1738 1572 1766 1609 6
1810 1566 2008 1608 celeritate
2043 1566 2193 1619 ingenii

1360 1633 1496 1661 omnes
1511 1622 1666 1662 vincere
1680 1619 1907 1712 (ayxwolqg
1933 1619 2043 1667 xviii,
2063 1622 2086 1660 1
2127 1632 2193 1659 ce-

1362 1674 1490 1714 leriter
1507 1675 1684 1727 accipere
1702 1687 1792 1727 quas
1817 1681 1876 1713 tra
1905 1678 2048 1714 untur:
2112 1673 2191 1725 sig-

1362 1728 1433 1767 nif.
1459 1727 1645 1768 docilitas
1657 1727 1828 1781 ingenii)
1865 1740 1956 1774 nr,
1987 1731 2010 1768 1

1362 1782 1495 1822 classis
1513 1782 1637 1835 (intra
1652 1782 1770 1822 breve
1788 1779 1962 1834 tempus)
1989 1780 2034 1827 ii,
2050 1783 2079 1820 2
2106 1792 2195 1832 per-

1363 1836 1495 1876 venire
1511 1835 1564 1874 ad
1591 1836 1854 1888 principatum
1889 1848 1930 1882 v,
1955 1837 1983 1874 2
2024 1833 2197 1886 pecunia
2254 1864 2260 1870 .

1361 1889 1498 1930 deesse
1515 1890 1637 1942 coepit
1661 1903 1702 1937 x,
1720 1892 1746 1929 7
1792 1888 1958 1941 poenitet
1987 1887 2092 1927 bunc
2109 1887 2197 1940 ejus

1361 1943 1457 1982 facti
1495 1957 1535 1990 v,
1569 1947 1594 1983 3
1641 1942 1806 1995 reperire
1840 1954 1930 1994 qua‘.
1964 1953 2066 1994 opus
2090 1941 2135 1988 ii,
2171 1944 2194 1982 1

1363 1996 1577 2036 restituitur
1593 1997 1678 2037 hoec
1696 1997 1787 2035 urbs
1814 1996 1894 2043 xvi,
1912 1998 1938 2035 3

1310 2050 1493 2091 Censoris
1509 2050 1643 2089 munia
1668 2050 1774 2097 xxiV‚
1791 2053 1818 2090 2
1968 2071 1971 2073 -

1311 2104 1519 2145 Censorius
1535 2103 1627 2158 (qui
1645 2102 1856 2156 aliquando
1882 2112 2085 2141 censuram
2111 2113 2197 2153 ges-

1364 2157 1434 2211 sit)
1461 2158 1565 2205 xxiv,
1587 2161 1609 2198 1
1666 2156 1749 2196 Alii
1767 2156 2004 2198 Censorinus
2021 2154 2084 2194 vel
2101 2167 2202 2195 con-

1365 2212 1543 2251 sobrinus
1559 2211 1662 2251 male

1311 2263 1527 2305 Centenius
1546 2265 1595 2306 C.
1613 2269 1755 2317 praetor
1772 2263 1880 2304 cadit
1905 2262 2016 2309 xxiii,
2034 2266 2062 2303 4
2124 2279 2127 2284 ·

1311 2317 1414 2357 Cera
1448 2318 1767 2358 circumfundunt
1800 2316 1929 2356 Amici
1971 2314 2199 2367 Agesilaum

1364 2371 1443 2424 (sc.
1459 2376 1507 2410 ut
1522 2376 1734 2410 servaretur
1751 2383 1774 2409 a
1793 2367 1984 2422 corrupt.)
2012 2368 2105 2414 xvii,
2123 2372 2150 2408 8

1312 2423 1514 2464 Ceraunus
1559 2437 1740 2477 cognom.
1786 2422 1991 2465 Ptolemaei
2043 2422 2123 2468 xxi,
2168 2426 2194 2462 3

1365 2478 1492 2530 (quod
1510 2477 1601 2517 ideo
1624 2482 1763 2517 nactus
1791 2482 1867 2523 est,
1893 2475 2003 2528 quod
2032 2475 2073 2514 in
2091 2475 2195 2514 bello

1368 2531 1478 2582 quasi
1495 2529 1732 2570 fulminaret.
1749 2528 1910 2582 Lamb.)

1313 2582 1496 2623 Cernitur
1506 2585 1582 2623 hoc
1595 2584 1732 2646 oculis,
1745 2583 1857 2637 (plus
1874 2587 1936 2622 est
1951 2593 2069 2634 quam
2085 2582 2194 2634 quod

1314 2637 1808 2732 0233&ssssssssssssssssss
1820 2639 1962 2732 3333.
1974 2688 2197 2744 principatu

1367 2744 1605 2798 (aemulatio)
1630 2745 1674 2792 ii,
1691 2749 1718 2785 6

1315 2797 1473 2838 Certum
1508 2798 1705 2838 hominem
1741 2798 1793 2837 ad
1829 2797 2000 2850 aliquem
2043 2795 2196 2836 mittere

1366 2852 1566 2905 (Thucyd.
1599 2851 1719 2907 ἄνδρα
1747 2850 1911 2904 raon-bv)
1939 2851 1994 2898 ir,
2013 2854 2039 2891 2
2074 2855 2200 2889 certos

1368 2905 1545 2945 homines
1576 2907 1727 2945 mittere
1761 2907 1812 2944 ad
1848 2905 2019 2956 aliquem
2054 2901 2125 2949 vii,
2146 2905 2198 2942 lo

1368 2959 1419 2997 ad
1455 2964 1607 2998 montes
1638 2958 1745 3005 xviii,
1776 2963 1804 3000 9
1846 2964 1971 2998 certos
2002 2956 2200 3009 praeficere

1367 3012 1480 3051 forib.
1499 3013 1662 3064 quinon
1679 3012 1882 3051 discedant
1908 3025 1948 3058 x,
1966 3013 1994 3051 9
2020 3010 2092 3064 (de
2110 3010 2200 3048 des-

1370 3065 1561 3104 tinatione
1591 3066 1777 3118 peculiari
1809 3067 1859 3105 ad
1893 3077 1953 3104 res
1983 3063 2199 3103 obeundas.

1369 3117 1434 3158 Sic
1463 3119 1660 3170 eleganter
1677 3117 1866 3158 dicimus:
1897 3131 1967 3170 per
1982 3123 2108 3158 certos
2126 3116 2199 3154 ho-

1371 3171 1495 3211 mines
1514 3174 1644 3211 omnia
1677 3173 1814 3212 rescire
1843 3177 2010 3225 poterat.
2037 3167 2195 3217 Boecl.)

1372 3231 1517 3264 certam
1533 3227 1637 3266 diem
1658 3227 1897 3278 praestituere
1928 3223 2045 3263 alicui
2070 3221 2139 3267 xii,
2170 3226 2194 3260 3

1372 3279 1574 3319 certiorem
1592 3281 1720 3319 facere
1749 3279 1916 3331 aliquem
1944 3277 1987 3316 id
2016 3275 2080 3327 agi
2106 3273 2150 3321 ii,
2170 3280 2194 3314 6

1374 3339 1494 3379 certe,
1512 3334 1573 3373 vel
1603 3338 1725 3380 certo,
1752 3332 1908 3372 vincere
1933 3329 2026 3375 xxii,
2044 3333 2067 3369 1
2110 3328 2195 3381 (Sic

1371 3384 1522 3438 integer
1535 3393 1596 3427 est
1614 3387 1741 3436 locus)

1319 3438 1490 3492 Ceryces
1517 3439 1603 3493 (Sic
1624 3438 1800 3478 nonnulli
1830 3434 1985 3489 legunt)
2023 3435 2089 3482 vii,
2107 3438 2148 3477 ⁴1.
2168 3437 2195 3480 6

2105 1733 2195 1766 ecta
2240 1738 2244 1740 “
