2306 3900
291 242 398 296 568

675 254 853 295 NOTAE
894 254 1228 295 VARIORUM
1271 255 1336 294 ΙΝ
1380 256 1432 295 G.
1475 255 1736 295 NEPOTIS

290 375 482 416 venisset.·
500 384 507 389 “
527 374 656 415 Act-ho
676 374 719 414 in
739 374 872 414 sacris
891 372 1027 414 literis
1050 386 1173 415 voca·
1228 382 1418 435 jann-503
1448 383 1562 437 quod
1583 384 1693 424 male
1712 382 2029 438 commiserant,
2051 385 2116 438 ip.

291 445 381 491 tur,
400 438 545 482 Judic.
562 452 594 480 1.
610 442 678 480 13.
696 444 740 480 et
754 440 934 492 Joseph.
949 439 1049 480 bell.
1067 439 1173 482 Jud.

289 503 366 544 lib.
389 515 439 544 11.
461 506 527 543 1⁷.
571 503 910 544 Rescribendum
944 504 1092 556 itaque
1129 504 1173 543 iu

291 565 473 612 Hieron.
528 566 724 618 Epistola
777 567 830 608 ad
897 566 1173 608 Eustochium

292 642 441 674 xxvn.
471 633 483 654 ⁴
500 631 710 673 Pervenit
726 631 781 673 ad
803 631 910 683 Ace,
945 644 1039 685 quae
1061 643 1173 672 nunc

288 694 525 736 Ptolemais
559 694 718 737 dicitur
735 697 764 737 ι’
806 697 877 737 ubi
911 696 1037 748 vulgo
1073 694 1176 736 Goth

289 758 442 800 vitiose
459 760 614 802 editur.
644 760 798 806 Schott.

349 823 471 863 Gazoe
492 829 622 864 custos
643 826 785 878 regioe]
812 824 1043 865 Habebunt
1071 825 1174 864 Per-

291 899 435 929 sarum
470 889 612 941 Reges
648 891 692 929 in
727 890 906 942 singulis
942 889 1172 941 provinciis

291 952 505 1004 aerarium,
549 954 776 1006 aerariique
813 951 1059 1006 praefectos.
1115 953 1175 992 Et

290 1015 354 1056 ita
372 1017 546 1057 Curtius
567 1016 873 1069 Bagophanem
894 1015 1006 1056 arcis
1036 1020 1083 1056 et
1109 1027 1174 1057 re·

291 1079 374 1132 giae
402 1080 599 1132 pecuniae
621 1079 843 1121 custodem
871 1085 1078 1121 memorat
1095 1079 1170 1121 lib.

290 1154 334 1183 ν.
382 1143 539 1183 Exstat
557 1142 680 1183 Darii
699 1142 894 1195 Epistola
913 1142 1029 1195 apud
1048 1143 1172 1185 Jose-

289 1206 420 1259 phum
439 1207 514 1247 lib.
530 1218 595 1247 xl.
611 1211 650 1248 4.
673 1219 758 1260 qua
778 1212 971 1259 sumptus
992 1206 1047 1246 ad
1067 1213 1173 1247 tem·

289 1270 353 1322 pli
388 1269 774 1324 Hierosolymitani
790 1279 793 1283 ·
811 1270 1172 1325 constructionem

290 1334 336 1375 ἐκ
352 1334 425 1375 τοῦ
435 1335 646 1381 βασιλικοῦ
657 1333 950 1387 Γαζοφυλακίου
965 1333 1035 1374 τὸν
1057 1334 1176 1387 φόρον

288 1400 360 1447 τῆς
410 1399 623 1452 Σαμαρείας
672 1399 941 1452 suppeditari
982 1398 1174 1439 mandat.

289 1463 422 1515 Apud
472 1464 656 1504 eundem
692 1463 944 1516 Josephum,
983 1461 1174 1514 ejusdem

290 1527 391 1568 libri
432 1540 530 1580 cap.
560 1533 600 1568 5.
651 1527 821 1568 Xerxes
872 1525 1026 1567 Esdrae
1064 1538 1174 1578 prae·

290 1592 383 1633 beri
396 1593 528 1645 jubet
546 1605 764 1634 sacrorum
786 1597 986 1646 sumptus:
1001 1592 1175 1639 ἐκβασι·

289 1658 403 1697 λικοΰ
413 1656 730 1716 Γαζοφυλακζουε
753 1655 891 1710 eaque
903 1656 1022 1698 dessre
1041 1657 1175 1709 scrip-

291 1722 397 1763 sisse
428 1721 735 1763 se2Praefectis
765 1720 907 1762 aerarii
935 1720 1100 1774 Syriam
1130 1725 1176 1761 et

292 1785 556 1827 Phoenicem.
611 1783 769 1826 Strabo
799 1783 872 1826 lib.
897 1795 972 1826 XV.
1018 1783 1178 1824 Persa-

292 1866 386 1894 rum
415 1855 572 1906 Reges,
599 1854 704 1895 licet
736 1853 846 1893 Susa
874 1850 999 1892 valde
1031 1861 1176 1890 ornas·

291 1922 405 1968 sent,
434 1916 701 1957 nihilominus
722 1916 852 1957 etiam
870 1914 1051 1956 coluisse
1070 1914 1175 1954 Per·

292 1979 462 2032 sepolin
493 1976 828 2032 et‘Pasargada‘
851 1978 1061 2029 scribens,
1102 1978 1175 2018 ad-

291 2042 371 2094 dit,
398 2042 485 2083 illic
505 2055 653 2094 gazam
672 2044 731 2083 et?
738 2043 985 2084 thesaurum
1003 2042 1175 2095 Regum

289 2104 440 2147 fuisse.
476 2105 736 2159 Pasargadis
756 2108 928 2158 quoque
946 2104 1050 2157 Cyri
1064 2104 1177 2157 prio-

292 2171 352 2209 ris
365 2171 588 2211 thesauros
600 2170 807 2211 Arrianus
821 2181 892 2210 111.
906 2168 1072 2210 scribit.
1091 2169 1176 2209 Pe-

291 2233 431 2273 cuniae
451 2245 570 2285 ergo,
592 2245 687 2286 quae
706 2233 917 2274 thesauris
934 2231 1176 2282 infereban-

292 2301 378 2348 tur,
392 2296 599 2336 Custodes
614 2295 848 2347 habebant,
860 2294 935 2348 qui,
947 2293 1176 2346 Γαζοφύλα-

291 2375 356 2401 κες
376 2366 585 2402 vocantur
603 2356 628 2399 'a
646 2359 836 2411 Josepho
854 2370 918 2400 xi.
939 2365 985 2399 et
1001 2358 1175 2411 Γαζοφυ-

291 2423 505 2465 λακοῦντες
525 2437 551 2465 a
575 2415 769 2465 Diodoro
789 2423 934 2464 Siculo
963 2423 1037 2464 lib.
1058 2433 1174 2464 xvu.

292 2487 476 2530 Brisson.
540 2519 543 2521 -
593 2516 595 2519 ι
688 2516 689 2520 ,
752 2515 779 2522 ·-
831 2517 834 2519 -

347 2553 530 2607 Namque
548 2564 633 2592 eam
656 2563 737 2592 esse
767 2551 1075 2592 consuetudinem
1097 2551 1176 2592 Re-

289 2616 405 2668 gum]
437 2615 489 2655 Id
521 2617 668 2656 volunt
700 2622 872 2668 qu‘oque
905 2615 1036 2656 verba
1067 2615 1176 2658 Julii

295 2673 547 2720 Classiciani
582 2679 697 2731 apud
732 2678 872 2720 Tacit.
907 2678 1064 2720 Annal.
1101 2678 1178 2719 lib.

293 2755 391 2784 xiv.
411 2746 478 2784 38.
508 2743 521 2766 ‘
540 2743 676 2783 Simul
696 2742 739 2782 in
758 2742 908 2783 urbem
928 2742 1179 2795 mandabat,

290 2808 452 2847 nullutn
469 2807 709 2859 praeliorum
729 2806 856 2847 tinem
872 2811 1179 2859 exspectarent

293 2872 375 2911 nisi
397 2871 702 2911 succederetur
716 2871 920 2911 Suetonio
937 2884 948 2910 ε
969 2870 1090 2923 cujus
1104 2869 1177 2910 ad-

293 2948 420 2976 versa
452 2935 653 2987 pravitati
686 2935 839 2987 ipsius,
878 2945 1087 2987 prospera
1121 2935 1177 2976 ad

292 2999 511 3041 fortunam
531 2998 733 3051 Reipubl.
753 2997 1001 3039 referebat!
1051 2998 1176 3039 Simi-

291 3065 395 3106 liter
409 3063 502 3105 fere
514 3064 739 3105 Sallustius
758 3062 874 3104 Hist.
889 3063 960 3103 lib.
975 3075 1026 3104 u.
1056 3064 1068 3086 ‘
1087 3061 1176 3102 Ad-

291 3129 375 3168 hoe
394 3127 628 3168 rumoribus
644 3126 823 3167 adversa
837 3126 879 3166 in
894 3127 1177 3178 pravitatem;

294 3191 484 3232 secunda
512 3192 556 3231 iu
590 3202 758 3240 casum3
788 3188 1004 3230 fortunam
1038 3189 1080 3228 in
1112 3194 1175 3229 te-

291 3254 537 3294 meritatem
552 3253 807 3294 declinando
818 3249 1177 3305 corrumpebant.’

293 3314 367 3355 Ita
385 3315 692 3368 propemodum
713 3315 921 3368 Populus,
938 3320 984 3355 et
1004 3314 1058 3355 de
1073 3315 1177 3355 Car·

295 3377 538 3430 thagineusi
572 3379 669 3419 Val.
703 3390 754 3420 ιι.
785 3383 824 3420 7.
866 3379 879 3402 ‘
908 3378 1034 3422 Quod
1068 3379 1177 3419 bene

293 3447 531 3494 gesserant,
562 3443 754 3484 Deorum
783 3442 1082 3484 immortalium
1104 3442 1175 3483 ad-

1231 3250 1312 3302 jici
1343 3248 1522 3301 imperio
1535 3247 1562 3287 ?’

1235 457 1376 487 sorum
1396 448 1537 500 culpae
1554 447 1848 500 imputantes!
1870 447 1997 490 Gema.
2036 450 2117 490 Lo·

1234 520 1330 550 cum
1359 509 1552 562 explicat
1580 511 1731 552 Justus
1757 510 1928 564 Lipsius
1946 510 1991 551 in
2010 512 2116 553 Not.

1235 572 1290 613 ad
1308 573 1439 614 Polit.
1458 573 1532 615 lib.
1552 586 1623 615 ιιι.
1643 578 1684 616 2.
1742 576 1846 615 Eam
1864 586 1946 615 esse
1961 587 2117 616 consue·

1234 636 1407 682 tudinem
1435 638 1590 690 regum]
1619 638 1672 678 In
1705 638 1879 692 optimis
1914 639 2120 692 Excerpt.

1234 701 1408 752 regiam.-
1429 707 1477 742 ut
1493 702 1695 744 Miltiade
1711 708 1757 743 et
1767 702 1973 744 Themist.
1990 703 2005 726 ‘
2017 715 2116 744 eum

1236 764 1464 805 classiariis
1486 765 1657 817 regi—iss
1686 766 1758 806 ubi
1789 771 1932 808 tamen
1946 767 2057 818 regis
2074 767 2118 808 in

1235 826 1385 867 iisdem
1404 827 1769 885 schedis.,Keu01-.

1293 889 1407 935 Quod
1441 890 1582 942 quibus
1621 901 1696 931 rex
1737 892 1907 933 maxime
1942 892 2118 944 obediat]

1237 954 1335 995 Non
1356 955 1476 1007 cepit
1493 955 1606 996 hunc
1623 956 1765 996 locum
1786 956 2032 1009 Lambinus,
2050 963 2118 999 ut-

1237 1026 1340 1070 pote
1361 1019 1495 1071 quiin
1515 1020 1801 1061 monumentis
1829 1026 2024 1062 veterum
2054 1026 2119 1062 at·

1237 1082 1443 1123 tendebat
1476 1083 1620 1135 potius
1654 1083 1800 1136 verba,
1827 1096 1957 1138 quam
1975 1095 2119 1125 rerum

1235 1146 1521 1198 maiestatem.
1549 1147 1742 1199 Exponit
1753 1148 1864 1188 euim
1874 1147 2027 1189 obedire
2038 1148 2119 1189 hoc

1235 1209 1328 1250 loco
1341 1208 1476 1250 videri
1490 1209 1602 1251 idem
1617 1211 1776 1263 valere,
1789 1211 1901 1264 quod
1911 1211 2121 1265 πείθεσθαι,

1236 1273 1412 1314 credere
1449 1279 1495 1314 et
1523 1273 1654 1314 fidem
1689 1273 1866 1327 hahere,
1893 1275 2014 1329 sequi
2041 1275 2118 1316 ali-

1237 1337 1361 1389 cujus
1398 1337 1622 1378 consilium
1669 1343 1717 1379 et
1759 1337 1904 1379 fidem.
1940 1339 2118 1392 .Nugae.

1235 1399 1461 1452 Ingenium
1495 1406 1539 1442 et
1573 1401 1862 1453 conditionem
1888 1413 2037 1455 regum
2056 1402 2119 1442 ἐκ·

1235 1462 1492 1515 καλὺπεται,
1537 1465 1663 1518 inque
1705 1477 1875 1506 scenam
1918 1466 2120 1519 producit

1235 1526 1475 1579 Pandates,
1506 1528 1732 1581 quitinane
1764 1534 1932 1571 tautum
1962 1542 2119 1572 nomen

1235 1590 1469 1644 possident,
1495 1591 1637 1644 reipsa
1655 1598 1800 1633 autem
1819 1599 1918 1633 sunt
1937 1593 2121 1646 subiecti

1236 1659 1366 1706 atque
1385 1654 1592 1696 obediunt
1609 1656 1678 1696 vel
1697 1656 1917 1710 uxoribus,
1935 1658 2006 1698 vel
2023 1669 2120 1710 spa·

1235 1716 1435 1770 donibus,
1476 1718 1545 1758 vel
1581 1719 1654 1760 alii
1696 1719 1865 1760 cuidam
1900 1721 2119 1774 nebuloni,

1238 1781 1309 1835 qui
1324 1782 1576 1835 Principem
1594 1795 1674 1828 eeu
1695 1782 1927 1838 αὐτόματον,
1945 1797 2030 1839 quo
2043 1797 2122 1826 vo·

1235 1846 1346 1897 lunt,
1389 1845 1632 1899 impellunt.
1700 1849 1772 1889 De
1807 1849 1959 1890 eadem
1992 1861 2040 1901 re
2073 1849 2120 1891 in

1236 1909 1422 1951 eundem
1439 1910 1609 1950 modum
1638 1911 1827 1965 loquitur
1845 1911 2024 1954 Diodor.
2034 1913 2120 1954 lib.

1238 1984 1299 2014 xv
1304 1985 1353 2015 11.
1365 1973 1518 2014 Ἀνεῖλε
1525 1972 1565 2014 δὲ
1578 1974 1738 2025 Βαγώας
1747 1974 1814 2015 καὶ
1823 1974 1914 2017 τοὺς
1925 1975 2119 2029 ἆδελφοὺς

1239 2037 1418 2089 [Arsis,]
1440 2038 1555 2079 ὄντας
1573 2037 1682 2080 νέους
1697 2042 1914 2091 παντελῶς,
1933 2039 2034 2082 ὅπως
2049 2056 2118 2091 μο-

1237 2100 1370 2142 νωθεὶς
1383 2101 1404 2140 ὁ
1415 2090 1619 2144 νεανίσκος
1631 2103 1792 2154 ’μᾶλλον
1818 2102 1986 2152 ὑπήκοος
2014 2105 2120 2156 αὐτᾷ

1236 2162 1414 2216 γένηται.
1455 2166 1528 2206 De
1543 2166 1732 2219 ejusdem
1749 2167 1909 2220 Bagoae
1924 2168 2122 2209 Eunuchi

1238 2230 1435 2280 potentia
1454 2228 1567 2269 idem
1582 2229 1654 2271 lib.
1669 2230 1830 2271 xv1.‘0
1847 2229 1889 2272 δὲ
1900 2231 2062 2283 Βαγώας
2078 2233 2121 2273 ἐν

1237 2293 1324 2332 ταῖς
1341 2291 1419 2332 ἅνω
1437 2293 1688 2345 σατραπείαις
1714 2291 1869 2335 ἅπαντα
1885 2296 1945 2347 rifi
1959 2298 2123 2342 βασιλεῖ

1237 2356 1443 2407 διῳκηκὼς,
1460 2356 1653 2396 τοσοῦτον
1667 2356 1812 2408 ἴσχυσε
1840 2357 1902 2398 διὰ
1917 2357 1993 2406 τὴν
2025 2359 2120 2411 πρὸς

1237 2417 1308 2459 τὸν
1324 2417 1503 2472 Μέντορα
1521 2418 1718 2461 κοινωνίαν
1729 2422 1808 2460 τῶν
1818 2420 2001 2473 πραξέὼν,
2015 2423 2120 2465 ὥστε

1159 2506 1164 2519 ;
1237 2484 1309 2531 τῆς
1321 2482 1526 2529 βασιλείας
1537 2473 1667 2536 κύριος
1669 2468 1855 2545 εἶναι,καὶ
1868 2483 1988 2535 μηδὲν
2000 2484 2120 2538 πράτ-

1237 2563 1321 2588 τειν
1339 2547 1434 2589 τ’ὺν
1462 2547 1715 2602 Ἀρταξέρξην
1749 2548 1861 2590 ἄνευ
1858 2551 1943 2599 τῆς
1973 2549 2121 2591 ἐκείνου

1238 2611 1405 2662 γνώμης.
1443 2612 1519 2652 Καὶ
1550 2612 1651 2663 μετὰ
1666 2613 1741 2661 τὴν
1760 2613 1904 2654 ἐκείνου
1928 2613 2121 2663 τελευτὴν

1238 2676 1330 2718 τοὺς
1349 2675 1552 2728 διαδόχους
1565 2676 1625 2718 ἀεὶ
1653 2676 1860 2724 βασιλείας
1883 2675 1997 2720 οὗτος
2028 2678 2121 2720 ἀπε-

1238 2741 1402 2794 δείκνυε,
1412 2741 1476 2782 καὶ
1491 2739 1620 2782 πάντα
1628 2740 1822 2788 βασιλέὼς
1834 2740 1918 2793 εἶχε
1932 2743 2039 2791 πλὴν
2049 2745 2121 2792 τῆς

1238 2805 1513 2859 προσηγορίας.
1583 2805 1701 2848 Quid
1731 2812 1873 2846 autem
1908 2811 1976 2848 est
2004 2806 2120 2847 aliud

1238 2868 1359 2919 μηδὲν
1385 2868 1571 2922 πράττειν
1595 2868 1685 2909 ἄνευ
1711 2869 1866 2920 γνώμης
1896 2869 2024 2922 hujus
2051 2870 2120 2911 vel

1238 2934 1366 2985 illius,
1415 2946 1507 2974 uam
1523 2932 1727 2973 obedire?
1747 2945 1872 2986 quam
1893 2945 1987 2974 esse
2004 2946 2121 2974 man·

1238 2996 1396 3049 cipium
1413 2996 1450 3036 ν’
1472 2995 1603 3036 issimi
1615 2995 1892 3045 tenebrionis,
1903 3008 2027 3049 quem
2045 3009 2121 3037 rex

1239 3061 1331 3112 ipse
1365 3071 1418 3100 ex
1480 3058 1617 3099 nfimis
1658 3059 1854 3100 sordibus
1893 3060 2125 3111 produxit?

1240 3129 1314 3164 aut
1332 3128 1381 3163 ut
1410 3123 1438 3164 J
1493 3122 1606 3163 tinus
1635 3122 1825 3175 loquitur
1848 3122 1928 3175 lib.
1948 3135 2053 3166 xm.
2080 3128 2121 3165 2.

1237 3186 1250 3208 ‘
1269 3185 1347 3226 sub
1378 3197 1562 3237 persona
1590 3185 1704 3235 regis
1730 3185 2000 3237 indignorum
2019 3185 2120 3226 sub·

1619 3247 1751 3300 Apud
1780 3247 1975 3288 Tacitum
1996 3247 2120 3289 clau·

1239 3314 1334 3354 dius
1353 3310 1679 3365 obtemperabat
1694 3310 1947 3363 Agrippinae
1964 3310 2120 3353 Annal-

1238 3377 1313 3417 lib.
1328 3387 1413 3417 ιιι.
1430 3380 1498 3416 59.
1555 3375 1667 3415 Item
1683 3373 1870 3414 libertis:
1891 3374 2118 3416 ‚luvenalis

1241 3440 1331 3480 Sat.
1352 3450 1448 3480 x1v.
1479 3440 1491 3461 ‘
1509 3436 1691 3479 Indulsit
1718 3437 1864 3478 Caesar
1893 3437 1961 3479 cui
1992 3439 2118 3480 Clau-
