2306 3900
296 244 405 297 602

299 378 400 420 dum
421 378 614 418 censuit:
648 378 757 419 Hinc
786 391 872 421 cum
903 382 1054 432 tempus
1082 385 1182 422 esset

297 440 436 481 visum.
465 441 665 482 Boecler.

355 505 487 549 Quum
505 504 571 544 ille
589 503 752 546 Sar-deis
767 518 808 547 se
825 506 973 546 iturum
991 507 1181 560 dixisset]

296 567 530 618 Polyaenus
547 567 621 608 lib.
643 579 694 610 11.
712 569 901 622 Strateg.
920 569 965 610 in
981 569 1182 622 Agesilao

298 630 421 670 stom.
439 632 481 673 9.
504 630 746 682 Ἀγησίλαος
761 632 824 672 ἐπὶ
838 631 993 686 Σάρδεις
1011 633 1182 675 ἐλαύνων

298 696 444 743 καθῆκε
475 695 725 748 λογοποιοὺς,
768 698 819 739 ὡς
862 698 1060 748 ἐξαπατῶν
1087 703 1181 739 Τισ-

298 757 507 812 σαφέρνην.
583 761 673 802 Car
721 767 864 803 autem
913 763 1180 815 potissimum

298 833 392 863 sese
430 823 474 864 in
513 823 685 865 Cariam
712 825 996 878 irruptionem
1041 826 1182 866 moliri

297 887 542 938 sparsisset,
598 899 772 929 caussas
823 887 992 930 addidit
1045 889 1181 930 Fron-

302 950 378 992 tin.
424 951 624 1004 Scriptor
651 952 1009 1004 prudentissimus
1028 958 1075 994 et
1094 954 1182 994 ele·

295 1014 569 1066 gantissimus
609 1015 687 1057 lib.
731 1026 763 1057 r.
799 1019 840 1058 8.
883 1017 1068 1069 exempl.
1113 1020 1181 1058 12.

295 1078 309 1101 ‘
335 1077 564 1131 Agesilaus
584 1078 951 1132 Lacedaemonius,
985 1091 1082 1121 cum
1118 1079 1182 1120 in-

296 1139 434 1182 ferret
458 1142 618 1183 bellum
650 1142 923 1196 Tisapherni,
943 1143 1116 1185 Cariam
1135 1155 1182 1184 se

296 1210 451 1257 petere
470 1206 712 1248 simulavit:
746 1207 869 1260 quasi
896 1207 1043 1259 aptius
1077 1207 1182 1247 locis

295 1270 552 1323 montuosis,
576 1270 782 1312 adversus
799 1271 967 1313 hostem
984 1271 1183 1326 equitatu

295 1333 610 1385 praevalentem
630 1339 910 1387 pugnaturus.
966 1335 1057 1375 Per
1072 1335 1183 1376 hanc

298 1395 465 1436 consilii
510 1398 865 1449 ostentationem,
909 1404 1092 1439 avocato
1138 1398 1183 1438 in

297 1459 468 1500 Cariam
485 1460 765 1514 Tisapherne,
780 1461 875 1514 ipse
891 1461 1089 1513 Lydiam,
1107 1461 1182 1503 ubi

296 1528 429 1574 caput
448 1523 634 1564 hostium
654 1524 774 1576 regni
793 1529 906 1575 erat,
920 1524 1090 1577 irrupit,
1106 1535 1182 1577 op-

297 1585 556 1638 pressisque,
569 1586 640 1639 qui
667 1587 757 1627 illic
775 1587 979 1639 agebant,
998 1588 1183 1640 pecunia

298 1649 422 1702 regia
438 1649 602 1701 potitus
620 1649 717 1690 est.’
746 1650 949 1691 Gebhard.

352 1713 549 1753 Eandem·
568 1712 754 1764 Cariam]
783 1714 926 1756 Quam
961 1719 1090 1756 antea
1115 1719 1183 1756 tu·

302 1780 420 1816 tatus
438 1774 597 1817 fuerat.
622 1777 823 1829 Xenopli.
842 1777 961 1820 Plut.

351 1839 447 1880 Sero
463 1839 546 1880 suis
559 1840 744 1892 presidio
766 1840 988 1894 profectus]
1015 1842 1184 1884 Quarto

296 1901 370 1943 die
388 1908 619 1956 postquam
636 1902 865 1956 Agesilaus
880 1904 973 1957 jam
1000 1905 1184 1958 Lydiam

295 1967 513 2020 ingressus
533 1979 584 2008 ac
599 1960 832 2020 populatus
852 1974 963 2022 erat,
982 1974 1032 2010 ut
1050 1970 1185 2012 tradit

298 2032 543 2086 Xenophon
561 2033 713 2074 iisdem
731 2033 855 2084 locis.
882 2033 1067 2076 Lambin.

350 2099 510 2150 Magna
543 2101 631 2138 erat
661 2099 800 2150 proedoe
826 2098 995 2152 potitus]
1037 2100 1185 2141 Xeno-

297 2159 442 2212 phon:
486 2160 629 2201 Πολλὰ
657 2160 713 2200 τὰ
738 2160 936 2210 ἐπιτήδεια
950 2163 1004 2215 τῇ
1020 2164 1186 2217 στρατιᾷ

299 2220 400 2275 εἶχε,
420 2224 548 2264 aliter
563 2226 741 2277 παρεῖχε.
799 2226 896 2266 Hoc
928 2231 1111 2278 tantum,
1138 2227 1182 2266 id

299 2293 382 2339 est,
402 2288 560 2328 multas
588 2301 658 2329 res
690 2289 902 2330 exercitui
922 2291 1183 2331 necessarias

296 2352 482 2404 paravit.
511 2351 637 2393 Idem.

353 2413 504 2455 Hostes
515 2416 693 2467 equitatu
705 2416 907 2468 superare]
926 2416 1182 2469 Superiores

295 2487 407 2526 esse,
437 2478 690 2530 praevalere,
717 2483 768 2519 ut
797 2479 987 2532 loquitur
1011 2480 1182 2521 Fronti-

299 2551 396 2582 nus.
450 2539 574 2582 Infra
602 2540 797 2584 Hannib.
840 2543 854 2566 ‘
885 2543 1184 2596 superabatur

295 2604 470 2645 navium
501 2605 794 2658 multitudine,
823 2606 922 2648 dolo
954 2613 1050 2648 erat
1077 2619 1183 2661 pug-

293 2667 515 2710 nandum!
569 2669 718 2710 Caesar
737 2671 902 2714 Comm.
919 2671 995 2712 lib.
1015 2683 1100 2714 vn.
1114 2675 1182 2714 65.

295 2729 308 2752 ‘
330 2730 478 2771 Caesar
497 2733 611 2785 quod
629 2733 776 2774 hostes
803 2734 1000 2787 equitatu
1019 2735 1184 2788 superi-

298 2806 397 2836 ores
429 2808 524 2837 esse
555 2797 853 2850 intelligebat?
917 2799 1084 2840 Graecis
1115 2805 1184 2842 est

297 2857 563 2911 ἱπποκρατεΐν.
591 2860 772 2902 Diodor.
797 2861 870 2903 lib.
893 2871 1033 2904 xvux.
1058 2861 1184 2903 Ἀντί-

296 2935 458 2973 πατρος,
476 2922 631 2975 inquit,
649 2921 778 2975 κρίνας
805 2922 869 2963 ἐπὶ
897 2925 971 2964 τοῦ
987 2925 1180 2979 παρόντος

295 2984 470 3036 ἡσυχίαν
499 2984 622 3038 ἔχειν,
655 2985 722 3026 καὶ
757 2989 903 3039 θεωρῶν
937 2987 1031 3030 τοὺς
1063 2996 1184 3030 πολε-

299 3049 407 3100 μίους
439 3049 782 3103 ἱπποκρατοῦντας,
810 3049 884 3099 τὴν
912 3050 984 3101 μὲν
1025 3052 1087 3094 διὰ
1102 3055 1183 3095 τῶν

299 3113 404 3155 ὅλων
420 3113 695 3169 προσχόρησιν
711 3111 879 3165 ἀπέγνω.
911 3115 1040 3156 Gebh.

353 3178 568 3231 Nunquam
597 3178 642 3218 in
673 3190 806 3231 compo
824 3177 998 3228 miserit
1011 3182 1180 3231 potesta-

295 3242 394 3294 tem]
434 3241 522 3281 Ubi
554 3240 771 3293 equitatus
799 3241 936 3282 solum
968 3241 1104 3294 utilis,
1135 3246 1182 3282 et

295 3301 560 3354 fugientibus
581 3315 705 3344 omne
734 3304 937 3357 praecidit
955 3302 1181 3358 effugium,

297 3376 348 3405 ac
385 3363 513 3405 facile
562 3367 731 3407 ordines
767 3367 964 3420 peditum
1003 3368 1179 3421 rumpit.

297 3426 551 3480 Myronides
582 3427 872 3481 Atheniensis,
905 3430 1060 3483 Ὁρᾶτε,
1088 3428 1181 3482 ἔφη,

294 3490 342 3534 τὸ
360 3490 503 3534 πεδίον·
528 3490 577 3533 ὥς
598 3491 640 3533 ἐν
668 3491 783 3545 πεδίῳ
799 3491 971 3546 τοσούτῳ
985 3493 1178 3545 πολεμίων

683 260 861 300 No'rAE
902 259 1234 302 VARIORUM
1277 262 1341 301 ΙΝ
1383 263 1433 302 C.
1472 263 1736 304 NEPOTIS

1241 381 1381 424 ἵππους
1409 381 1589 433 ἐχόντων,
1606 380 1725 433 εἰμὲν
1740 380 1954 435 φεύγωμεν,
1969 384 2118 437 ἀνάγκη

1242 444 1450 487 διωκόντων
1462 445 1606 488 ἱππέων
1615 445 1775 488 &aevae
1796 448 1911 501 apud
1923 449 2119 501 Polyaen.

1242 509 1316 550 lib.
1344 521 1378 551 1.
1407 511 1516 553 Quae
1545 518 1788 564 congruunt
1816 524 1912 552 eum
1944 511 2121 554 Orontis

1242 577 1549 625 strategemate
1578 574 1651 615 lib.
1686 587 1768 616 vu.
1800 577 1958 628 Πρῶτον
1984 574 2057 627 μὲν
2073 575 2122 626 δὴ

1241 635 1452 688 προσέταξε
1466 637 1750 688 τοῖς”Ελλησιν
1759 640 2121 694 ἐπιστραφῆναιζκαὶ

1241 697 1334 740 ἰδεῖν
1346 698 1395 739 τὸ
1411 699 1541 741 πεδίον
1571 700 1718 755 intuor,
1732 702 1960 757 ἐμφανίζων,
1984 704 2037 746 ὣς
2051 704 2122 745 οὐκ

1242 761 1366 804 ἅντις
1391 762 1464 812 τὴν
1478 762 1587 815 τάξιν
1603 763 1729 807 λύσας
1753 765 1844 808 τοὺς
1871 766 2010 810 ἱππέας
2039 769 2122 809 δια·

1241 825 1376 878 φύγοι.
1413 828 1613 870 Gebhard.
1666 829 1870 872 conflixit
1896 837 2041 873 tamen
2068 832 2123 873 ad

1242 890 1514 933 Maeaudrum
1533 890 1774 945 Agesilaus,
1801 894 1915 946 quod
1945 895 2124 938 videbat

1242 952 1430 994 nondum
1450 952 1694 1006 peditatum
1724 954 1910 996 hostium
1938 957 2091 998 adesse
2108 970 2122 998 ι

1243 1021 1294 1058 ut
1313 1028 1411 1058 cum
1429 1016 1586 1069 hostes,
1607 1018 1818 1070 praemissi
1849 1019 1903 1060 ab
1920 1018 2124 1072 Agesilao

1243 1080 1477 1134 equitatus,
1495 1079 1660 1122 interea
1677 1081 1780 1123 dum
1795 1082 2034 1135 pedestreis
2051 1095 2124 1125 co-

1243 1143 1337 1196 pias
1354 1143 1532 1184 instruit
1549 1156 1599 1185 ac
1615 1144 1818 1198 disponit,
1831 1145 2039 1199 impetum
2057 1159 2124 1189 sa-

1243 1206 1300 1248 tis
1331 1205 1506 1248 fortiter
1523 1210 1813 1263 excepissent,
1838 1210 2003 1264 reliquo
2029 1212 2124 1264 jam

1243 1270 1439 1311 exercitu
1471 1271 1682 1323 producto
1716 1272 1780 1326 illi
1814 1274 1961 1315 statim
2000 1279 2125 1328 terga

1244 1333 1475 1386 dederunt,
1508 1340 1555 1376 et
1587 1348 1734 1377 eorum
1770 1337 1844 1378 alil
1886 1338 1930 1378 in
1962 1338 2127 1379 Maean-

1244 1397 1367 1437 drum
1401 1408 1446 1438 se
1466 1399 1716 1451 praecipites
1745 1405 1944 1452 egerunt,
1973 1401 2048 1441 alii
2079 1401 2124 1441 in

1243 1458 1346 1512 fuga
1373 1469 1495 1512 spem
1526 1462 1676 1502 salutis
1700 1469 1953 1515 posuerunt.
2010 1464 2124 1517 Age-

1242 1525 1374 1565 silaus
1400 1530 1544 1566 autem
1573 1526 1725 1566 castris
1756 1526 1940 1567 hostium
1959 1528 2126 1579 potitus

1243 1591 1327 1638 est,
1343 1592 1391 1628 et
1409 1588 1632 1641 plusquam
1661 1590 1936 1642 septuaginta
1958 1590 2125 1631 talenta

1243 1648 1404 1702 praedae
1435 1656 1590 1691 nactus
1621 1657 1706 1701 est,
1740 1657 1787 1693 et
1817 1654 2004 1694 camelos
2032 1659 2126 1694 tum

1244 1714 1426 1765 primum
1457 1713 1738 1755 barbarorum
1771 1716 1906 1769 cepit,
1941 1729 2048 1770 quos
2079 1717 2125 1757 in

1244 1777 1463 1819 Graeeiam
1482 1776 1646 1829 abegit.
1675 1779 1858 1820 Lambini.

1301 1841 1412 1882 cn.
1430 1844 1470 1882 4.
1500 1840 1588 1882 Hic
1604 1853 1694 1882 cum
1723 1842 1875 1895 animo]
1914 1843 2126 1885 Fortassis

1243 1902 1490 1956 legendum,
1524 1904 1569 1944 in
1602 1905 1764 1954 anirum,-
1805 1905 2019 1959 quomodo
2048 1907 2129 1948 Το-

1246 1967 1412 2008 rentius
1447 1967 1631 2022 Adelph.
1664 1980 1698 2009 1.
1733 1972 1771 2010 l.
1804 1973 1844 2010 5.
1882 1969 1960 2011 ‘in
1987 1970 2128 2012 animo

1247 2032 1442 2085 cogitare
1455 2031 1483 2082 3’
1512 2037 1558 2073 et
1577 2044 1678 2073 mox
1696 2043 1761 2073 vs.
1781 2036 1847 2074 15.
1883 2032 1898 2056 ⁶
1918 2033 1965 2073 in
1983 2033 2125 2075 animo

1246 2095 1484 2136 instituere'
1502 2095 1627 2137 dixit.

1303 2159 1483 2200 Nuntius
1505 2159 1543 2199 ei
1567 2160 1678 2199 domo
1694 2158 1822 2212 venit]
1847 2158 2126 2212 Epteydidss.

1246 2223 1578 2275 Xenoph.‘l·:m.
1608 2222 1683 2263 lib.
1715 2233 1782 2263 ιν.
1803 2222 1922 2263 Plut.
1945 2222 2129 2273 Ἀγησιλ.

1247 2287 1451 2327 Meminit
1492 2286 1626 2326 etiam
1662 2285 1797 2326 Diod.
1842 2285 2011 2325 Siculus
2050 2285 2124 2326 lib.

1246 2358 1346 2390 xlv.
1365 2348 1442 2389 sed
1471 2348 1611 2388 nuntii
1629 2358 1785 2387 nomen
1809 2357 1909 2387 cum
1927 2346 2127 2387 Cornelio

1246 2411 1418 2452 reticet.
1446 2410 1646 2452 Kena-ben.

1302 2476 1505 2528 Ephorum
1536 2473 1671 2526 ἄεισον]
1725 2473 1812 2515 Alii
1853 2474 1951 2515 libri
1989 2475 2126 2516 ναίων.

1247 2539 1361 2581 Nam
1391 2538 1453 2579 illi
1472 2539 1587 2589 ,iussa
1616 2537 1950 2589 substituerunt,
1969 2539 2044 2592 qui
2069 2539 2126 2579 de

1246 2603 1341 2656 ejus
1356 2602 1611 2655 integritate
1624 2601 1892 2643 dubitarunt.
1922 2602 2047 2644 Gebk.

1301 2665 1559 2706 Athenienses
1583 2669 1624 2706 et
1649 2666 1827 2707 Boeotios
1841 2665 2034 2706 indixisse
2049 2666 2130 2707 Ia-

1245 2728 1511 2781 cedoemoniis]
1536 2729 1675 2769 Suasu
1693 2734 1740 2769 et
1765 2729 2030 2770 auctoritate
2045 2730 2129 2772 Co-

1246 2793 1385 2845 nonis,
1411 2805 1493 2846 per
1519 2792 1732 2835 Oratores
1749 2792 1935 2834 Graeeioe
1951 2792 2130 2834 Persico

1248 2869 1354 2898 auro
1369 2862 1611 2910 corruptos,
1626 2857 1679 2897 ad
1699 2856 1745 2897 id
1758 2856 1982 2897 adductos.
1999 2855 2128 2909 Poly-

1247 2931 1367 2961 aenus
1383 2920 1427 2960 in
1446 2919 1622 2961 Conone
1642 2920 1763 2960 Com.
1782 2919 1859 2960 lib.
1879 2931 1913 2960 ι.
1933 2923 1974 2960 8.
1994 2918 2127 2960 Κόνων

1245 2981 1483 3036 Φαρναβάζῳ
1519 2983 1748 3033 συμμαχῶν,
1783 2979 2025 3032 ’Amandone
2047 2981 2125 3031 τὴν

1243 3047 1380 3089 Ἀσίαν
1404 3048 1648 3100 πορθοῦντος,
1678 3044 1810 3086 ἔπεισε
1846 3044 2000 3099 Πέρσην
2030 3060 2127 3100 χρυ-

1244 3111 1328 3153 σίον
1343 3110 1491 3164 πέμψαι
1514 3113 1597 3152 τοῖς
1614 3111 1861 3162 δημαγωγοῖς
1883 3113 1961 3152 τῶν
1976 3110 2128 3153 πόλεων

1242 3177 1317 3225 τῆς
1340 3173 1546 3217 Ἑλλάδος.
1598 3175 1712 3217 Vide
1730 3175 1969 3228 sequentia.
2000 3175 2127 3216 Gebh.

1243 3239 1404 3282 Justin.
1433 3238 1511 3280 lib.
1543 3249 1608 3282 vl.
1632 3241 1676 3280 4.
1714 3237 1729 3262 ‘
1749 3238 1887 3279 Primi
1909 3239 2125 3291 Thebani,

1245 3301 1548 3344 auxiliantibus
1580 3300 1931 3354 Atheniensibus,
1962 3301 2124 3342 bellum

1245 3365 1586 3408 Lacedaemoniis
1605 3362 1822 3406 intulere.'

1298 3432 1350 3473 In
1382 3430 1572 3482 Comitio]
1613 3429 1668 3470 In
1699 3429 1810 3479 loco,
1840 3427 1915 3468 ubi
1949 3428 2125 3471 comitia

1243 3494 1573 3547 peragebantur.
1642 3491 1785 3533 Livius
1820 3490 1891 3533 lib.
1933 3502 2007 3536 xz..
2052 3496 2122 3536 2⁹.
