2306 3900
306 260 415 315 634

309 398 356 433 et
403 390 678 444 Lysimachus
714 396 762 432 et
797 391 1002 433 Seleucus
1040 389 1187 433 volne-

308 461 427 504 runt,
470 453 642 494 Seleuci
679 465 769 494 esse
816 466 984 496 omnem
1025 455 1189 508 Syriam

299 518 568 570 judicavere.
624 517 736 559 Haec
754 517 829 558 ibi.
885 519 993 562 Quae
1007 517 1190 560 fortasse

307 586 535 620 moverunt
574 580 824 633 Eusebium,
865 586 915 622 ut
950 583 1191 635 scripserit,

309 645 536 685 Seleucum
557 645 739 697 primum
766 645 808 686 in
832 646 958 699 Syria
986 659 1189 700 regnasse

308 719 442 748 annos
461 711 529 748 32.
558 709 681 749 Drus.

370 772 422 811 Et
440 771 679 825 hujusfilius
707 771 957 823 Demetrius]
991 772 1078 815 Qui
1105 772 1190 813 Po-

306 834 511 875 liorcetes
530 835 686 887 dictus,
702 835 783 875 hoc
802 840 883 887 est,
902 835 1056 875 urbium
1068 835 1194 876 obses·

308 910 386 949 sor.
441 898 576 952 Cujus
596 898 857 951 cognominis
870 898 1106 938 vanitatem
1126 910 1191 938 ar-

309 960 402 1013 guit
413 960 671 1000 Plutarchus
684 960 727 999 in
741 961 941 1000 Demetr.
960 960 1192 1001 Ber-neom.

309 1023 534 1064 Vitruvius
572 1034 618 1064 x·
649 1026 717 1063 23.
773 1024 788 1048 ‘
822 1023 908 1063 Hic
947 1023 1193 1064 Demetrius

311 1091 491 1139 propter
510 1085 641 1125 animi
665 1086 949 1137 pertinaciam
973 1086 1193 1127 Poliorce-

309 1154 377 1190 tes
413 1154 481 1189 est
517 1147 799 1201 appellatus!
863 1149 990 1191 Quod
1026 1149 1194 1190 Plinius

307 1215 617 1264 expugnatorem
645 1211 850 1263 reddidit,
867 1223 951 1252 vn.
970 1215 1051 1253 38.Δ
1094 1213 1196 1253 Fuit

310 1274 422 1315 filius
459 1274 684 1327 Antigoni,
728 1279 777 1315 ut
814 1274 913 1315 heic
952 1274 1103 1326 Nepos
1150 1279 1197 1315 et

310 1339 532 1381 Justinus:
563 1350 645 1378 non
678 1337 900 1390 Antiochi,
920 1343 969 1378 ut
997 1337 1195 1378 emenda-

312 1402 374 1442 vit
419 1402 473 1443 ad
520 1401 654 1454 Trogi
700 1403 874 1453 Prolog.
911 1412 987 1441 xv.
1028 1401 1197 1443 Histor.

311 1466 505 1517 Philipp.
545 1465 835 1517 Bongarsius:
878 1476 1000 1505 socer
1027 1465 1196 1506 Seleuci

315 1527 564 1579 Nicanoris,
601 1528 738 1581 Syriae
774 1528 924 1580 Regis,
959 1529 1028 1568 cui
1064 1528 1196 1569 filiam

312 1604 430 1632 suam
447 1591 718 1632 Stratonicen
736 1591 781 1631 in
801 1603 979 1632 uxorem
999 1591 1196 1632 dederat.

314 1655 467 1696 Keuch.
522 1654 609 1695 Hic
628 1654 701 1694 ine
729 1654 989 1703 Demetrius,
1008 1654 1080 1707 qui
1107 1655 1198 1694 De-

311 1719 511 1759 metrium
525 1718 798 1769 Phalereum,
808 1717 1034 1758 Cassandri
1048 1718 1198 1758 Mace·

312 1776 456 1822 doniae
494 1780 626 1834 Regis
678 1780 880 1833 auspiciis
937 1780 1017 1820 sub
1055 1780 1199 1833 specie

311 1843 576 1896 Oligarchiae
586 1842 766 1883 Athenis
777 1843 1082 1894 dominantem,
1093 1844 1199 1884 urbe

314 1908 499 1960 expulit,
516 1914 563 1947 et
582 1907 804 1959 pristinam
824 1907 1093 1959 Reipublicae
1113 1907 1199 1948 for·

314 1981 430 2011 mam
455 1982 506 2011 ac
537 1970 788 2011 libertatem
815 1970 1017 2011 restituit.
1073 1970 1200 2012 Anno

313 2034 452 2075 altero
484 2034 661 2087 Olymp.
690 2045 838 2076 cxnx.
876 2034 995 2076 istud
1024 2035 1200 2086 accidit,

317 2104 492 2140 auctore
505 2099 697 2138 Diodoro
714 2098 789 2138 lib.
807 2109 889 2138 xx.
942 2099 1051 2139 'rum
1066 2097 1201 2151 igitur

317 2163 504 2215 populus
535 2161 824 2214 Atheniensis,
842 2161 1083 2202 incredibili
1109 2174 1202 2214 ges-

318 2226 430 2266 tiens
450 2225 604 2266 laetitia
623 2224 679 2264 ob
699 2229 998 2276 recuperatam
1025 2224 1202 2264 liberta·

318 2293 424 2339 tem,
453 2293 551 2340 post
579 2299 784 2327 annorum
817 2297 896 2327 xxr.
933 2287 1201 2337 servitutem,

319 2352 366 2391 in
416 2350 607 2392 ornando
640 2349 869 2389 Demetrio
907 2349 1013 2388 nihil
1051 2348 1202 2401 reliqui

321 2413 443 2455 fecit.
499 2415 636 2453 Facta
651 2418 750 2452 sunt
768 2412 821 2452 de
838 2411 952 2452 illius
972 2412 1202 2451 honoribus

318 2475 439 2517 varia
463 2475 858 2525 Senatusconsulta,
885 2486 1065 2526 quorum
1093 2486 1204 2514 sum-

319 2551 433 2579 mam
447 2538 580 2579 habes
600 2537 715 2589 apud
735 2537 1011 2578 Plutarchum
1032 2542 1077 2577 et
1095 2537 1204 2577 Dio-

319 2603 484 2644 dorum.
540 2601 694 2643 Refert
710 2601 968 2642 Plutarchus
987 2601 1102 2641 inter
1121 2601 1207 2641 alia

322 2665 548 2706 decretum
576 2663 725 2714 fuisse,
751 2661 937 2713 δέχεσθαι
966 2660 1204 2715 Δημήτριον,

323 2727 457 2769 ὁσάκις
471 2728 519 2768 ἂν
536 2726 801 2779 παραγένηται
816 2728 901 2767 τοῖς
917 2725 1123 2779 Δημητρὸς
1139 2726 1204 2767 καὶ

321 2790 511 2832 Διονύσου
542 2792 742 2841 ξενισμοῖς.
786 2789 955 2830 Casaub.
1001 2790 1106 2832 Mss.
1125 2802 1203 2843 pro

322 2856 438 2907 hujus
454 2855 606 2906 legunt
623 2854 719 2903 ejus.

376 2917 653 2970 Lysimachus]
705 2915 955 2968 Agathoclis
972 2914 1101 2968 filius,
1118 2927 1205 2956 vn.

323 2982 419 3022 Rex
431 2980 716 3021 Macedoniae.
743 2979 855 3018 Vide
875 2978 1044 3019 Arrian.
1069 2978 1207 3020 Indic.

323 3043 398 3084 lib.
418 3054 492 3084 111.
514 3047 580 3083 12.
644 3042 874 3081 Thraciam
898 3042 1205 3094 adpositasque

324 3106 524 3147 Thraciae
573 3105 779 3144 Ponticas
818 3109 969 3155 gentes
1013 3104 1209 3145 obtinere

319 3171 479 3223 jussus.
527 3167 702 3208 Curtius
739 3178 785 3208 x.
823 3170 888 3208 10.
982 3167 1211 3209 Quondam

327 3245 435 3272 unns
451 3244 475 3272 e
490 3231 740 3272 custodibus
753 3229 998 3271 Alexandri.
1023 3230 1208 3270 Pausan.

327 3294 509 3334 Plinius.
538 3294 624 3336 Qui
643 3293 802 3333 illustri
817 3293 1093 3345 ⁶Macedoniae
1113 3295 1210 3334 loco

327 3360 472 3402 natus,
498 3356 658 3395 virtute
683 3354 890 3395 illustrior
908 3353 1006 3396 fuit.
1045 3356 1209 3397 Justin.

333 3416 549 3468 Regnavit
577 3428 707 3455 annos
742 3428 785 3456 v.
859 3417 1055 3470 Quinque
1087 3418 1211 3459 initio

331 3490 466 3533 regna
480 3477 671 3530 fuerunt,
691 3478 818 3530 Asiae,
831 3479 1046 3532 Thraciae,
1064 3480 1211 3522 Mace·

690 274 868 314 NOTAE
911 273 1244 315 VARIORUM
1287 275 1351 315 {N
1394 277 1443 315 C.
1482 275 1749 315 NEPOTIS

1251 392 1409 445 doniae,
1423 394 1576 446 Syriae,
1592 393 1796 447 AEgypti.-
1833 393 1995 439 Postea
2012 393 2128 447 quic·

1252 457 1355 511 quid
1383 458 1634 510 *Lysimachi
1663 458 1819 510 fuerat,
1844 457 2128 498 Macedonico

1254 532 1388 572 regno
1417 521 1651 573 adjectum,
1681 521 1834 573 partim
1862 520 1918 560 ab
1937 519 2031 559 aliis
2059 531 2129 559 oc·

1255 589 1457 634 cupatum
1476 589 1556 626 est.
1609 584 1724 624 Vide
1744 582 1927 623 Diodor.
1946 580 2104 624 Justin.

1307 646 1507 699 Seleucus]
1583 648 1877 699 cognomento
1926 645 2130 686 Nicanor.

1254 708 1476 749 Eusebius.
1530 709 1728 759 Nicator,
1741 709 1829 749 alii.
1884 708 1992 750 Quae
2012 712 2135 759 puta-

1216 815 1218 817 ,
1255 776 1325 810 tur
1353 783 1448 811 esse
1477 783 1580 811 vera
1602 771 1880 812 Macedonica
1908 770 2134 810 dialectns.

1253 831 1503 885 Appellatio
1536 846 1561 873 a
1594 835 1797 880 victoriis,
1830 845 1935 886 quas
1967 832 2135 873 habuit.

1254 895 1343 936 Alii
1371 896 1534 936 dictum
1569 897 1632 936 ita
1666 901 1823 948 putant
1858 908 1884 936 a
1926 895 2134 936 Nicatore

1254 960 1440 1012 quodam
1465 971 1595 1000 caeso.
1638 959 1825 999 Drusius.
1846 987 1848 989 -
1880 956 1921 998 A
1941 958 2133 998 victoriis
2160 1004 2165 1009 .

1257 1022 1420 1063 dictum
1465 1021 1670 1074 Νικάτωρα
1729 1021 1861 1064 tradit
1906 1019 2133 1073 Appianus

1255 1086 1446 1138 Syriaco.
1477 1087 1722 1127 Ammianus
1738 1095 1875 1125 xxm.
1904 1084 1917 1106 ‘
1939 1082 2135 1124 Nicatori

1255 1150 1439 1191 Seleuco
1457 1149 1731 1190 victoriarum
1751 1147 1959 1188 crebritas
1972 1146 2054 1186 hoc
2074 1146 2136 1186 in-

1257 1214 1431 1255 diderat
1466 1212 1766 1266 cognomenti!
1828 1210 1954 1252 Unde
1978 1209 2138 1250 intelli-

1260 1281 1393 1333 gitur,
1427 1280 1530 1334 quid
1564 1279 1675 1319 idem
1704 1276 1784 1319 sibi
1811 1277 1919 1318 velit
1945 1276 2018 1317 lib.
2038 1286 2135 1316 xlv.

1259 1346 1271 1368 ‘
1300 1344 1505 1384 Seleucus
1545 1342 1752 1382 efficacias
1796 1337 2137 1392 impenetrabilis

1259 1408 1369 1459 Rex,
1389 1412 1437 1446 ut
1452 1406 1616 1445 indicat
1631 1401 1991 1456 cognomentum!
2025 1402 2139 1442 Nam

1256 1468 1561 1520 impenetrabilis
1572 1468 1821 1520 ἑνεργητικῶς
1835 1466 1905 1505 hic
1919 1469 1985 1506 est
1998 1464 2141 1504 omnia

1258 1532 1490 1584 impetrans
1510 1544 1561 1572 ac
1576 1532 1844 1583 pervincens.
1882 1527 2005 1568 Sicut
2032 1527 2045 1549 ‘
2065 1526 2140 1565 im-

1260 1594 1540 1646 penetrabilis
1560 1592 1726 1634 orator’
1759 1592 1919 1631 Plauto
1946 1590 2140 1630 Mostjv.

1259 1662 1301 1698 2.
1357 1658 1475 1698 Hinc
1495 1656 1657 1706 fanum,
1686 1655 1777 1695 sive
1804 1653 1938 1706 ἡρῷον,
1957 1653 2139 1693 Seleuco

1261 1733 1287 1760 a
1303 1719 1392 1760 filio
1412 1718 1628 1770 Antigono
1648 1722 1961 1767 consecratum,
1975 1716 2140 1756 dictum

1261 1780 1614 1834 fuitNucave'pewv.
1643 1779 1831 1833 Appian.
1846 1779 2010 1832 Syriae.
2036 1778 2143 1819 Ber-

1259 1859 1406 1888 neccer.
1461 1847 1585 1886 Anno
1603 1846 1668 1885 M.
1681 1847 1803 1885 3661.
1830 1843 1971 1884 foedus
1989 1843 2143 1884 initum

1262 1917 1330 1952 est
1347 1912 1461 1952 inter
1475 1920 1747 1950 successores
1762 1905 2000 1948 Alexandri
2019 1906 2144 1958 Mag·

1262 1974 1321 2014 ni.
1395 1973 1636 2014 Cassander
1671 1970 1907 2024 praeficitur
1943 1971 2144 2022 Europae,

1264 2037 1537 2090 Lysimachus
1597 2035 1808 2086 Thraciae,
1880 2034 2143 2074 Ptolemaeus

1263 2100 1468 2152 AEgypto,
1500 2097 1742 2150 Antigonus
1775 2096 1907 2146 Asiae,
1938 2095 2143 2136 Seleucus

1263 2163 1417 2216 Syriae.
1445 2161 1624 2202 Diodor.
1664 2160 1705 2201 A
1724 2162 1843 2214 cujus
1859 2159 1959 2200 anni
1977 2163 2143 2199 autum-

1264 2237 1319 2266 no
1337 2225 1561 2265 ordiuntur
1579 2224 1836 2275 chronologi
1852 2233 1983 2263 annos
1998 2221 2147 2262 Seleu-

1265 2288 1470 2338 cidarum,
1513 2287 1604 2326 sive
1657 2298 1786 2326 aeram
1833 2284 2146 2334 chaldaeorum,

1266 2351 1385 2402 cujus
1423 2361 1557 2390 annos
1603 2349 1865 2388 Ptolemaeus
1909 2346 2146 2388 annotavit.

1266 2415 1325 2454 Et
1352 2414 1406 2453 ab
1424 2413 1550 2464 hujus
1569 2412 1668 2463 fine,
1685 2417 1760 2451 ant
1787 2409 2001 2462 sequentis
2020 2409 2144 2449 initio
2178 2453 2188 2464 ι

1267 2476 1369 2516 anni
1395 2476 1664 2525 Graecorum,
1696 2474 1740 2513 in
1777 2473 1916 2514 Libris
1945 2472 2147 2514 Machab.

1267 2539 1459 2579 annotati
1478 2542 1768 2578 numerantur.
1796 2535 1982 2575 Bucholz.
2017 2533 2146 2575 Anno

1269 2613 1356 2642 x11.
1402 2615 1428 2642 a
1463 2605 1603 2641 morte
1643 2599 1892 2650 Alexandri,
1933 2603 2148 2650 occupata

1268 2665 1509 2717 Babylone,
1523 2664 1592 2704 hic
1601 2663 1739 2716 Syriae
1753 2670 1799 2703 et
1812 2662 1942 2703 totius
1955 2661 2153 2702 Orientis

1267 2727 1492 2779 imperium
1521 2726 1603 2766 sibi
1633 2726 1882 2775 vindicavit,
1916 2724 2148 2778 sedemque

1267 2789 1684 2842 regniconstituitin
1695 2789 1832 2840 Syria.
1856 2787 1932 2828 Ub.
1951 2789 2079 2828 Emm.
2107 2786 2150 2828 A

1268 2865 1353 2906 quo
1394 2858 1590 2904 tempore
1625 2847 1839 2903 incipiunt
1872 2849 2037 2890 famosa
2075 2850 2152 2890 illa

1269 2917 1426 2957 saecula
1443 2915 1830 2968 Syromacedonum
1849 2919 1895 2954 et
1906 2913 2150 2954 Seleucida·

1272 2991 1364 3020 rum
1384 2980 1427 3019 in
1443 2979 1562 3029 Asia,
1582 2989 1757 3030 qnorum
1777 2978 1908 3029 plena
1926 2981 1994 3017 est
2012 2977 2149 3017 omnis

1272 3041 1520 3093 antiquitas.
1547 3039 1745 3079 Keachen.

1327 3102 1583 3154 Ptolemoeus]
1631 3100 1835 3153 Κεραυνὸς,
1878 3067 2150 3153 Philadelphi

1274 3166 1420 3206 frater.
1478 3164 1684 3216 Polybius
1703 3175 1756 3203 n.
1785 3161 1971 3215 Καιροὶδὲ
1986 3161 2071 3203 καθ’
2084 3160 2151 3202 οὓς

1274 3230 1515 3279 Πτολεμαιος
1533 3229 1554 3266 ὁ
1567 3225 1715 3277 Λάγου,
1744 3226 1809 3266 καὶ
1835 3224 2073 3275 Λυσίμαχος,
2091 3224 2150 3264 ἔτι

1274 3291 1394 3332 δὲκαὶ
1410 3290 1616 3342 Σέλευκος,
1634 3289 1699 3329 καὶ
1709 3284 1987 3338 Πτολεμαῖοι-’ὀ
2005 3292 2150 3339 Κεραυ-

1275 3355 1340 3396 νὸς
1374 3352 1621 3405 μιν-ἤλλαξαν
1650 3351 1721 3391 τὸν
1753 3349 1855 3397 βίον.
1909 3349 2151 3400 Imperavit

1276 3416 1545 3458 Macedoniae
1571 3424 1737 3454 meuses
1759 3422 1825 3452 ιι.
1843 3414 1942 3462 post
1962 3410 2150 3463 Lysima-

1275 3481 1415 3521 chum.
1488 3477 1743 3526 Πτολεμαῖος,
1775 3486 1802 3515 a
1830 3471 2043 3527 πόλεμος,
2079 3475 2170 3530 vel,
