2306 3900
275 263 461 320 xxxvi

276 401 480 442 Cornelius
500 401 544 440 L.
564 401 655 441 Cos.
671 400 778 449 xxiii,
794 407 819 443 8
857 401 1062 443 Cornelius
1081 402 1158 444 ce-

328 457 467 507 thegus
489 470 498 494 2
527 469 565 493 v.
585 455 782 508 Cethegus

273 508 477 553 Cornelius
494 509 626 562 Scipio
642 508 661 548 ε’
682 524 720 548 ν.
738 509 870 561 Scipio

274 562 406 603 Cornu
442 563 605 602 alterum
635 569 768 604 tenere
801 564 874 618 (de
911 569 1019 615 parte
1037 561 1157 614 aciei)

326 617 446 663 xvi‚4
490 630 568 670 quo
599 630 720 656 cornu
747 631 827 658 rem
857 617 978 669 gessit
1003 618 1111 665 xxiii,
1131 622 1156 658 8

325 670 400 723 (de
417 671 537 709 duob.
556 671 654 711 aciei
670 671 851 712 cornibus
870 670 949 711 vid.
967 671 1075 724 Lips.
1107 671 1158 710 de

324 722 419 763 Mil.
441 723 560 763 Rom.
588 725 630 772 ii,
648 724 710 779 7).
739 725 780 764 in
808 725 990 765 cornibus
1013 725 1157 778 juven-

323 791 456 819 corum
485 778 657 832 deligata
681 785 874 819 sarmenta
900 778 1006 826 xxiii,
1026 785 1050 820 5

273 831 429 872 Corona
446 844 561 874 aurea
579 832 770 872 Romanis
785 846 808 871 a
823 833 1007 886 Carthag.
1023 832 1159 885 legatis

326 886 495 925 donatur
518 887 628 934 xxiii,
646 891 672 928 7
711 886 843 940 (Inter
871 887 978 925 dona
1002 887 1159 926 victori·

325 940 399 978 bus
425 947 493 979 aut
524 941 797 993 praepotentib.
825 939 953 980 cultus
983 953 1102 981 causa
1119 945 1160 979 et

326 993 596 1045 gratulationis
623 994 724 1034 mitti
754 993 868 1033 solita
897 1007 967 1046 per
996 993 1159 1047 legatos,

324 1061 431 1100 saepe
458 1061 611 1088 coronae
638 1061 764 1088 aureae
783 1053 1055 1102 memorantur.
1079 1047 1160 1100 Ap.

326 1094 438 1141 curt.
465 1101 518 1149 ἰν,
536 1106 578 1149 2,
596 1106 635 1143 2.
663 1102 774 1156 Tyrii
802 1101 1024 1141 Alexandro
1050 1115 1161 1142 eoro-

325 1168 417 1195 nam
446 1169 602 1195 auream
627 1156 775 1195 donum
793 1156 995 1205 ferebant:
1026 1169 1065 1194 v.
1097 1155 1159 1196 Cl.

328 1209 499 1263 Bemeg.
518 1210 568 1249 ad
587 1210 690 1250 Just.
718 1209 772 1257 xi,
793 1213 860 1257 10,
880 1214 944 1251 10.
972 1209 1133 1262 Boecl.)

275 1263 441 1304 Coronis
475 1264 600 1303 aureis
632 1264 767 1303 donati
797 1262 976 1317 Olympii
995 1263 1162 1303 victores

326 1325 368 1357 et
402 1314 628 1358 Alcibiades
667 1317 736 1365 vii,
762 1322 789 1358 6
831 1318 935 1371 (vid.
971 1317 1161 1371 Olymp.)

324 1373 478 1412 coronis
493 1371 619 1411 aureis
643 1372 811 1412 donatus
839 1372 1065 1411 interfectus
1085 1373 1162 1412 Pe-

325 1425 481 1479 lopidas
507 1426 586 1472 xvi,
616 1431 639 1466 5
686 1423 926 1479 (στεφάνους
961 1424 1163 1466 ἐπινικίους

325 1479 511 1532 intelligit
534 1479 761 1531 Paschalius
780 1480 830 1518 de
849 1479 994 1519 Coron.
1015 1480 1042 1518 l.
1067 1484 1107 1521 7.
1126 1493 1162 1519 c.

326 1538 367 1573 5.
406 1533 518 1574 Alias
536 1532 654 1573 etiam
685 1533 728 1572 in
754 1533 907 1572 coronis
926 1540 1162 1572 mortuorum

327 1599 454 1627 aureae
481 1594 758 1628 memorantur.
791 1585 856 1625 Sic
882 1587 1040 1626 honoris
1066 1600 1160 1640 ergo

325 1654 482 1681 auream
500 1654 683 1681 coronam
702 1640 892 1681 Castricio
917 1647 1065 1680 mortuo
1090 1641 1162 1679 im-

326 1697 551 1747 ponendam
609 1694 870 1747 Pergamenos
932 1694 1164 1742 decrevisse,

327 1756 465 1789 auctor
493 1755 554 1788 est
571 1747 709 1788 Cicero
739 1747 782 1787 in
801 1748 911 1787 Orat.
931 1761 1001 1801 pro
1020 1748 1163 1789 Flacco

325 1816 361 1842 c.
394 1806 460 1844 31.
490 1816 528 1842 v.
571 1801 747 1841 Kirchm.
774 1803 825 1842 de
854 1802 938 1843 fun.
976 1803 1002 1841 l.
1031 1802 1058 1849 i,
1097 1807 1164 1843 11.

325 1853 488 1904 Verum,
510 1862 553 1895 ut
567 1856 663 1903 dixi,
681 1857 766 1896 haec
785 1855 883 1895 nihil
895 1857 946 1895 ad
966 1857 1005 1895 h.
1025 1856 1051 1896 l.
1067 1857 1163 1897 Tro-

254 1938 257 1941 *
325 1923 429 1963 paea,
475 1924 643 1956 coronae,
689 1922 809 1958 arma,
849 1923 916 1963 ap.
963 1910 1164 1951 Plutarch.

320 1964 463 2018 juncta
498 1963 591 2004 satis
621 1965 774 2004 ostend.
811 1977 980 2003 sensum.
1026 1963 1163 2005 Boecl.

324 2016 436 2060 Add.
454 2019 543 2058 Pet.
569 2018 681 2057 Fabri
713 2017 930 2071 Agonistic.
959 2031 1050 2072 pag.
1069 2022 1163 2060 325.

326 2073 586 2124 Dalechamp.
621 2072 672 2111 ad
703 2071 807 2111 Plin.
842 2073 921 2118 xxi,
942 2076 983 2113 3.
1028 2073 1163 2113 Frein-

325 2128 446 2166 shem.
466 2128 517 2166 ad
537 2127 647 2167 Curt.
664 2126 718 2172 iv,
738 2131 778 2173 5,
800 2126 872 2178 ll)
897 2127 961 2166 Sic
978 2142 986 2166 ε
1017 2140 1163 2167 corona

327 2194 444 2221 aurea
462 2180 642 2221 cadaveri
669 2179 853 2219 Marcelli
870 2181 1066 2232 imposita,
1096 2181 1127 2219 F
1130 2195 1158 2220 r.

327 2239 354 2276 9
382 2248 536 2274 coronae
564 2234 687 2288 (inter
705 2247 865 2273 munera
876 2235 1158 2288 AEgyptiorum

325 2289 443 2328 missa
461 2289 511 2327 ad
530 2287 705 2341 Agesil.)
733 2286 827 2333 xvii,
846 2292 872 2328 8
900 2288 1158 2341 (convivales,

328 2342 399 2381 sed
429 2340 631 2394 pretiosas,
649 2341 775 2380 intell.
794 2341 978 2380 Paschal.
995 2343 1047 2380 de
1066 2341 1157 2381 Cor.

327 2394 372 2442 ii,
391 2399 430 2436 3.
445 2394 582 2434 Boecl.
601 2393 761 2446 Magius
780 2406 1020 2448 papyraceas
1038 2393 1157 2434 fuisse

324 2447 476 2502 putat).
503 2459 648 2488 corona
679 2446 836 2487 honoris
869 2448 975 2488 facta
1006 2448 1158 2487 duabus

323 2501 484 2556 virgulis
502 2501 691 2553 oleaginis
709 2514 734 2540 a
762 2500 912 2554 populo
939 2501 1034 2542 Ath.
1065 2502 1160 2542 data

324 2555 570 2610 Thrasybulo
600 2554 681 2602 viii,
698 2557 726 2595 4
754 2555 814 2608 (v.
833 2554 999 2609 Oleag.)
1043 2571 1045 2576 ¹

271 2610 452 2652 Coronea
469 2611 580 2662 (urbs
599 2607 784 2660 Boeotiae)
809 2608 902 2656 xvii,
917 2613 944 2650 4

273 2665 426 2718 Corpus
452 2664 592 2703 mortui
619 2663 827 2716 (cadaver)
854 2663 946 2710 iv‚6
989 2663 1160 2715 corporis

325 2719 496 2772 dignitas
526 2731 607 2756 non
636 2716 838 2756 minimum
867 2718 1163 2757 commendatur

324 2773 444 2827 (sive,
466 2778 510 2811 ut
528 2771 681 2821 Lamb.,
701 2772 970 2823 commendat)
985 2786 1024 2818 x,
1044 2775 1066 2812 1
1098 2771 1160 2810 fir-

326 2828 440 2866 mitas
468 2840 531 2873 xv,
569 2829 594 2866 3
641 2825 813 2877 corporis
849 2826 1006 2865 maximi
1041 2826 1158 2864 homo

325 2882 404 2928 xiv,
421 2885 445 2920 3
488 2892 649 2931 corpore
667 2884 708 2916 et
727 2884 870 2918 statura
888 2879 960 2931 (al.
989 2879 1158 2931 corporis

324 2934 438 2987 stat.)
476 2933 611 2972 similis
654 2932 733 2978 xiv,
771 2936 797 2972 9
835 2946 995 2985 corpore
1018 2933 1160 2986 exiguo

327 3002 413 3029 esse
440 2987 533 3034 xvii,
554 2991 578 3027 8
618 2986 659 3025 in
690 2999 850 3038 corpore
882 2987 1069 3037 fingendo
1090 3001 1159 3026 na·

326 3049 451 3082 turam
470 3040 684 3085 maleficam
702 3039 891 3085 nancisci,
909 3040 1008 3080 ibid.

275 3097 477 3149 Corripere
510 3101 551 3134 et
583 3094 792 3146 complecti
826 3099 953 3145 partes
985 3093 1158 3133 omnium

327 3150 523 3204 (omnium
569 3148 783 3199 potentiam
818 3148 867 3186 ad
905 3161 946 3186 se
991 3147 1160 3199 trahere)

326 3203 436 3250 xviii,
456 3203 498 3243 2²
528 3201 674 3251 (Diod.
694 3202 771 3241 Sic.
789 3202 858 3241 lib.
885 3206 951 3241 18.
991 3209 1052 3241 est
1071 3204 1162 3243 ,τῶν

324 3257 462 3298 ἄλλων
478 3254 676 3306 ἡγεμόνων
693 3256 958 3308 περιαιρείσθαι
971 3256 1044 3298 τὰς
1060 3256 1160 3306 ἐξου-

330 3310 432 3351 σίας.
459 3310 584 3348 Tacit.
604 3311 654 3348 A.
684 3311 737 3354 xi.
753 3315 793 3357 8,
813 3315 838 3350 4
869 3316 879 3332 ‘
895 3315 1023 3362 neque
1041 3324 1161 3354 cunc-

328 3370 432 3404 tatur
463 3363 556 3414 quin
582 3365 772 3413 proximas
805 3363 1050 3416 praefecturas
1076 3376 1160 3404 cor-

324 3416 467 3470 ripiat.'
486 3416 637 3465 Gebh.)

274 3475 529 3522 corrumpere
565 3470 742 3521 Delphos
781 3470 1021 3522 (sacerdotes
1058 3484 1157 3510 orac.

328 3523 536 3578 Delphici)
566 3523 615 3570 vi,
637 3527 660 3562 3
704 3523 870 3575 aliquem
900 3525 1063 3573 pecunia
1096 3539 1156 3570 xv,

1099 275 1301 317 INDEX

1278 407 1304 443 4
1368 408 1569 455 corruptus
1601 414 1626 442 a
1671 414 1761 456 rege
1804 401 1882 454 (sc.
1924 401 2107 454 pecunias

1276 455 1416 504 aliave,
1449 469 1528 509 qua
1562 456 1725 510 perfidia
1756 455 1910 503 emitur,
1937 454 2109 507 ratione)

1275 504 1305 560 i,
1323 514 1349 552 7
1376 509 1564 564 corruptis
1578 509 1747 551 civitatis
1765 509 1934 549 moribus
1950 509 2110 564 (depra-

1274 563 1388 611 vatis,
1406 563 1615 617 perversis)
1650 577 1739 612 xxv,
1759 568 1786 605 6

1221 617 1340 658 Cotta
1354 618 1400 658 L.
1419 618 1512 659 cos.
1529 631 1617 665 xxv,
1633 621 1660 658 4

1223 672 1348 736 Cotys
1381 672 1468 726 (rex
1498 670 1694 725 Thraciae)
1723 671 1803 718 xiii,
1842 675 1865 712 1
1913 669 1999 723 ejus
2030 669 2111 708 filia

1277 739 1331 773 xi,
1351 729 1375 766 3
1471 757 1475 765 .

1222 778 1447 820 Crastinus:
1475 780 1518 818 in
1534 779 1744 819 crastinum
1761 777 1914 820 differre
1933 790 2015 817 rem
2032 776 2108 831 (sc.

1274 832 1402 885 diem)
1428 833 1508 879 xvi,
1527 834 1552 873 3
1734 855 1751 865 Δ·

1223 887 1403 927 Craterus
1420 888 1542 939 (unus
1557 899 1580 925 e
1594 883 1759 926 ducibus
1771 884 1887 929 Alex.
1899 883 1985 938 M.)
2003 883 2110 931 xviii,

1275 944 1302 981 2
1339 941 1449 980 cadit
1473 938 1584 986 xviii,
1599 943 1625 980 4
2044 984 2050 988 ,

1224 994 1415 1034 Creantur
1441 1001 1622 1046 praetores
1649 993 1678 1039 i,
1695 996 1723 1033 4
1751 1005 1860 1044 reges
1886 989 1995 1039 xxiii,
2010 992 2037 1030 7

1225 1048 1369 1089 Creber
1387 1047 1590 1088 sententiis
1617 1047 1690 1103 (de
1712 1047 1816 1086 bono
1832 1044 2020 1098 oratore),
2048 1043 2111 1088 Fr.

1225 1155 1394 1197 Credere
1411 1155 1585 1195 fortunas
1597 1166 1686 1194 suas
1703 1153 1797 1193 fidei
1811 1151 1978 1206 alicujus
2003 1149 2113 1199 xxiii,

1277 1213 1304 1250 9
1346 1210 1553 1262 pecuniam
1583 1209 1700 1249 alicui
1731 1208 1816 1248 sine
1841 1207 1989 1247 foenore
2031 1220 2113 1246 mu-

1280 1269 1349 1302 tuo
1367 1262 1482 1316 dare)
1510 1276 1599 1309 xxv,
1615 1266 1642 1303 9
1681 1262 1839 1302 credere
1855 1260 1974 1302 alicui
1991 1273 2018 1314 p
2035 1259 2113 1299 uri-

1279 1330 1383 1356 mum
1400 1319 1451 1357 de
1469 1331 1509 1361 re
1528 1317 1661 1369 aliqua
1687 1315 1789 1369 (fide
1816 1314 1979 1368 digniss.
2002 1313 2114 1366 judi-

1278 1385 1366 1411 care
1385 1372 1426 1410 in
1444 1385 1492 1410 eo
1510 1369 1760 1424 argumento)
1788 1367 1840 1417 ix,
1859 1375 1884 1411 5
1921 1369 2113 1410 credimus

1279 1425 1389 1476 (pro,
1409 1431 1451 1463 ut
1478 1423 1691 1475 credimus)
1725 1437 1813 1470 xxv,
1833 1426 1886 1464 18
1931 1423 1995 1462 vix
2030 1435 2113 1463 cre-

1278 1479 1453 1518 dendum
1484 1479 1550 1526 sit,
1564 1477 1667 1527 ibid.
1707 1476 1878 1517 creditur
1900 1475 1993 1516 huic
2022 1489 2110 1516 cus-

1280 1533 1388 1572 todia
1406 1533 1538 1584 pontis
1564 1531 1684 1586 (pons
1715 1530 1885 1570 tuendus
1902 1529 2112 1579 committi·

1280 1585 1361 1638 tur)
1387 1584 1416 1632 i,
1436 1590 1460 1626 3
1504 1586 1590 1639 (Sic
1617 1585 1774 1633 Terent.
1793 1583 1940 1624 Heaut.
1979 1584 2008 1632 i,
2026 1589 2067 1631 5,
2087 1588 2114 1625 2

1279 1644 1294 1663 ‘
1308 1639 1364 1679 eis
1414 1639 1590 1679 commisi
1634 1645 1675 1678 et
1722 1637 1897 1678 credidi.'
1951 1637 2112 1679 Petron.

1277 1692 1291 1715 ‘
1305 1693 1421 1733 crede
1438 1699 1561 1733 ratem
1578 1692 1720 1740 ventis,
1738 1691 1911 1732 animum
1928 1705 1980 1738 ne
1997 1693 2111 1735 crede

1279 1746 1448 1799 puellis?
1477 1744 1655 1800 Buchn.)

1227 1801 1406 1847 Cremare
1425 1807 1619 1841 mortuum
1646 1799 1718 1847 vii,
1739 1802 1791 1840 10
1855 1823 1861 1831 =

1227 1855 1410 1896 Crescere
1443 1868 1496 1895 aes
1534 1855 1705 1895 alienum
1745 1852 1953 1907 multiplic.
1988 1853 2114 1895 usuris

1280 1922 1361 1948 non
1380 1909 1599 1961 patiebatur
1614 1907 1770 1948 Atticus
1797 1921 1887 1956 ην,
1911 1911 1938 1950 2
1983 1909 2114 1962 digni·

1282 1968 1376 2010 tate,
1409 1963 1579 2011 fortuna,
1610 1961 1734 2016 gratia
1776 1975 1868 2010 xxv,
1901 1965 1957 2004 21
1995 1962 2114 2010 fama,

1281 2016 1424 2069 opibus
1452 2016 1519 2064 vii,
1538 2021 1564 2059 7
1610 2016 1733 2058 crevit
1749 2014 1922 2056 amicitia
1947 2016 1998 2056 ad
2015 2023 2115 2058 extr.

1284 2078 1440 2110 aetatem
1470 2071 1611 2125 (aucta
1631 2077 1692 2111 est
1716 2070 1758 2110 in
1789 2075 2032 2115 senectutem
2049 2084 2115 2110 us-

1280 2125 1380 2178 que)
1410 2138 1496 2172 xxv,
1529 2129 1580 2165 10
1626 2125 1748 2164 crevit
1778 2123 1963 2174 virtutum
1980 2123 2113 2172 laude,

1278 2180 1409 2231 quoad
1445 2179 1555 2227 vixit,
1589 2178 1690 2220 Cato
1726 2178 1830 2226 xxiv,
1861 2182 1890 2220 2
1933 2185 2114 2229 crescunt

1277 2246 1373 2285 opes
1391 2232 1777 2274 Lacedaemoniorum
1803 2231 1872 2280 vii,
1887 2236 1912 2278 5

1223 2285 1467 2326 Cretensium
1478 2286 1640 2327 avaritia
1655 2286 1797 2326 delusa
1823 2284 1932 2334 xxiii,
1949 2288 1978 2335 9

1221 2338 1379 2379 Crimen
1396 2341 1533 2379 harum
1548 2352 1673 2379 rerum
1688 2345 1864 2391 apertum
1880 2337 2114 2392 (delictum)

1275 2392 1330 2439 iv,
1349 2397 1375 2434 8
1404 2393 1565 2433 crimine
1583 2392 1698 2432 Pario
1717 2390 1891 2432 accusari
1909 2391 2112 2446 (notanter

1275 2445 1332 2495 sic
1376 2446 1534 2499 ponitur
1577 2446 1737 2492 crimen,
1783 2458 1864 2499 quo
1908 2453 2112 2492 accusatur

1277 2499 1379 2552 quis,
1398 2506 1444 2540 ut
1461 2505 1685 2552 opponatur
1699 2511 1843 2547 cansa,
1857 2511 1938 2552 qua
1948 2499 2111 2548 damna-

1278 2559 1354 2594 tur.
1382 2551 1584 2605 Boecler.)
1611 2553 1640 2600 i,
1667 2556 1694 2594 8
1738 2551 1901 2593 crimina
1933 2553 2114 2602 adversa-

1276 2607 1419 2648 riorum
1448 2606 1771 2661 (criminationes,
1790 2606 2112 2662 obtrectationes)

1277 2674 1342 2709 κν,
1358 2665 1384 2702 7
1421 2661 1580 2714 (Burm.
1596 2661 1648 2700 ad
1676 2660 1798 2701 Ovid.
1815 2661 1920 2702 Met.
1952 2661 1983 2710 i,
1997 2666 2111 2714 766).

1277 2715 1320 2754 iu
1365 2715 1533 2755 crimen·
1554 2714 1683 2755 vocari
1727 2714 1940 2768 (accusari)
1977 2714 2059 2763 xiii,
2084 2721 2110 2757 3

1275 2768 1417 2823 (ovid.
1445 2771 1496 2809 de
1524 2768 1653 2809 Ponto
1681 2768 1736 2815 iv,
1757 2773 1807 2810 14
1855 2768 2009 2822 ‘Inque
2040 2784 2111 2810 no-

1278 2837 1369 2862 vum
1404 2823 1551 2864 crimen
1581 2823 1751 2863 carmina
1786 2829 1917 2867 nostra
1948 2825 2111 2876 vocat').

1276 2876 1436 2918 crimine
1480 2878 1612 2929 aliquo
1655 2877 1878 2927 compellari
1906 2877 1956 2916 ab
2000 2877 2111 2917 inim.

1277 2930 1490 2984 (accusari)
1518 2931 1584 2978 vii,
1602 2934 1628 2971 4
1672 2931 1759 2979 (ubi
1779 2937 1909 2970 tamen
1933 2929 2000 2979 alii
2019 2931 2111 2984 leg..

1277 2986 1461 3037 compelli
1478 2986 1518 3024 in
1528 2984 1858 3036 ¹contentionem).
1875 2985 2033 3024 invidiae
2045 2998 2109 3025 ac-

1276 3039 1415 3085 cusari,
1433 3039 1528 3082 ibid.
1550 3039 1644 3090 (nisi
1655 3039 1765 3077 malis
1779 3052 1866 3079 cum
1881 3039 1945 3079 ed.
1965 3038 2109 3092 Ultraj.

1277 3092 1369 3144 legi,
1387 3091 1537 3132 invidia
1555 3091 1747 3145 criminis)
1997 3131 1999 3133 ,

1223 3144 1439 3186 Crimessus
1470 3146 1632 3200 (Siciliae
1651 3145 1818 3198 flumen)
1845 3160 1909 3193 xx,
1927 3150 1954 3195 2
2001 3146 2107 3200 (aliis

1277 3199 1475 3247 Crimisus,
1494 3199 1642 3240 Graecis
1662 3199 1843 3253 Κριμισὸς
1868 3205 1938 3240 aut
1953 3205 2108 3254 Κριμισ-

1276 3253 1346 3295 ebs
1361 3263 1402 3294 et
1420 3253 1631 3307 Κριμησὺςς
1666 3255 1717 3294 de
1749 3268 1827 3306 quo
1857 3253 2018 3306 ejusque
2037 3267 2106 3292 no-

1277 3309 1396 3355 mine,
1433 3323 1479 3348 ac
1516 3323 1605 3348 vero
1640 3308 1717 3348 situ
1759 3309 1916 3348 Cluver.
1961 3307 2107 3358 prolixe

1276 3362 1381 3402 Sicil.
1402 3362 1497 3402 Ant.
1526 3362 1566 3408 ii,
1586 3366 1625 3402 2.
1654 3362 1852 3414 Originem
1865 3360 2031 3408 nominis
2049 3362 2105 3400 in-

1277 3417 1441 3468 vestigat
1458 3416 1639 3456 Boclrart.
1659 3416 1709 3454 de
1724 3415 1799 3455 col.
1819 3414 1957 3454 Phoen.
1987 3414 2014 3461 i,
2032 3418 2106 3468 29)

1196 3458 1452 3509 ¹Crithothen
1510 3469 1663 3522 (urbem
1699 3466 1967 3519 Hellesponti)
2003 3471 2105 3508 acci-

1277 3524 1388 3574 piunt
1425 3523 1570 3562 Athen.
1599 3521 1680 3568 xiii,
1712 3526 1732 3563 1
1777 3522 1861 3576 (Sic
1895 3523 1998 3561 enim
2027 3523 2104 3562 vid.

2287 3652 2306 3900 ΜᾎἏωίὴτ.
2297 3614 2306 3636 -,·
2302 3566 2306 3595 ,0
2296 3532 2302 3542 ··
2304 3515 2306 3518 Α
