<?xml version="1.0" encoding="UTF-8"?>
<!DOCTYPE html PUBLIC "-//W3C//DTD XHTML 1.0 Transitional//EN"
    "http://www.w3.org/TR/xhtml1/DTD/xhtml1-transitional.dtd">
<html xmlns="http://www.w3.org/1999/xhtml" xml:lang="en" lang="en">
 <head>
  <title>
</title>
<meta http-equiv="Content-Type" content="text/html;charset=utf-8" />
  <meta name='ocr-system' content='tesseract 3.04.00' />
  <meta name='ocr-capabilities' content='ocr_page ocr_carea ocr_par ocr_line ocrx_word'/>
</head>
<body>
  <div class='ocr_page' id='page_1' title='image "./vitaeexcellentiu02nepouoft_0449.png"; bbox 0 0 2306 3900; ppageno 0'>
   <div class='ocr_carea' id='block_1_1' title="bbox 772 288 1524 328">
    <p class='ocr_par' dir='ltr' id='par_1_1' title="bbox 772 288 1524 328">
     <span class='ocr_line' id='line_1_1' title="bbox 772 288 1524 328; baseline -0.001 -1"><span class='ocrx_word' id='word_1_1' title='bbox 772 288 993 327; x_wconf 73' lang='lat' dir='ltr'>RERUM</span> <span class='ocrx_word' id='word_1_2' title='bbox 1039 288 1112 327; x_wconf 75' lang='lat' dir='ltr'>ET</span> <span class='ocrx_word' id='word_1_3' title='bbox 1160 289 1524 328; x_wconf 84' lang='lat' dir='ltr'>VERBORUM.</span> 
     </span>
    </p>
   </div>
   <div class='ocr_carea' id='block_1_2' title="bbox 190 413 1086 3578">
    <p class='ocr_par' dir='ltr' id='par_1_2' title="bbox 247 413 759 466">
     <span class='ocr_line' id='line_1_2' title="bbox 247 413 759 466; baseline -0.006 -12"><span class='ocrx_word' id='word_1_4' title='bbox 247 415 375 455; x_wconf 80' lang='lat' dir='ltr'>statu&#39;a</span> <span class='ocrx_word' id='word_1_5' title='bbox 393 419 601 466; x_wconf 79' lang='lat' dir='ltr'>poneretur</span> <span class='ocrx_word' id='word_1_6' title='bbox 627 413 759 459; x_wconf 68' lang='lat' dir='ltr'>xxm-8</span> 
     </span>
    </p>

    <p class='ocr_par' dir='ltr' id='par_1_3' title="bbox 192 463 1079 950">
     <span class='ocr_line' id='line_1_3' title="bbox 192 463 1075 520; baseline -0.003 -12"><span class='ocrx_word' id='word_1_7' title='bbox 192 470 378 518; x_wconf 69' lang='lat' dir='ltr'>Quaerere</span> <span class='ocrx_word' id='word_1_8' title='bbox 410 475 563 520; x_wconf 87' lang='lat' dir='ltr'>tempus</span> <span class='ocrx_word' id='word_1_9' title='bbox 611 463 779 517; x_wconf 66' lang='lat' dir='ltr'>alicujus</span> <span class='ocrx_word' id='word_1_10' title='bbox 813 464 1075 506; x_wconf 81' lang='lat' dir='ltr'>interficiendi</span> 
     </span>
     <span class='ocr_line' id='line_1_4' title="bbox 247 519 1076 574; baseline -0.004 -14"><span class='ocrx_word' id='word_1_11' title='bbox 247 522 316 570; x_wconf 80' lang='lat' dir='ltr'>vii,</span> <span class='ocrx_word' id='word_1_12' title='bbox 348 526 373 562; x_wconf 83' lang='lat'>5</span> <span class='ocrx_word' id='word_1_13' title='bbox 410 520 592 574; x_wconf 64' lang='lat' dir='ltr'>quesivit</span> <span class='ocrx_word' id='word_1_14' title='bbox 621 519 689 558; x_wconf 85' lang='lat' dir='ltr'>ubi</span> <span class='ocrx_word' id='word_1_15' title='bbox 717 519 802 571; x_wconf 87' lang='lat' dir='ltr'>ipse</span> <span class='ocrx_word' id='word_1_16' title='bbox 825 525 911 559; x_wconf 85' lang='lat' dir='ltr'>tuto</span> <span class='ocrx_word' id='word_1_17' title='bbox 927 520 1076 559; x_wconf 68' lang='lat' dir='ltr'>viveret</span> 
     </span>
     <span class='ocr_line' id='line_1_5' title="bbox 249 572 1075 628; baseline -0.002 -14"><span class='ocrx_word' id='word_1_18' title='bbox 249 576 302 621; x_wconf 85' lang='lat' dir='ltr'>ix.</span> <span class='ocrx_word' id='word_1_19' title='bbox 331 580 358 616; x_wconf 76' lang='lat'>2</span> <span class='ocrx_word' id='word_1_20' title='bbox 385 579 557 628; x_wconf 85' lang='lat' dir='ltr'>quaerere</span> <span class='ocrx_word' id='word_1_21' title='bbox 574 574 624 612; x_wconf 81' lang='lat' dir='ltr'>ab</span> <span class='ocrx_word' id='word_1_22' title='bbox 641 572 775 624; x_wconf 79' lang='lat' dir='ltr'>aliquo</span> <span class='ocrx_word' id='word_1_23' title='bbox 795 572 1075 627; x_wconf 81' lang='lat' dir='ltr'>(interrogare)</span> 
     </span>
     <span class='ocr_line' id='line_1_6' title="bbox 248 626 1076 678; baseline -0.004 -10"><span class='ocrx_word' id='word_1_24' title='bbox 248 628 307 676; x_wconf 90' lang='lat' dir='ltr'>iii,</span> <span class='ocrx_word' id='word_1_25' title='bbox 324 633 362 669; x_wconf 86' lang='lat'>1.</span> <span class='ocrx_word' id='word_1_26' title='bbox 377 643 416 676; x_wconf 86' lang='lat' dir='ltr'>x,</span> <span class='ocrx_word' id='word_1_27' title='bbox 431 633 472 670; x_wconf 81' lang='lat'>2.</span> <span class='ocrx_word' id='word_1_28' title='bbox 488 626 582 673; x_wconf 79' lang='lat' dir='ltr'>xvii,</span> <span class='ocrx_word' id='word_1_29' title='bbox 600 629 643 666; x_wconf 87' lang='grc'>4.</span> <span class='ocrx_word' id='word_1_30' title='bbox 658 626 767 672; x_wconf 80' lang='lat' dir='ltr'>xxiii,</span> <span class='ocrx_word' id='word_1_31' title='bbox 787 630 812 666; x_wconf 87' lang='lat'>2</span> <span class='ocrx_word' id='word_1_32' title='bbox 841 639 1012 678; x_wconf 87' lang='lat' dir='ltr'>quaerere</span> <span class='ocrx_word' id='word_1_33' title='bbox 1025 628 1076 665; x_wconf 89' lang='lat' dir='ltr'>de</span> 
     </span>
     <span class='ocr_line' id='line_1_7' title="bbox 247 679 1077 788; baseline -0.004 -66"><span class='ocrx_word' id='word_1_34' title='bbox 247 683 380 735; x_wconf 78' lang='lat' dir='ltr'>eliqua</span> <span class='ocrx_word' id='word_1_35' title='bbox 395 695 437 722; x_wconf 89' lang='lat' dir='ltr'>re</span> <span class='ocrx_word' id='word_1_36' title='bbox 455 679 699 788; x_wconf 50' lang='lat' dir='ltr'>{explorarQ</span> <span class='ocrx_word' id='word_1_37' title='bbox 739 679 817 742; x_wconf 68' lang='lat' dir='ltr'>xvi,</span> <span class='ocrx_word' id='word_1_38' title='bbox 833 683 858 720; x_wconf 77' lang='lat'><strong>3</strong></span> <span class='ocrx_word' id='word_1_39' title='bbox 905 693 1077 732; x_wconf 86' lang='lat' dir='ltr'>quaerere</span> 
     </span>
     <span class='ocr_line' id='line_1_8' title="bbox 245 732 1077 843; baseline -0.005 -13"><span class='ocrx_word' id='word_1_40' title='bbox 245 732 1077 843; x_wconf 43' lang='lat' dir='ltr'>&amp;immidJss&#39;gssiieiz’ipssflssffiff</span> 
     </span>
     <span class='ocr_line' id='line_1_9' title="bbox 245 839 1079 896; baseline -0.004 -13"><span class='ocrx_word' id='word_1_41' title='bbox 245 842 342 896; x_wconf 85' lang='lat' dir='ltr'>bus)</span> <span class='ocrx_word' id='word_1_42' title='bbox 381 857 446 890; x_wconf 77' lang='lat' dir='ltr'>xv,</span> <span class='ocrx_word' id='word_1_43' title='bbox 477 846 503 883; x_wconf 74' lang='lat'><em>8</em></span> <span class='ocrx_word' id='word_1_44' title='bbox 543 839 740 895; x_wconf 80' lang='lat' dir='ltr'>quaeritur,</span> <span class='ocrx_word' id='word_1_45' title='bbox 771 841 868 894; x_wconf 89' lang='lat' dir='ltr'>quid</span> <span class='ocrx_word' id='word_1_46' title='bbox 896 854 996 894; x_wconf 81' lang='lat' dir='ltr'>opus</span> <span class='ocrx_word' id='word_1_47' title='bbox 1026 841 1079 881; x_wconf 87' lang='lat' dir='ltr'>sit</span> 
     </span>
     <span class='ocr_line' id='line_1_10' title="bbox 246 894 828 950; baseline -0.005 -13"><span class='ocrx_word' id='word_1_48' title='bbox 246 897 352 937; x_wconf 77' lang='lat' dir='ltr'>facto</span> <span class='ocrx_word' id='word_1_49' title='bbox 372 894 650 950; x_wconf 88' lang='lat' dir='ltr'>(deliberatur)</span> <span class='ocrx_word' id='word_1_50' title='bbox 678 895 786 942; x_wconf 86' lang='lat' dir='ltr'>xviii,</span> <span class='ocrx_word' id='word_1_51' title='bbox 801 898 828 934; x_wconf 81' lang='lat'>9</span> 
     </span>
    </p>

    <p class='ocr_par' dir='ltr' id='par_1_4' title="bbox 194 947 1076 1064">
     <span class='ocr_line' id='line_1_11' title="bbox 194 947 1076 1004; baseline -0.005 -13"><span class='ocrx_word' id='word_1_52' title='bbox 194 950 372 999; x_wconf 67' lang='lat' dir='ltr'>Quaesfio</span> <span class='ocrx_word' id='word_1_53' title='bbox 389 950 481 1004; x_wconf 89' lang='lat' dir='ltr'>(pro</span> <span class='ocrx_word' id='word_1_54' title='bbox 494 948 679 1004; x_wconf 82' lang='lat' dir='ltr'>judiciali</span> <span class='ocrx_word' id='word_1_55' title='bbox 696 947 924 1002; x_wconf 75' lang='lat' dir='ltr'>cognitione</span> <span class='ocrx_word' id='word_1_56' title='bbox 936 953 981 988; x_wconf 87' lang='lat' dir='ltr'>et</span> <span class='ocrx_word' id='word_1_57' title='bbox 996 948 1076 988; x_wconf 89' lang='lat' dir='ltr'>dis-</span> 
     </span>
     <span class='ocr_line' id='line_1_12' title="bbox 246 1001 1076 1064; baseline -0.005 -19"><span class='ocrx_word' id='word_1_58' title='bbox 246 1003 494 1058; x_wconf 82' lang='lat' dir='ltr'>ceptatione)</span> <span class='ocrx_word' id='word_1_59' title='bbox 540 1004 607 1050; x_wconf 86' lang='lat' dir='ltr'>vii,</span> <span class='ocrx_word' id='word_1_60' title='bbox 629 1006 667 1064; x_wconf 36' lang='grc'>,4</span> <span class='ocrx_word' id='word_1_61' title='bbox 716 1003 881 1055; x_wconf 84' lang='lat' dir='ltr'>quaestio</span> <span class='ocrx_word' id='word_1_62' title='bbox 918 1001 1076 1055; x_wconf 64' lang='lat' dir='ltr'>poetica</span> 
     </span>
    </p>

    <p class='ocr_par' dir='ltr' id='par_1_5' title="bbox 193 1056 1072 1162">
     <span class='ocr_line' id='line_1_13' title="bbox 193 1056 1072 1162; baseline -0.003 -9"><span class='ocrx_word' id='word_1_63' title='bbox 193 1056 705 1159; x_wconf 50' lang='grc' dir='ltr'>ρυιζζίοῗοοὲιῖἑῖἰῑᾟῗέ</span> <span class='ocrx_word' id='word_1_64' title='bbox 731 1108 875 1162; x_wconf 71' lang='lat' dir='ltr'>obtigit</span> <span class='ocrx_word' id='word_1_65' title='bbox 914 1108 1018 1156; x_wconf 68' lang='lat' dir='ltr'>xxiv,</span> <span class='ocrx_word' id='word_1_66' title='bbox 1051 1114 1072 1150; x_wconf 94' lang='lat'>1</span> 
     </span>
    </p>

    <p class='ocr_par' dir='ltr' id='par_1_6' title="bbox 240 1163 1078 1596">
     <span class='ocr_line' id='line_1_14' title="bbox 405 1163 1075 1216; baseline -0.004 -11"><span class='ocrx_word' id='word_1_67' title='bbox 405 1164 630 1205; x_wconf 79' lang='lat' dir='ltr'>consulibus</span> <span class='ocrx_word' id='word_1_68' title='bbox 665 1170 734 1203; x_wconf 86' lang='lat' dir='ltr'>aut</span> <span class='ocrx_word' id='word_1_69' title='bbox 760 1163 990 1216; x_wconf 85' lang='lat' dir='ltr'>praetoribus</span> <span class='ocrx_word' id='word_1_70' title='bbox 1008 1177 1075 1203; x_wconf 84' lang='lat' dir='ltr'>ex-</span> 
     </span>
     <span class='ocr_line' id='line_1_15' title="bbox 240 1216 1076 1270; baseline -0.005 -9"><span class='ocrx_word' id='word_1_71' title='bbox 240 1220 429 1262; x_wconf 74' lang='lat' dir='ltr'>euntibus</span> <span class='ocrx_word' id='word_1_72' title='bbox 473 1219 516 1259; x_wconf 88' lang='lat' dir='ltr'>in</span> <span class='ocrx_word' id='word_1_73' title='bbox 561 1218 705 1258; x_wconf 85' lang='lat' dir='ltr'>bellum</span> <span class='ocrx_word' id='word_1_74' title='bbox 752 1224 793 1256; x_wconf 88' lang='lat' dir='ltr'>et</span> <span class='ocrx_word' id='word_1_75' title='bbox 842 1216 1076 1270; x_wconf 85' lang='lat' dir='ltr'>provincias,</span> 
     </span>
     <span class='ocr_line' id='line_1_16' title="bbox 248 1270 1076 1328; baseline -0.006 -14"><span class='ocrx_word' id='word_1_76' title='bbox 248 1280 260 1298; x_wconf 78' lang='lat'><strong>⁸</strong></span> <span class='ocrx_word' id='word_1_77' title='bbox 273 1273 497 1328; x_wconf 82' lang='lat' dir='ltr'>quaestores&#39;</span> <span class='ocrx_word' id='word_1_78' title='bbox 517 1272 657 1322; x_wconf 82' lang='lat' dir='ltr'>additi,</span> <span class='ocrx_word' id='word_1_79' title='bbox 686 1271 753 1324; x_wconf 88' lang='lat' dir='ltr'>qui</span> <span class='ocrx_word' id='word_1_80' title='bbox 785 1285 834 1311; x_wconf 84' lang='lat' dir='ltr'>ex</span> <span class='ocrx_word' id='word_1_81' title='bbox 851 1284 900 1310; x_wconf 91' lang='lat' dir='ltr'>eo</span> <span class='ocrx_word' id='word_1_82' title='bbox 919 1270 1076 1324; x_wconf 84' lang='lat' dir='ltr'>provin-</span> 
     </span>
     <span class='ocr_line' id='line_1_17' title="bbox 244 1325 1076 1381; baseline -0.007 -12"><span class='ocrx_word' id='word_1_83' title='bbox 244 1329 364 1369; x_wconf 68' lang='lat' dir='ltr'>ciales</span> <span class='ocrx_word' id='word_1_84' title='bbox 380 1327 642 1381; x_wconf 62' lang='lat' dir='ltr'>appellantur.</span> <span class='ocrx_word' id='word_1_85' title='bbox 682 1325 822 1364; x_wconf 82' lang='lat' dir='ltr'>Additi</span> <span class='ocrx_word' id='word_1_86' title='bbox 843 1330 974 1364; x_wconf 84' lang='lat' dir='ltr'>autem</span> <span class='ocrx_word' id='word_1_87' title='bbox 991 1325 1076 1377; x_wconf 90' lang='lat' dir='ltr'>ple-</span> 
     </span>
     <span class='ocr_line' id='line_1_18' title="bbox 245 1378 1077 1435; baseline -0.006 -13"><span class='ocrx_word' id='word_1_88' title='bbox 245 1395 408 1435; x_wconf 83' lang='lat' dir='ltr'>mmque</span> <span class='ocrx_word' id='word_1_89' title='bbox 438 1387 450 1405; x_wconf 87' lang='lat'>‘</span> <span class='ocrx_word' id='word_1_90' title='bbox 466 1387 570 1420; x_wconf 70' lang='lat' dir='ltr'>sone</span> <span class='ocrx_word' id='word_1_91' title='bbox 588 1380 612 1420; x_wconf 83' lang='lat'>:&#39;</span> <span class='ocrx_word' id='word_1_92' title='bbox 639 1391 731 1420; x_wconf 89' lang='lat' dir='ltr'>cum</span> <span class='ocrx_word' id='word_1_93' title='bbox 747 1378 905 1432; x_wconf 85' lang='lat' dir='ltr'>juberet</span> <span class='ocrx_word' id='word_1_94' title='bbox 921 1385 1077 1418; x_wconf 86' lang='lat' dir='ltr'>senatus</span> 
     </span>
     <span class='ocr_line' id='line_1_19' title="bbox 243 1431 1075 1486; baseline -0.006 -11"><span class='ocrx_word' id='word_1_95' title='bbox 243 1436 345 1475; x_wconf 83' lang='lat' dir='ltr'>utin</span> <span class='ocrx_word' id='word_1_96' title='bbox 363 1441 505 1475; x_wconf 82' lang='lat' dir='ltr'>sortem</span> <span class='ocrx_word' id='word_1_97' title='bbox 521 1433 739 1486; x_wconf 78' lang='lat' dir='ltr'>provincias</span> <span class='ocrx_word' id='word_1_98' title='bbox 751 1431 1007 1485; x_wconf 77' lang='lat' dir='ltr'>conjicerent.</span> <span class='ocrx_word' id='word_1_99' title='bbox 1038 1446 1075 1471; x_wconf 86' lang='lat' dir='ltr'>v.</span> 
     </span>
     <span class='ocr_line' id='line_1_20' title="bbox 244 1485 1078 1543; baseline -0.007 -13"><span class='ocrx_word' id='word_1_100' title='bbox 244 1490 379 1543; x_wconf 83' lang='lat' dir='ltr'>Sigon.</span> <span class='ocrx_word' id='word_1_101' title='bbox 391 1489 443 1528; x_wconf 89' lang='lat' dir='ltr'>de</span> <span class='ocrx_word' id='word_1_102' title='bbox 456 1489 580 1541; x_wconf 73' lang='lat' dir='ltr'>antiq.</span> <span class='ocrx_word' id='word_1_103' title='bbox 593 1486 673 1540; x_wconf 89' lang='lat' dir='ltr'>jur.</span> <span class='ocrx_word' id='word_1_104' title='bbox 690 1499 799 1540; x_wconf 85' lang='lat' dir='ltr'>prov.</span> <span class='ocrx_word' id='word_1_105' title='bbox 825 1487 869 1533; x_wconf 85' lang='lat' dir='ltr'>ii,</span> <span class='ocrx_word' id='word_1_106' title='bbox 883 1489 908 1527; x_wconf 76' lang='lat'>3</span> <span class='ocrx_word' id='word_1_107' title='bbox 936 1485 1078 1526; x_wconf 86' lang='lat' dir='ltr'>Rosin.</span> 
     </span>
     <span class='ocr_line' id='line_1_21' title="bbox 247 1539 758 1596; baseline -0.008 -13"><span class='ocrx_word' id='word_1_108' title='bbox 247 1543 390 1596; x_wconf 74' lang='lat' dir='ltr'>Antiq.</span> <span class='ocrx_word' id='word_1_109' title='bbox 415 1542 569 1590; x_wconf 52' lang='lat' dir='ltr'>vib-45.</span> <span class='ocrx_word' id='word_1_110' title='bbox 597 1539 758 1590; x_wconf 88' lang='lat' dir='ltr'>Boecl.)</span> 
     </span>
    </p>

    <p class='ocr_par' dir='ltr' id='par_1_7' title="bbox 190 1591 1078 1913">
     <span class='ocr_line' id='line_1_22' title="bbox 190 1591 1077 1654; baseline -0.008 -16"><span class='ocrx_word' id='word_1_111' title='bbox 190 1598 404 1646; x_wconf 68' lang='lat' dir='ltr'>Quaestus:</span> <span class='ocrx_word' id='word_1_112' title='bbox 446 1595 653 1636; x_wconf 80' lang='lat' dir='ltr'>maximum</span> <span class='ocrx_word' id='word_1_113' title='bbox 683 1591 928 1634; x_wconf 83' lang='lat' dir='ltr'>existimavit</span> <span class='ocrx_word' id='word_1_114' title='bbox 950 1606 1077 1654; x_wconf 62' lang='lat' dir='ltr'>quaes3</span> 
     </span>
     <span class='ocr_line' id='line_1_23' title="bbox 245 1655 1078 1701; baseline -0.006 -10"><span class='ocrx_word' id='word_1_115' title='bbox 245 1658 330 1691; x_wconf 71' lang='lat' dir='ltr'>tum</span> <span class='ocrx_word' id='word_1_116' title='bbox 361 1662 570 1690; x_wconf 73' lang='lat' dir='ltr'>memorem</span> <span class='ocrx_word' id='word_1_117' title='bbox 617 1655 847 1701; x_wconf 75' lang='lat' dir='ltr'>gratumque</span> <span class='ocrx_word' id='word_1_118' title='bbox 891 1659 1078 1699; x_wconf 78' lang='lat' dir='ltr'>cognosci</span> 
     </span>
     <span class='ocr_line' id='line_1_24' title="bbox 246 1700 1076 1757; baseline -0.008 -11"><span class='ocrx_word' id='word_1_119' title='bbox 246 1718 337 1752; x_wconf 70' lang='lat' dir='ltr'>m,</span> <span class='ocrx_word' id='word_1_120' title='bbox 371 1708 400 1745; x_wconf 76' lang='lat'>9</span> <span class='ocrx_word' id='word_1_121' title='bbox 443 1703 532 1757; x_wconf 86' lang='lat' dir='ltr'>(Sic</span> <span class='ocrx_word' id='word_1_122' title='bbox 572 1703 653 1742; x_wconf 78' lang='lat' dir='ltr'>fere</span> <span class='ocrx_word' id='word_1_123' title='bbox 682 1701 886 1741; x_wconf 79' lang='lat' dir='ltr'>Terentius</span> <span class='ocrx_word' id='word_1_124' title='bbox 929 1700 1076 1740; x_wconf 76' lang='lat' dir='ltr'>Heaut-</span> 
     </span>
     <span class='ocr_line' id='line_1_25' title="bbox 244 1755 1078 1813; baseline -0.008 -14"><span class='ocrx_word' id='word_1_125' title='bbox 244 1760 348 1813; x_wconf 80' lang='lat' dir='ltr'>prol.</span> <span class='ocrx_word' id='word_1_126' title='bbox 372 1762 427 1800; x_wconf 77' lang='lat'>49</span> <span class='ocrx_word' id='word_1_127' title='bbox 468 1763 480 1781; x_wconf 88' lang='lat'>‘</span> <span class='ocrx_word' id='word_1_128' title='bbox 495 1770 586 1796; x_wconf 84' lang='lat' dir='ltr'>eum</span> <span class='ocrx_word' id='word_1_129' title='bbox 614 1767 698 1796; x_wconf 87' lang='lat' dir='ltr'>esse</span> <span class='ocrx_word' id='word_1_130' title='bbox 722 1761 914 1809; x_wconf 83' lang='lat' dir='ltr'>quaestum</span> <span class='ocrx_word' id='word_1_131' title='bbox 932 1755 975 1793; x_wconf 88' lang='lat' dir='ltr'>in</span> <span class='ocrx_word' id='word_1_132' title='bbox 993 1755 1078 1793; x_wconf 86' lang='lat' dir='ltr'>ani-</span> 
     </span>
     <span class='ocr_line' id='line_1_26' title="bbox 243 1808 1078 1862; baseline -0.008 -8"><span class='ocrx_word' id='word_1_133' title='bbox 243 1813 352 1854; x_wconf 77' lang='lat' dir='ltr'>mu&#39;r&#39;n</span> <span class='ocrx_word' id='word_1_134' title='bbox 369 1810 508 1852; x_wconf 75' lang='lat' dir='ltr'>induxi</span> <span class='ocrx_word' id='word_1_135' title='bbox 533 1811 757 1856; x_wconf 77' lang='lat' dir='ltr'>maximum,</span> <span class='ocrx_word' id='word_1_136' title='bbox 776 1820 899 1862; x_wconf 83' lang='lat' dir='ltr'>quam·</span> <span class='ocrx_word' id='word_1_137' title='bbox 914 1808 1078 1848; x_wconf 79' lang='lat' dir='ltr'>maxime</span> 
     </span>
     <span class='ocr_line' id='line_1_27' title="bbox 243 1861 980 1913; baseline -0.011 -5"><span class='ocrx_word' id='word_1_138' title='bbox 243 1865 386 1908; x_wconf 74' lang='lat' dir='ltr'>servire</span> <span class='ocrx_word' id='word_1_139' title='bbox 403 1865 539 1906; x_wconf 80' lang='lat' dir='ltr'>vestris</span> <span class='ocrx_word' id='word_1_140' title='bbox 556 1862 798 1905; x_wconf 72' lang='lat' dir='ltr'>commodis:</span> <span class='ocrx_word' id='word_1_141' title='bbox 826 1861 980 1913; x_wconf 82' lang='lat' dir='ltr'>Vorst.)</span> 
     </span>
    </p>

    <p class='ocr_par' dir='ltr' id='par_1_8' title="bbox 194 1915 1079 2134">
     <span class='ocr_line' id='line_1_28' title="bbox 194 1915 1079 1972; baseline -0.009 -10"><span class='ocrx_word' id='word_1_142' title='bbox 194 1921 336 1970; x_wconf 70' lang='lat' dir='ltr'>Qualis</span> <span class='ocrx_word' id='word_1_143' title='bbox 349 1926 453 1960; x_wconf 86' lang='lat' dir='ltr'>esset</span> <span class='ocrx_word' id='word_1_144' title='bbox 481 1919 635 1972; x_wconf 81' lang='lat' dir='ltr'>aperuit</span> <span class='ocrx_word' id='word_1_145' title='bbox 660 1917 856 1971; x_wconf 87' lang='lat' dir='ltr'>(ostendit</span> <span class='ocrx_word' id='word_1_146' title='bbox 874 1929 983 1956; x_wconf 83' lang='lat' dir='ltr'>suam</span> <span class='ocrx_word' id='word_1_147' title='bbox 1002 1915 1079 1955; x_wconf 85' lang='lat' dir='ltr'>vir-</span> 
     </span>
     <span class='ocr_line' id='line_1_29' title="bbox 245 1970 1078 2028; baseline -0.01 -12"><span class='ocrx_word' id='word_1_148' title='bbox 245 1973 394 2028; x_wconf 76' lang='lat' dir='ltr'>tutem)</span> <span class='ocrx_word' id='word_1_149' title='bbox 417 1974 501 2020; x_wconf 77' lang='lat' dir='ltr'>xiv,</span> <span class='ocrx_word' id='word_1_150' title='bbox 523 1978 542 2013; x_wconf 82' lang='lat'>1</span> <span class='ocrx_word' id='word_1_151' title='bbox 587 1973 662 2012; x_wconf 89' lang='lat' dir='ltr'>hoc</span> <span class='ocrx_word' id='word_1_152' title='bbox 681 1972 798 2024; x_wconf 83' lang='lat' dir='ltr'>quale</span> <span class='ocrx_word' id='word_1_153' title='bbox 826 1970 890 2018; x_wconf 88' lang='lat' dir='ltr'>sit,</span> <span class='ocrx_word' id='word_1_154' title='bbox 924 1970 1078 2010; x_wconf 76' lang='lat' dir='ltr'><strong>facilius</strong></span> 
     </span>
     <span class='ocr_line' id='line_1_30' title="bbox 244 2024 1076 2079; baseline -0.007 -10"><span class='ocrx_word' id='word_1_155' title='bbox 244 2028 482 2074; x_wconf 75' lang='lat' dir='ltr'>existimabit</span> <span class='ocrx_word' id='word_1_156' title='bbox 497 2027 531 2066; x_wconf 87' lang='lat' dir='ltr'>is</span> <span class='ocrx_word' id='word_1_157' title='bbox 543 2025 620 2066; x_wconf 90' lang='lat' dir='ltr'>&amp;c.</span> <span class='ocrx_word' id='word_1_158' title='bbox 646 2025 833 2079; x_wconf 81' lang='lat' dir='ltr'>(formula</span> <span class='ocrx_word' id='word_1_159' title='bbox 851 2024 892 2064; x_wconf 86' lang='lat' dir='ltr'>in</span> <span class='ocrx_word' id='word_1_160' title='bbox 911 2024 1076 2063; x_wconf 80' lang='lat' dir='ltr'>aestima-</span> 
     </span>
     <span class='ocr_line' id='line_1_31' title="bbox 246 2081 646 2134; baseline -0.005 -11"><span class='ocrx_word' id='word_1_161' title='bbox 246 2083 356 2123; x_wconf 78' lang='lat' dir='ltr'>tione</span> <span class='ocrx_word' id='word_1_162' title='bbox 379 2081 457 2134; x_wconf 83' lang='lat' dir='ltr'>rei)</span> <span class='ocrx_word' id='word_1_163' title='bbox 483 2093 574 2128; x_wconf 70' lang='lat' dir='ltr'>xxV,</span> <span class='ocrx_word' id='word_1_164' title='bbox 591 2084 646 2122; x_wconf 80' lang='lat'>20</span> 
     </span>
    </p>

    <p class='ocr_par' dir='ltr' id='par_1_9' title="bbox 192 2131 1078 2295">
     <span class='ocr_line' id='line_1_32' title="bbox 192 2131 1078 2187; baseline -0.006 -11"><span class='ocrx_word' id='word_1_165' title='bbox 192 2135 392 2184; x_wconf 65' lang='lat' dir='ltr'>Quamdiu</span> <span class='ocrx_word' id='word_1_166' title='bbox 410 2135 487 2176; x_wconf 80' lang='lat' dir='ltr'>fuit</span> <span class='ocrx_word' id='word_1_167' title='bbox 500 2136 654 2187; x_wconf 74' lang='lat' dir='ltr'>hyems,</span> <span class='ocrx_word' id='word_1_168' title='bbox 669 2133 798 2173; x_wconf 88' lang='lat' dir='ltr'>tenuit</span> <span class='ocrx_word' id='word_1_169' title='bbox 810 2145 852 2173; x_wconf 88' lang='lat' dir='ltr'>se</span> <span class='ocrx_word' id='word_1_170' title='bbox 869 2133 945 2172; x_wconf 69' lang='grc' dir='ltr'>ὅτε.</span> <span class='ocrx_word' id='word_1_171' title='bbox 971 2131 1078 2180; x_wconf 82' lang='lat' dir='ltr'>xviii,</span> 
     </span>
     <span class='ocr_line' id='line_1_33' title="bbox 245 2185 1076 2243; baseline -0.006 -13"><span class='ocrx_word' id='word_1_172' title='bbox 245 2192 274 2230; x_wconf 69' lang='grc' dir='ltr'>δ’</span> <span class='ocrx_word' id='word_1_173' title='bbox 300 2189 489 2243; x_wconf 81' lang='lat' dir='ltr'>quamdiu</span> <span class='ocrx_word' id='word_1_174' title='bbox 507 2188 561 2227; x_wconf 88' lang='lat' dir='ltr'>ibi</span> <span class='ocrx_word' id='word_1_175' title='bbox 580 2187 671 2234; x_wconf 82' lang='lat' dir='ltr'>fuit,</span> <span class='ocrx_word' id='word_1_176' title='bbox 697 2187 835 2225; x_wconf 86' lang='lat' dir='ltr'>habuit</span> <span class='ocrx_word' id='word_1_177' title='bbox 851 2198 982 2226; x_wconf 86' lang='lat' dir='ltr'>secum</span> <span class='ocrx_word' id='word_1_178' title='bbox 1002 2185 1076 2226; x_wconf 88' lang='lat' dir='ltr'>&amp;c.</span> 
     </span>
     <span class='ocr_line' id='line_1_34' title="bbox 246 2239 1078 2295; baseline -0.004 -13"><span class='ocrx_word' id='word_1_179' title='bbox 246 2255 338 2290; x_wconf 77' lang='lat' dir='ltr'>xxv,</span> <span class='ocrx_word' id='word_1_180' title='bbox 371 2247 400 2284; x_wconf 86' lang='grc'>4</span> <span class='ocrx_word' id='word_1_181' title='bbox 459 2241 646 2295; x_wconf 80' lang='lat' dir='ltr'>quamdiu</span> <span class='ocrx_word' id='word_1_182' title='bbox 683 2239 798 2280; x_wconf 81' lang='lat' dir='ltr'>affuit</span> <span class='ocrx_word' id='word_1_183' title='bbox 831 2240 974 2281; x_wconf 77' lang='lat' dir='ltr'>restitit</span> <span class='ocrx_word' id='word_1_184' title='bbox 1004 2239 1078 2280; x_wconf 67' lang='grc' dir='ltr'>ὅτε.</span> 
     </span>
    </p>

    <p class='ocr_par' dir='ltr' id='par_1_10' title="bbox 192 2300 1080 2457">
     <span class='ocr_line' id='line_1_35' title="bbox 192 2300 1080 2401; baseline -0.005 -10"><span class='ocrx_word' id='word_1_185' title='bbox 192 2300 520 2398; x_wconf 51' lang='lat' dir='ltr'>quexn&#39;i&#39;lgtissime</span> <span class='ocrx_word' id='word_1_186' title='bbox 534 2346 687 2400; x_wconf 76' lang='lat' dir='ltr'>possint</span> <span class='ocrx_word' id='word_1_187' title='bbox 712 2347 787 2387; x_wconf 73' lang='lat' dir='ltr'>&amp;c-</span> <span class='ocrx_word' id='word_1_188' title='bbox 801 2347 908 2394; x_wconf 74' lang='lat' dir='ltr'>xviii,</span> <span class='ocrx_word' id='word_1_189' title='bbox 924 2350 952 2388; x_wconf 83' lang='lat'>9</span> <span class='ocrx_word' id='word_1_190' title='bbox 967 2347 1080 2401; x_wconf 87' lang='lat' dir='ltr'>(haec</span> 
     </span>
     <span class='ocr_line' id='line_1_36' title="bbox 244 2401 1078 2457; baseline -0.007 -12"><span class='ocrx_word' id='word_1_191' title='bbox 244 2404 436 2457; x_wconf 70' lang='lat' dir='ltr'>particule</span> <span class='ocrx_word' id='word_1_192' title='bbox 462 2414 552 2442; x_wconf 80' lang='lat' dir='ltr'>curn</span> <span class='ocrx_word' id='word_1_193' title='bbox 577 2402 694 2442; x_wconf 84' lang='lat' dir='ltr'>verbo</span> <span class='ocrx_word' id='word_1_194' title='bbox 718 2406 731 2424; x_wconf 84' lang='lat'>‘</span> <span class='ocrx_word' id='word_1_195' title='bbox 747 2401 916 2454; x_wconf 86' lang='lat' dir='ltr'>possum&#39;</span> <span class='ocrx_word' id='word_1_196' title='bbox 944 2407 986 2440; x_wconf 87' lang='lat' dir='ltr'>et</span> <span class='ocrx_word' id='word_1_197' title='bbox 1015 2415 1078 2440; x_wconf 90' lang='lat' dir='ltr'>su-</span> 
     </span>
    </p>

    <p class='ocr_par' dir='ltr' id='par_1_11' title="bbox 247 2452 1077 2779">
     <span class='ocr_line' id='line_1_37' title="bbox 354 2452 1077 2508; baseline -0.006 -11"><span class='ocrx_word' id='word_1_198' title='bbox 354 2459 436 2497; x_wconf 82' lang='lat' dir='ltr'>tivo</span> <span class='ocrx_word' id='word_1_199' title='bbox 465 2457 689 2508; x_wconf 80' lang='lat' dir='ltr'>frequenter</span> <span class='ocrx_word' id='word_1_200' title='bbox 707 2455 759 2494; x_wconf 71' lang='lat' dir='ltr'>itu</span> <span class='ocrx_word' id='word_1_201' title='bbox 773 2452 890 2506; x_wconf 88' lang='lat' dir='ltr'>jungi</span> <span class='ocrx_word' id='word_1_202' title='bbox 909 2455 1021 2496; x_wconf 81' lang='lat' dir='ltr'>solet.</span> <span class='ocrx_word' id='word_1_203' title='bbox 1041 2469 1077 2493; x_wconf 90' lang='lat' dir='ltr'>v.</span> 
     </span>
     <span class='ocr_line' id='line_1_38' title="bbox 280 2506 1077 2560; baseline -0.003 -10"><span class='ocrx_word' id='word_1_204' title='bbox 280 2511 450 2550; x_wconf 87' lang='lat' dir='ltr'>ursellin.</span> <span class='ocrx_word' id='word_1_205' title='bbox 469 2509 585 2560; x_wconf 74' lang='grc'>143).</span> <span class='ocrx_word' id='word_1_206' title='bbox 603 2520 720 2560; x_wconf 84' lang='lat' dir='ltr'>quam</span> <span class='ocrx_word' id='word_1_207' title='bbox 735 2507 895 2546; x_wconf 86' lang='lat' dir='ltr'>minime</span> <span class='ocrx_word' id='word_1_208' title='bbox 922 2506 1032 2554; x_wconf 81' lang='lat' dir='ltr'>xviii,</span> <span class='ocrx_word' id='word_1_209' title='bbox 1051 2511 1077 2548; x_wconf 89' lang='grc'>8</span> 
     </span>
     <span class='ocr_line' id='line_1_39' title="bbox 249 2560 1076 2618; baseline -0.002 -15"><span class='ocrx_word' id='word_1_210' title='bbox 249 2577 366 2618; x_wconf 73' lang='lat' dir='ltr'>qutun</span> <span class='ocrx_word' id='word_1_211' title='bbox 398 2562 560 2602; x_wconf 88' lang='lat' dir='ltr'>minime</span> <span class='ocrx_word' id='word_1_212' title='bbox 596 2560 719 2600; x_wconf 79' lang='lat' dir='ltr'>multa</span> <span class='ocrx_word' id='word_1_213' title='bbox 750 2560 915 2612; x_wconf 77' lang='lat' dir='ltr'>vestigia</span> <span class='ocrx_word' id='word_1_214' title='bbox 954 2573 1019 2608; x_wconf 79' lang='lat' dir='ltr'>xx,</span> <span class='ocrx_word' id='word_1_215' title='bbox 1051 2562 1076 2601; x_wconf 75' lang='grc'><strong>3</strong></span> 
     </span>
     <span class='ocr_line' id='line_1_40' title="bbox 247 2613 1076 2676; baseline -0.006 -19"><span class='ocrx_word' id='word_1_216' title='bbox 247 2630 367 2671; x_wconf 82' lang='lat' dir='ltr'>quam</span> <span class='ocrx_word' id='word_1_217' title='bbox 398 2615 623 2669; x_wconf 78' lang='lat' dir='ltr'>longissime</span> <span class='ocrx_word' id='word_1_218' title='bbox 665 2613 708 2661; x_wconf 79' lang='lat' dir='ltr'>ii,</span> <span class='ocrx_word' id='word_1_219' title='bbox 732 2618 758 2654; x_wconf 83' lang='grc'><strong>7</strong></span> <span class='ocrx_word' id='word_1_220' title='bbox 805 2626 920 2676; x_wconf 84' lang='lat' dir='ltr'>quam</span> <span class='ocrx_word' id='word_1_221' title='bbox 969 2614 1076 2667; x_wconf 89' lang='lat' dir='ltr'>(pro,</span> 
     </span>
     <span class='ocr_line' id='line_1_41' title="bbox 247 2667 1076 2724; baseline -0.005 -13"><span class='ocrx_word' id='word_1_222' title='bbox 247 2677 484 2724; x_wconf 75' lang='lat' dir='ltr'>postquam:</span> <span class='ocrx_word' id='word_1_223' title='bbox 519 2667 794 2722; x_wconf 62' lang='lat' dir='ltr'>msa-raaces)</span> <span class='ocrx_word' id='word_1_224' title='bbox 823 2668 881 2715; x_wconf 77' lang='lat' dir='ltr'>iii,</span> <span class='ocrx_word' id='word_1_225' title='bbox 905 2672 925 2709; x_wconf 87' lang='lat'>1</span> <span class='ocrx_word' id='word_1_226' title='bbox 967 2670 1076 2722; x_wconf 84' lang='lat' dir='ltr'>(pro,</span> 
     </span>
     <span class='ocr_line' id='line_1_42' title="bbox 247 2721 680 2779; baseline -0.005 -14"><span class='ocrx_word' id='word_1_227' title='bbox 247 2724 380 2779; x_wconf 86' lang='lat' dir='ltr'>potius</span> <span class='ocrx_word' id='word_1_228' title='bbox 394 2722 533 2778; x_wconf 80' lang='lat' dir='ltr'>quam)</span> <span class='ocrx_word' id='word_1_229' title='bbox 564 2721 640 2768; x_wconf 78' lang='lat' dir='ltr'>xiv,</span> <span class='ocrx_word' id='word_1_230' title='bbox 654 2726 680 2763; x_wconf 86' lang='lat'><em>8</em></span> 
     </span>
    </p>

    <p class='ocr_par' dir='ltr' id='par_1_12' title="bbox 193 2773 790 2833">
     <span class='ocr_line' id='line_1_43' title="bbox 193 2773 790 2833; baseline -0.01 -13"><span class='ocrx_word' id='word_1_231' title='bbox 193 2779 431 2833; x_wconf 77' lang='lat' dir='ltr'>Quanquam</span> <span class='ocrx_word' id='word_1_232' title='bbox 451 2791 462 2817; x_wconf 73' lang='grc' dir='ltr'><strong><em>ε</em></strong></span> <span class='ocrx_word' id='word_1_233' title='bbox 490 2776 580 2817; x_wconf 78' lang='lat' dir='ltr'>vide</span> <span class='ocrx_word' id='word_1_234' title='bbox 599 2773 790 2816; x_wconf 86' lang='lat' dir='ltr'>Cumcum</span> 
     </span>
    </p>

    <p class='ocr_par' dir='ltr' id='par_1_13' title="bbox 194 2829 1080 3152">
     <span class='ocr_line' id='line_1_44' title="bbox 194 2829 1077 2882; baseline -0.006 -9"><span class='ocrx_word' id='word_1_235' title='bbox 194 2833 377 2881; x_wconf 84' lang='lat' dir='ltr'>Quantus</span> <span class='ocrx_word' id='word_1_236' title='bbox 394 2831 462 2871; x_wconf 88' lang='lat' dir='ltr'>ille</span> <span class='ocrx_word' id='word_1_237' title='bbox 491 2830 621 2877; x_wconf 77' lang='lat' dir='ltr'>fuerit,</span> <span class='ocrx_word' id='word_1_238' title='bbox 652 2835 783 2882; x_wconf 83' lang='lat' dir='ltr'>potest</span> <span class='ocrx_word' id='word_1_239' title='bbox 805 2842 854 2869; x_wconf 83' lang='lat' dir='ltr'>ex</span> <span class='ocrx_word' id='word_1_240' title='bbox 868 2829 944 2869; x_wconf 82' lang='lat' dir='ltr'>hoe</span> <span class='ocrx_word' id='word_1_241' title='bbox 961 2829 1077 2869; x_wconf 85' lang='lat' dir='ltr'>intel·</span> 
     </span>
     <span class='ocr_line' id='line_1_45' title="bbox 247 2882 1077 2939; baseline -0.005 -14"><span class='ocrx_word' id='word_1_242' title='bbox 247 2886 316 2939; x_wconf 84' lang='lat' dir='ltr'>ligi</span> <span class='ocrx_word' id='word_1_243' title='bbox 360 2883 469 2932; x_wconf 83' lang='lat' dir='ltr'>xxiii,</span> <span class='ocrx_word' id='word_1_244' title='bbox 501 2889 526 2925; x_wconf 77' lang='lat'>⁵</span> <span class='ocrx_word' id='word_1_245' title='bbox 571 2890 719 2937; x_wconf 72' lang='lat' dir='ltr'>quanto</span> <span class='ocrx_word' id='word_1_246' title='bbox 750 2889 961 2923; x_wconf 71' lang='lat' dir='ltr'>antestaret</span> <span class='ocrx_word' id='word_1_247' title='bbox 994 2882 1077 2929; x_wconf 48' lang='lat' dir='ltr'>eloe</span> 
     </span>
     <span class='ocr_line' id='line_1_46' title="bbox 247 2935 1075 2993; baseline -0.005 -12"><span class='ocrx_word' id='word_1_248' title='bbox 247 2940 410 2993; x_wconf 78' lang='lat' dir='ltr'>quentia</span> <span class='ocrx_word' id='word_1_249' title='bbox 425 2938 663 2979; x_wconf 70' lang='lat' dir='ltr'>innocentia</span> <span class='ocrx_word' id='word_1_250' title='bbox 681 2937 880 2989; x_wconf 82' lang='lat' dir='ltr'>cognitum</span> <span class='ocrx_word' id='word_1_251' title='bbox 896 2942 957 2976; x_wconf 81' lang='lat' dir='ltr'>est</span> <span class='ocrx_word' id='word_1_252' title='bbox 982 2935 1039 2984; x_wconf 84' lang='lat' dir='ltr'>iii,</span> <span class='ocrx_word' id='word_1_253' title='bbox 1053 2938 1075 2977; x_wconf 97' lang='grc'>1</span> 
     </span>
     <span class='ocr_line' id='line_1_47' title="bbox 247 2984 1078 3044; baseline -0.004 -11"><span class='ocrx_word' id='word_1_254' title='bbox 247 3000 359 3034; x_wconf 72' lang='lat' dir='ltr'>tanto</span> <span class='ocrx_word' id='word_1_255' title='bbox 391 2992 600 3032; x_wconf 73' lang='lat' dir='ltr'>antecessit</span> <span class='ocrx_word' id='word_1_256' title='bbox 633 2990 847 3044; x_wconf 86' lang='lat' dir='ltr'>discipulos</span> <span class='ocrx_word' id='word_1_257' title='bbox 876 2984 1078 3037; x_wconf 79' lang='lat' dir='ltr'>doctrinis,</span> 
     </span>
     <span class='ocr_line' id='line_1_48' title="bbox 249 3044 1080 3098; baseline -0.002 -12"><span class='ocrx_word' id='word_1_258' title='bbox 249 3053 295 3086; x_wconf 91' lang='lat' dir='ltr'>ut</span> <span class='ocrx_word' id='word_1_259' title='bbox 336 3046 411 3088; x_wconf 71' lang='grc' dir='ltr'>ὅτε.</span> <span class='ocrx_word' id='word_1_260' title='bbox 452 3055 517 3093; x_wconf 77' lang='lat' dir='ltr'>xv,</span> <span class='ocrx_word' id='word_1_261' title='bbox 545 3050 572 3086; x_wconf 77' lang='lat'><em>2</em></span> <span class='ocrx_word' id='word_1_262' title='bbox 612 3051 802 3098; x_wconf 67' lang='lat' dir='ltr'>quantum</span> <span class='ocrx_word' id='word_1_263' title='bbox 847 3045 888 3083; x_wconf 90' lang='lat' dir='ltr'>in</span> <span class='ocrx_word' id='word_1_264' title='bbox 923 3056 966 3084; x_wconf 86' lang='lat' dir='ltr'>se</span> <span class='ocrx_word' id='word_1_265' title='bbox 1004 3044 1080 3084; x_wconf 77' lang='lat' dir='ltr'>fuit</span> 
     </span>
     <span class='ocr_line' id='line_1_49' title="bbox 250 3098 755 3152; baseline -0.002 -12"><span class='ocrx_word' id='word_1_266' title='bbox 250 3100 463 3152; x_wconf 82' lang='lat' dir='ltr'>(quantum</span> <span class='ocrx_word' id='word_1_267' title='bbox 475 3098 626 3152; x_wconf 86' lang='lat' dir='ltr'>potuit)</span> <span class='ocrx_word' id='word_1_268' title='bbox 656 3099 711 3145; x_wconf 78' lang='lat' dir='ltr'>xi,</span> <span class='ocrx_word' id='word_1_269' title='bbox 730 3103 755 3139; x_wconf 71' lang='lat'>⁸</span> 
     </span>
    </p>

    <p class='ocr_par' dir='ltr' id='par_1_14' title="bbox 197 3152 937 3206">
     <span class='ocr_line' id='line_1_50' title="bbox 197 3152 937 3206; baseline -0.003 -12"><span class='ocrx_word' id='word_1_270' title='bbox 197 3153 391 3200; x_wconf 71' lang='lat' dir='ltr'>Quatemi</span> <span class='ocrx_word' id='word_1_271' title='bbox 405 3152 596 3206; x_wconf 84' lang='lat' dir='ltr'>quinique</span> <span class='ocrx_word' id='word_1_272' title='bbox 611 3162 746 3191; x_wconf 79' lang='lat' dir='ltr'>versus</span> <span class='ocrx_word' id='word_1_273' title='bbox 774 3162 862 3199; x_wconf 78' lang='lat' dir='ltr'>xxv,</span> <span class='ocrx_word' id='word_1_274' title='bbox 883 3154 937 3192; x_wconf 81' lang='grc'>18</span> 
     </span>
    </p>

    <p class='ocr_par' dir='ltr' id='par_1_15' title="bbox 197 3203 1086 3578">
     <span class='ocr_line' id='line_1_51' title="bbox 197 3203 1082 3261; baseline -0.005 -14"><span class='ocrx_word' id='word_1_275' title='bbox 197 3207 288 3255; x_wconf 87' lang='lat' dir='ltr'>Que</span> <span class='ocrx_word' id='word_1_276' title='bbox 305 3205 559 3261; x_wconf 47' lang='lat' dir='ltr'>(coeliacos</span> <span class='ocrx_word' id='word_1_277' title='bbox 587 3206 722 3258; x_wconf 71' lang='lat' dir='ltr'>inque</span> <span class='ocrx_word' id='word_1_278' title='bbox 736 3205 914 3245; x_wconf 74' lang='lat' dir='ltr'>fecerunt</span> <span class='ocrx_word' id='word_1_279' title='bbox 929 3203 994 3260; x_wconf 87' lang='lat' dir='ltr'>(et</span> <span class='ocrx_word' id='word_1_280' title='bbox 1003 3203 1082 3256; x_wconf 76' lang='lat' dir='ltr'>its)</span> 
     </span>
     <span class='ocr_line' id='line_1_52' title="bbox 251 3256 1083 3314; baseline -0.005 -14"><span class='ocrx_word' id='word_1_281' title='bbox 251 3261 318 3309; x_wconf 79' lang='lat' dir='ltr'>vii,</span> <span class='ocrx_word' id='word_1_282' title='bbox 334 3264 362 3302; x_wconf 85' lang='grc'>4</span> <span class='ocrx_word' id='word_1_283' title='bbox 392 3270 551 3314; x_wconf 86' lang='lat' dir='ltr'>quoque</span> <span class='ocrx_word' id='word_1_284' title='bbox 579 3257 767 3299; x_wconf 77' lang='lat' dir='ltr'>Messena</span> <span class='ocrx_word' id='word_1_285' title='bbox 789 3256 955 3299; x_wconf 83' lang='lat' dir='ltr'>celerius</span> <span class='ocrx_word' id='word_1_286' title='bbox 971 3258 1083 3297; x_wconf 81' lang='lat' dir='ltr'>resti·</span> 
     </span>
     <span class='ocr_line' id='line_1_53' title="bbox 248 3310 1085 3408; baseline -0.004 -55"><span class='ocrx_word' id='word_1_287' title='bbox 248 3320 422 3355; x_wconf 85' lang='lat' dir='ltr'>tueretur</span> <span class='ocrx_word' id='word_1_288' title='bbox 448 3314 512 3408; x_wconf 47' lang='lat' dir='ltr'>Se:</span> <span class='ocrx_word' id='word_1_289' title='bbox 527 3312 629 3367; x_wconf 86' lang='lat' dir='ltr'>quo)</span> <span class='ocrx_word' id='word_1_290' title='bbox 658 3310 779 3359; x_wconf 51' lang='lat' dir='ltr'>xvim</span> <span class='ocrx_word' id='word_1_291' title='bbox 812 3311 949 3364; x_wconf 83' lang='lat' dir='ltr'>utique</span> <span class='ocrx_word' id='word_1_292' title='bbox 966 3310 1085 3358; x_wconf 80' lang='lat' dir='ltr'>velles</span> 
     </span>
     <span class='ocr_line' id='line_1_54' title="bbox 249 3362 1084 3422; baseline -0.007 -14"><span class='ocrx_word' id='word_1_293' title='bbox 249 3366 312 3422; x_wconf 84' lang='lat' dir='ltr'>(et</span> <span class='ocrx_word' id='word_1_294' title='bbox 330 3369 425 3422; x_wconf 83' lang='lat' dir='ltr'>uti),</span> <span class='ocrx_word' id='word_1_295' title='bbox 504 3393 517 3408; x_wconf 87' lang='grc'><strong>.</strong></span> <span class='ocrx_word' id='word_1_296' title='bbox 538 3370 589 3408; x_wconf 74' lang='lat'>12</span> <span class='ocrx_word' id='word_1_297' title='bbox 614 3365 752 3419; x_wconf 67' lang='lat' dir='ltr'>(monz</span> <span class='ocrx_word' id='word_1_298' title='bbox 780 3369 899 3418; x_wconf 80' lang='lat' dir='ltr'>atque</span> <span class='ocrx_word' id='word_1_299' title='bbox 929 3362 989 3403; x_wconf 81' lang='lat' dir='ltr'>uti</span> <span class='ocrx_word' id='word_1_300' title='bbox 1014 3376 1084 3403; x_wconf 86' lang='lat' dir='ltr'>ne-</span> 
     </span>
     <span class='ocr_line' id='line_1_55' title="bbox 245 3416 1086 3473; baseline -0.008 -12"><span class='ocrx_word' id='word_1_301' title='bbox 245 3422 307 3462; x_wconf 69' lang='lat' dir='ltr'>fas</span> <span class='ocrx_word' id='word_1_302' title='bbox 341 3422 503 3463; x_wconf 63' lang='lat' dir='ltr'>labetes</span> <span class='ocrx_word' id='word_1_303' title='bbox 526 3420 624 3473; x_wconf 69' lang='grc' dir='ltr'>διο.)</span> <span class='ocrx_word' id='word_1_304' title='bbox 722 3428 773 3458; x_wconf 86' lang='lat' dir='ltr'>ue</span> <span class='ocrx_word' id='word_1_305' title='bbox 798 3418 908 3458; x_wconf 82' lang='lat' dir='ltr'>fieret</span> <span class='ocrx_word' id='word_1_306' title='bbox 925 3417 988 3471; x_wconf 90' lang='lat' dir='ltr'>(et</span> <span class='ocrx_word' id='word_1_307' title='bbox 1021 3416 1086 3470; x_wconf 80' lang='lat' dir='ltr'>ut)</span> 
     </span>
     <span class='ocr_line' id='line_1_56' title="bbox 250 3470 1084 3530; baseline -0.006 -16"><span class='ocrx_word' id='word_1_308' title='bbox 250 3475 357 3523; x_wconf 74' lang='lat' dir='ltr'>xviii,</span> <span class='ocrx_word' id='word_1_309' title='bbox 377 3479 409 3516; x_wconf 70' lang='grc'><strong>0</strong></span> <span class='ocrx_word' id='word_1_310' title='bbox 443 3485 570 3530; x_wconf 72' lang='lat' dir='ltr'>enque</span> <span class='ocrx_word' id='word_1_311' title='bbox 601 3484 649 3514; x_wconf 80' lang='lat' dir='ltr'>ea</span> <span class='ocrx_word' id='word_1_312' title='bbox 726 3472 914 3525; x_wconf 82' lang='lat' dir='ltr'>umphum</span> <span class='ocrx_word' id='word_1_313' title='bbox 941 3470 1084 3523; x_wconf 75' lang='lat' dir='ltr'>depor-</span> 
     </span>
     <span class='ocr_line' id='line_1_57' title="bbox 252 3525 1085 3578; baseline -0.002 -11"><span class='ocrx_word' id='word_1_314' title='bbox 252 3529 349 3568; x_wconf 76' lang='lat' dir='ltr'>tavit</span> <span class='ocrx_word' id='word_1_315' title='bbox 376 3529 477 3577; x_wconf 79' lang='lat' dir='ltr'>xxiv,</span> <span class='ocrx_word' id='word_1_316' title='bbox 496 3533 522 3570; x_wconf 82' lang='lat'>2</span> <span class='ocrx_word' id='word_1_317' title='bbox 561 3543 583 3568; x_wconf 80' lang='grc' dir='ltr'>ι</span> <span class='ocrx_word' id='word_1_318' title='bbox 603 3526 848 3578; x_wconf 79' lang='lat' dir='ltr'>barbarisque</span> <span class='ocrx_word' id='word_1_319' title='bbox 887 3536 952 3572; x_wconf 76' lang='lat' dir='ltr'>xx,</span> <span class='ocrx_word' id='word_1_320' title='bbox 972 3528 994 3566; x_wconf 89' lang='grc'>1</span> <span class='ocrx_word' id='word_1_321' title='bbox 1035 3525 1085 3565; x_wconf 80' lang='lat' dir='ltr'>ab</span> 
     </span>
    </p>
   </div>
   <div class='ocr_carea' id='block_1_3' title="bbox 1840 276 2023 328">
    <p class='ocr_par' dir='ltr' id='par_1_16' title="bbox 1840 276 2023 328">
     <span class='ocr_line' id='line_1_58' title="bbox 1840 276 2023 328; baseline -0.005 -1"><span class='ocrx_word' id='word_1_322' title='bbox 1840 276 2023 328; x_wconf 83' lang='lat' dir='ltr'>cxxiii</span> 
     </span>
    </p>
   </div>
   <div class='ocr_carea' id='block_1_4' title="bbox 1190 412 2023 626">
    <p class='ocr_par' dir='ltr' id='par_1_17' title="bbox 1190 412 2023 626">
     <span class='ocr_line' id='line_1_59' title="bbox 1190 412 2022 468; baseline 0.002 -16"><span class='ocrx_word' id='word_1_323' title='bbox 1190 425 1317 466; x_wconf 87' lang='lat' dir='ltr'>eoque</span> <span class='ocrx_word' id='word_1_324' title='bbox 1356 412 1438 461; x_wconf 85' lang='lat' dir='ltr'>xiii,</span> <span class='ocrx_word' id='word_1_325' title='bbox 1460 417 1481 454; x_wconf 86' lang='lat'>1</span> <span class='ocrx_word' id='word_1_326' title='bbox 1523 413 1576 453; x_wconf 78' lang='lat' dir='ltr'>ad</span> <span class='ocrx_word' id='word_1_327' title='bbox 1607 425 1775 468; x_wconf 85' lang='lat' dir='ltr'>eumque</span> <span class='ocrx_word' id='word_1_328' title='bbox 1807 413 1910 452; x_wconf 84' lang='lat' dir='ltr'>misit</span> <span class='ocrx_word' id='word_1_329' title='bbox 1942 418 2022 460; x_wconf 77' lang='lat' dir='ltr'>x,4</span> 
     </span>
     <span class='ocr_line' id='line_1_60' title="bbox 1192 467 2023 520; baseline 0.001 -15"><span class='ocrx_word' id='word_1_330' title='bbox 1192 467 1232 505; x_wconf 89' lang='lat' dir='ltr'>in</span> <span class='ocrx_word' id='word_1_331' title='bbox 1261 479 1426 519; x_wconf 85' lang='lat' dir='ltr'>eamque</span> <span class='ocrx_word' id='word_1_332' title='bbox 1445 467 1770 508; x_wconf 76' lang='lat' dir='ltr'>consuetudinem</span> <span class='ocrx_word' id='word_1_333' title='bbox 1799 467 1934 520; x_wconf 87' lang='lat' dir='ltr'>copias</span> <span class='ocrx_word' id='word_1_334' title='bbox 1952 468 2023 506; x_wconf 88' lang='lat' dir='ltr'>ad-</span> 
     </span>
     <span class='ocr_line' id='line_1_61' title="bbox 1191 519 2022 575; baseline 0.002 -17"><span class='ocrx_word' id='word_1_335' title='bbox 1191 519 1304 560; x_wconf 75' lang='lat' dir='ltr'>duxit</span> <span class='ocrx_word' id='word_1_336' title='bbox 1342 521 1395 567; x_wconf 83' lang='lat' dir='ltr'>xi,</span> <span class='ocrx_word' id='word_1_337' title='bbox 1420 524 1447 562; x_wconf 80' lang='lat'>2</span> <span class='ocrx_word' id='word_1_338' title='bbox 1491 521 1533 562; x_wconf 88' lang='lat' dir='ltr'>in</span> <span class='ocrx_word' id='word_1_339' title='bbox 1566 534 1696 575; x_wconf 84' lang='lat' dir='ltr'>eoque</span> <span class='ocrx_word' id='word_1_340' title='bbox 1711 521 1815 562; x_wconf 86' lang='lat' dir='ltr'>bello</span> <span class='ocrx_word' id='word_1_341' title='bbox 1842 521 1896 567; x_wconf 84' lang='lat' dir='ltr'>ix.</span> <span class='ocrx_word' id='word_1_342' title='bbox 1918 525 1939 562; x_wconf 91' lang='lat'>1</span> <span class='ocrx_word' id='word_1_343' title='bbox 1971 521 2022 560; x_wconf 89' lang='lat' dir='ltr'>ob</span> 
     </span>
     <span class='ocr_line' id='line_1_62' title="bbox 1191 580 1641 626; baseline 0.009 -14"><span class='ocrx_word' id='word_1_344' title='bbox 1191 585 1358 626; x_wconf 87' lang='lat' dir='ltr'>eamque</span> <span class='ocrx_word' id='word_1_345' title='bbox 1376 586 1531 615; x_wconf 79' lang='lat' dir='ltr'>causam</span> <span class='ocrx_word' id='word_1_346' title='bbox 1558 588 1598 622; x_wconf 85' lang='lat' dir='ltr'>v,</span> <span class='ocrx_word' id='word_1_347' title='bbox 1619 580 1641 616; x_wconf 95' lang='lat'>1</span> 
     </span>
    </p>
   </div>
   <div class='ocr_carea' id='block_1_5' title="bbox 1135 626 2023 681">
    <p class='ocr_par' dir='ltr' id='par_1_18' title="bbox 1135 626 2023 681">
     <span class='ocr_line' id='line_1_63' title="bbox 1135 626 2023 681; baseline 0.003 -16"><span class='ocrx_word' id='word_1_348' title='bbox 1135 626 1481 673; x_wconf 81' lang='lat' dir='ltr'>Quemadmodum</span> <span class='ocrx_word' id='word_1_349' title='bbox 1496 626 1739 681; x_wconf 88' lang='lat' dir='ltr'>(quomodo)</span> <span class='ocrx_word' id='word_1_350' title='bbox 1758 628 1836 676; x_wconf 83' lang='lat' dir='ltr'>xvi,</span> <span class='ocrx_word' id='word_1_351' title='bbox 1849 631 1868 668; x_wconf 84' lang='lat'>1</span> <span class='ocrx_word' id='word_1_352' title='bbox 1886 640 2023 681; x_wconf 87' lang='lat' dir='ltr'>quem-</span> 
     </span>
    </p>
   </div>
   <div class='ocr_carea' id='block_1_6' title="bbox 1137 680 2026 3475">
    <p class='ocr_par' dir='ltr' id='par_1_19' title="bbox 1193 680 1854 736">
     <span class='ocr_line' id='line_1_64' title="bbox 1193 680 1854 736; baseline 0.005 -17"><span class='ocrx_word' id='word_1_353' title='bbox 1193 681 1405 720; x_wconf 87' lang='lat' dir='ltr'>admodum</span> <span class='ocrx_word' id='word_1_354' title='bbox 1424 680 1742 736; x_wconf 83' lang='lat' dir='ltr'>(interrogative)</span> <span class='ocrx_word' id='word_1_355' title='bbox 1771 696 1810 728; x_wconf 70' lang='grc' dir='ltr'>κ,</span> <span class='ocrx_word' id='word_1_356' title='bbox 1829 685 1854 722; x_wconf 83' lang='lat'>2</span> 
     </span>
    </p>

    <p class='ocr_par' dir='ltr' id='par_1_20' title="bbox 1138 732 2024 889">
     <span class='ocr_line' id='line_1_65' title="bbox 1138 732 2023 788; baseline 0.005 -16"><span class='ocrx_word' id='word_1_357' title='bbox 1138 732 1284 781; x_wconf 83' lang='lat' dir='ltr'>Queri:</span> <span class='ocrx_word' id='word_1_358' title='bbox 1314 736 1574 788; x_wconf 81' lang='lat' dir='ltr'>querebantur</span> <span class='ocrx_word' id='word_1_359' title='bbox 1603 746 1701 788; x_wconf 87' lang='lat' dir='ltr'>opus</span> <span class='ocrx_word' id='word_1_360' title='bbox 1745 736 1867 776; x_wconf 82' lang='lat' dir='ltr'>nihilo</span> <span class='ocrx_word' id='word_1_361' title='bbox 1896 736 2023 776; x_wconf 82' lang='lat' dir='ltr'>minus</span> 
     </span>
     <span class='ocr_line' id='line_1_66' title="bbox 1193 787 2024 843; baseline 0.004 -16"><span class='ocrx_word' id='word_1_362' title='bbox 1193 787 1276 828; x_wconf 84' lang='lat' dir='ltr'>fieri</span> <span class='ocrx_word' id='word_1_363' title='bbox 1313 789 1355 836; x_wconf 84' lang='lat' dir='ltr'>ii.</span> <span class='ocrx_word' id='word_1_364' title='bbox 1381 792 1407 830; x_wconf 83' lang='grc'><strong>7</strong></span> <span class='ocrx_word' id='word_1_365' title='bbox 1448 789 1596 842; x_wconf 74' lang='lat' dir='ltr'>legatos</span> <span class='ocrx_word' id='word_1_366' title='bbox 1629 789 1814 830; x_wconf 84' lang='lat' dir='ltr'>miserunt</span> <span class='ocrx_word' id='word_1_367' title='bbox 1842 795 2024 843; x_wconf 88' lang='lat' dir='ltr'>questum</span> 
     </span>
     <span class='ocr_line' id='line_1_67' title="bbox 1193 842 1302 889; baseline 0.028 -9"><span class='ocrx_word' id='word_1_368' title='bbox 1193 842 1302 889; x_wconf 79' lang='lat' dir='ltr'>xii,3</span> 
     </span>
    </p>

    <p class='ocr_par' dir='ltr' id='par_1_21' title="bbox 1137 894 2025 1220">
     <span class='ocr_line' id='line_1_68' title="bbox 1137 894 2024 948; baseline 0.002 -14"><span class='ocrx_word' id='word_1_369' title='bbox 1137 894 1393 942; x_wconf 82' lang='lat' dir='ltr'>Querimonia</span> <span class='ocrx_word' id='word_1_370' title='bbox 1409 897 1626 938; x_wconf 75' lang='lat' dir='ltr'>intercedit</span> <span class='ocrx_word' id='word_1_371' title='bbox 1650 897 1752 937; x_wconf 85' lang='lat' dir='ltr'>inter</span> <span class='ocrx_word' id='word_1_372' title='bbox 1780 909 1848 936; x_wconf 89' lang='lat' dir='ltr'>eos</span> <span class='ocrx_word' id='word_1_373' title='bbox 1877 895 2024 948; x_wconf 87' lang='lat' dir='ltr'>(offen-</span> 
     </span>
     <span class='ocr_line' id='line_1_69' title="bbox 1192 949 2023 1004; baseline 0.001 -16"><span class='ocrx_word' id='word_1_374' title='bbox 1192 949 1382 990; x_wconf 83' lang='lat' dir='ltr'>siuncnlae</span> <span class='ocrx_word' id='word_1_375' title='bbox 1395 955 1437 991; x_wconf 87' lang='lat' dir='ltr'>et</span> <span class='ocrx_word' id='word_1_376' title='bbox 1453 950 1747 1004; x_wconf 78' lang='lat' dir='ltr'>contentiones)</span> <span class='ocrx_word' id='word_1_377' title='bbox 1762 963 1850 999; x_wconf 84' lang='lat' dir='ltr'>xxv,</span> <span class='ocrx_word' id='word_1_378' title='bbox 1866 955 1915 991; x_wconf 86' lang='grc'>17</span> <span class='ocrx_word' id='word_1_379' title='bbox 1959 951 2023 990; x_wconf 86' lang='lat' dir='ltr'>Ita</span> 
     </span>
     <span class='ocr_line' id='line_1_70' title="bbox 1192 1004 2025 1058; baseline 0.002 -16"><span class='ocrx_word' id='word_1_380' title='bbox 1192 1005 1300 1055; x_wconf 82' lang='lat' dir='ltr'>apud</span> <span class='ocrx_word' id='word_1_381' title='bbox 1315 1004 1443 1045; x_wconf 85' lang='lat' dir='ltr'>Cicer.</span> <span class='ocrx_word' id='word_1_382' title='bbox 1471 1010 1483 1028; x_wconf 84' lang='lat'><em>‘</em></span> <span class='ocrx_word' id='word_1_383' title='bbox 1500 1006 1610 1058; x_wconf 87' lang='lat' dir='ltr'>queri</span> <span class='ocrx_word' id='word_1_384' title='bbox 1625 1018 1714 1045; x_wconf 89' lang='lat' dir='ltr'>cum</span> <span class='ocrx_word' id='word_1_385' title='bbox 1733 1005 1914 1044; x_wconf 65' lang='lat' dir='ltr'>fortuna!</span> <span class='ocrx_word' id='word_1_386' title='bbox 1969 1011 2025 1044; x_wconf 89' lang='lat' dir='ltr'>et.</span> 
     </span>
     <span class='ocr_line' id='line_1_71' title="bbox 1190 1056 2024 1112; baseline 0.001 -16"><span class='ocrx_word' id='word_1_387' title='bbox 1190 1056 1364 1110; x_wconf 84' lang='lat' dir='ltr'>inscript.</span> <span class='ocrx_word' id='word_1_388' title='bbox 1380 1059 1487 1112; x_wconf 86' lang='lat' dir='ltr'>apud</span> <span class='ocrx_word' id='word_1_389' title='bbox 1506 1059 1662 1103; x_wconf 85' lang='lat' dir='ltr'>Gruter.</span> <span class='ocrx_word' id='word_1_390' title='bbox 1679 1062 1850 1106; x_wconf 78' lang='lat'><strong>1042,8.</strong></span> <span class='ocrx_word' id='word_1_391' title='bbox 1864 1069 2024 1098; x_wconf 69' lang='lat' dir='ltr'>cousu-</span> 
     </span>
     <span class='ocr_line' id='line_1_72' title="bbox 1193 1115 2020 1156; baseline 0 -6"><span class='ocrx_word' id='word_1_392' title='bbox 1193 1122 1255 1150; x_wconf 79' lang='grc' dir='ltr'>οι.</span> <span class='ocrx_word' id='word_1_393' title='bbox 1302 1120 1609 1152; x_wconf 62' lang='grc' dir='ltr'>εΛιαοτιεευὲιε.</span> <span class='ocrx_word' id='word_1_394' title='bbox 1633 1126 1746 1153; x_wconf 70' lang='lat' dir='ltr'>cum.</span> <span class='ocrx_word' id='word_1_395' title='bbox 1774 1115 1877 1156; x_wconf 60' lang='lat' dir='ltr'>Qus.</span> <span class='ocrx_word' id='word_1_396' title='bbox 1907 1124 2020 1153; x_wconf 73' lang='lat' dir='ltr'>vixx.</span> 
     </span>
     <span class='ocr_line' id='line_1_73' title="bbox 1193 1166 1997 1220; baseline 0.002 -16"><span class='ocrx_word' id='word_1_397' title='bbox 1193 1179 1300 1205; x_wconf 76' lang='lat' dir='ltr'>ANN.</span> <span class='ocrx_word' id='word_1_398' title='bbox 1323 1180 1452 1206; x_wconf 78' lang='lat' dir='ltr'>xxxi.</span> <span class='ocrx_word' id='word_1_399' title='bbox 1470 1179 1585 1206; x_wconf 73' lang='lat' dir='ltr'>smn-</span> <span class='ocrx_word' id='word_1_400' title='bbox 1606 1179 1736 1207; x_wconf 78' lang='lat' dir='ltr'>ULLA.</span> <span class='ocrx_word' id='word_1_401' title='bbox 1755 1166 1997 1220; x_wconf 54' lang='lat' dir='ltr'>euentum.)</span> 
     </span>
    </p>

    <p class='ocr_par' dir='ltr' id='par_1_22' title="bbox 1138 1218 2026 2134">
     <span class='ocr_line' id='line_1_74' title="bbox 1138 1218 2024 1274; baseline 0.002 -16"><span class='ocrx_word' id='word_1_402' title='bbox 1138 1218 1235 1266; x_wconf 86' lang='lat' dir='ltr'>Qui,</span> <span class='ocrx_word' id='word_1_403' title='bbox 1245 1232 1269 1259; x_wconf 84' lang='lat' dir='ltr'>a</span> <span class='ocrx_word' id='word_1_404' title='bbox 1282 1233 1361 1272; x_wconf 91' lang='lat' dir='ltr'>quo</span> <span class='ocrx_word' id='word_1_405' title='bbox 1373 1226 1494 1268; x_wconf 85' lang='lat' dir='ltr'>ortus,</span> <span class='ocrx_word' id='word_1_406' title='bbox 1512 1234 1612 1274; x_wconf 88' lang='lat' dir='ltr'>quos</span> <span class='ocrx_word' id='word_1_407' title='bbox 1625 1222 1791 1260; x_wconf 88' lang='lat' dir='ltr'>honores</span> <span class='ocrx_word' id='word_1_408' title='bbox 1804 1221 2024 1273; x_wconf 81' lang='lat' dir='ltr'>quibusque</span> 
     </span>
     <span class='ocr_line' id='line_1_75' title="bbox 1194 1274 2026 1328; baseline 0.001 -16"><span class='ocrx_word' id='word_1_409' title='bbox 1194 1274 1432 1325; x_wconf 86' lang='lat' dir='ltr'>temporibus</span> <span class='ocrx_word' id='word_1_410' title='bbox 1474 1276 1642 1328; x_wconf 86' lang='lat' dir='ltr'>cepisset</span> <span class='ocrx_word' id='word_1_411' title='bbox 1683 1289 1773 1322; x_wconf 85' lang='lat' dir='ltr'><strong>xxv,</strong></span> <span class='ocrx_word' id='word_1_412' title='bbox 1794 1279 1846 1316; x_wconf 86' lang='lat'>18</span> <span class='ocrx_word' id='word_1_413' title='bbox 1885 1275 2026 1328; x_wconf 80' lang='lat' dir='ltr'>(servit</span> 
     </span>
     <span class='ocr_line' id='line_1_76' title="bbox 1192 1327 2023 1391; baseline 0 -25"><span class='ocrx_word' id='word_1_414' title='bbox 1192 1327 1277 1367; x_wconf 88' lang='lat' dir='ltr'>haec</span> <span class='ocrx_word' id='word_1_415' title='bbox 1296 1327 1419 1391; x_wconf 62' lang='lat' dir='ltr'>ligura</span> <span class='ocrx_word' id='word_1_416' title='bbox 1435 1341 1559 1368; x_wconf 90' lang='lat' dir='ltr'>rerum</span> <span class='ocrx_word' id='word_1_417' title='bbox 1574 1327 1824 1381; x_wconf 84' lang='lat' dir='ltr'>dispositioni</span> <span class='ocrx_word' id='word_1_418' title='bbox 1842 1334 1883 1368; x_wconf 91' lang='lat' dir='ltr'>et</span> <span class='ocrx_word' id='word_1_419' title='bbox 1900 1341 2023 1368; x_wconf 88' lang='lat' dir='ltr'>mem-</span> 
     </span>
     <span class='ocr_line' id='line_1_77' title="bbox 1193 1380 2023 1435; baseline 0.002 -16"><span class='ocrx_word' id='word_1_420' title='bbox 1193 1381 1271 1420; x_wconf 84' lang='lat' dir='ltr'>bris</span> <span class='ocrx_word' id='word_1_421' title='bbox 1287 1386 1437 1434; x_wconf 75' lang='lat' dir='ltr'>signete</span> <span class='ocrx_word' id='word_1_422' title='bbox 1455 1381 1729 1435; x_wconf 86' lang='lat' dir='ltr'>exprimendis.</span> <span class='ocrx_word' id='word_1_423' title='bbox 1764 1380 1870 1422; x_wconf 83' lang='lat' dir='ltr'>Talis</span> <span class='ocrx_word' id='word_1_424' title='bbox 1888 1386 1948 1422; x_wconf 81' lang='lat' dir='ltr'>est</span> <span class='ocrx_word' id='word_1_425' title='bbox 1965 1382 2023 1421; x_wconf 91' lang='lat' dir='ltr'>lo-</span> 
     </span>
     <span class='ocr_line' id='line_1_78' title="bbox 1194 1434 2024 1488; baseline 0.001 -14"><span class='ocrx_word' id='word_1_426' title='bbox 1194 1446 1278 1474; x_wconf 87' lang='lat' dir='ltr'>cus:</span> <span class='ocrx_word' id='word_1_427' title='bbox 1290 1434 1310 1488; x_wconf 93' lang='lat'>)</span> <span class='ocrx_word' id='word_1_428' title='bbox 1324 1447 1456 1487; x_wconf 88' lang='lat' dir='ltr'>quem,</span> <span class='ocrx_word' id='word_1_429' title='bbox 1471 1448 1518 1475; x_wconf 83' lang='lat' dir='ltr'>ex</span> <span class='ocrx_word' id='word_1_430' title='bbox 1531 1442 1678 1488; x_wconf 83' lang='lat' dir='ltr'>quanto</span> <span class='ocrx_word' id='word_1_431' title='bbox 1694 1448 1828 1488; x_wconf 85' lang='lat' dir='ltr'>regno,</span> <span class='ocrx_word' id='word_1_432' title='bbox 1843 1436 1893 1474; x_wconf 87' lang='lat' dir='ltr'>ad</span> <span class='ocrx_word' id='word_1_433' title='bbox 1907 1449 2024 1488; x_wconf 87' lang='lat' dir='ltr'>quam</span> 
     </span>
     <span class='ocr_line' id='line_1_79' title="bbox 1193 1487 2023 1543; baseline 0.002 -17"><span class='ocrx_word' id='word_1_434' title='bbox 1193 1487 1388 1528; x_wconf 79' lang='lat' dir='ltr'>fortunam</span> <span class='ocrx_word' id='word_1_435' title='bbox 1418 1489 1644 1529; x_wconf 85' lang='lat' dir='ltr'>detrusisset</span> <span class='ocrx_word' id='word_1_436' title='bbox 1679 1490 1778 1543; x_wconf 85' lang='lat' dir='ltr'>(nisi</span> <span class='ocrx_word' id='word_1_437' title='bbox 1809 1491 1916 1542; x_wconf 87' lang='lat' dir='ltr'>quod</span> <span class='ocrx_word' id='word_1_438' title='bbox 1936 1490 2023 1528; x_wconf 88' lang='lat' dir='ltr'>heic</span> 
     </span>
     <span class='ocr_line' id='line_1_80' title="bbox 1193 1541 2023 1605; baseline 0.001 -24"><span class='ocrx_word' id='word_1_439' title='bbox 1193 1541 1311 1605; x_wconf 73' lang='lat' dir='ltr'>etiam</span> <span class='ocrx_word' id='word_1_440' title='bbox 1325 1543 1541 1582; x_wconf 88' lang='lat' dir='ltr'>intenditur</span> <span class='ocrx_word' id='word_1_441' title='bbox 1554 1543 1791 1596; x_wconf 85' lang='lat' dir='ltr'>significatus</span> <span class='ocrx_word' id='word_1_442' title='bbox 1805 1558 1817 1593; x_wconf 84' lang='lat'>3</span> <span class='ocrx_word' id='word_1_443' title='bbox 1835 1550 2023 1596; x_wconf 81' lang='lat' dir='ltr'>quantum</span> 
     </span>
     <span class='ocr_line' id='line_1_81' title="bbox 1193 1597 2024 1704; baseline 0.002 -16"><span class='ocrx_word' id='word_1_444' title='bbox 1193 1608 1334 1689; x_wconf 50' lang='lat' dir='ltr'>33:2ss</span> <span class='ocrx_word' id='word_1_445' title='bbox 1356 1597 1932 1703; x_wconf 49' lang='lat' dir='ltr'>{312‘31222‘5‘2552Q5Q05</span> <span class='ocrx_word' id='word_1_446' title='bbox 1951 1598 2024 1704; x_wconf 66' lang='lat'>{3:33</span> 
     </span>
     <span class='ocr_line' id='line_1_82' title="bbox 1195 1703 2024 1769; baseline 0.002 -27"><span class='ocrx_word' id='word_1_447' title='bbox 1195 1703 1313 1743; x_wconf 82' lang='lat' dir='ltr'>vellet</span> <span class='ocrx_word' id='word_1_448' title='bbox 1342 1703 1412 1757; x_wconf 88' lang='lat' dir='ltr'>(ut</span> <span class='ocrx_word' id='word_1_449' title='bbox 1441 1703 1509 1757; x_wconf 91' lang='lat' dir='ltr'>qui</span> <span class='ocrx_word' id='word_1_450' title='bbox 1545 1704 1685 1758; x_wconf 86' lang='lat' dir='ltr'>vellet)</span> <span class='ocrx_word' id='word_1_451' title='bbox 1726 1718 1766 1751; x_wconf 86' lang='lat' dir='ltr'>x,</span> <span class='ocrx_word' id='word_1_452' title='bbox 1786 1708 1810 1745; x_wconf 81' lang='lat'><strong>3</strong></span> <span class='ocrx_word' id='word_1_453' title='bbox 1854 1717 1931 1758; x_wconf 84' lang='lat' dir='ltr'>qua</span> <span class='ocrx_word' id='word_1_454' title='bbox 1946 1705 2024 1769; x_wconf 57' lang='lat' dir='ltr'>(sc.</span> 
     </span>
     <span class='ocr_line' id='line_1_83' title="bbox 1193 1755 2025 1812; baseline 0.001 -16"><span class='ocrx_word' id='word_1_455' title='bbox 1193 1755 1278 1811; x_wconf 82' lang='lat' dir='ltr'>via)</span> <span class='ocrx_word' id='word_1_456' title='bbox 1296 1756 1340 1804; x_wconf 90' lang='lat' dir='ltr'>ii,</span> <span class='ocrx_word' id='word_1_457' title='bbox 1357 1763 1380 1798; x_wconf 83' lang='lat'><strong>5</strong></span> <span class='ocrx_word' id='word_1_458' title='bbox 1410 1757 1470 1812; x_wconf 79' lang='lat' dir='ltr'>(V.</span> <span class='ocrx_word' id='word_1_459' title='bbox 1490 1757 1565 1810; x_wconf 86' lang='lat' dir='ltr'>Is).</span> <span class='ocrx_word' id='word_1_460' title='bbox 1600 1758 1707 1810; x_wconf 86' lang='lat' dir='ltr'>quod</span> <span class='ocrx_word' id='word_1_461' title='bbox 1724 1757 1917 1811; x_wconf 88' lang='lat' dir='ltr'>reliquum</span> <span class='ocrx_word' id='word_1_462' title='bbox 1935 1764 2025 1797; x_wconf 54' lang='grc' dir='ltr'>ηπ</span> 
     </span>
     <span class='ocr_line' id='line_1_84' title="bbox 1192 1809 2025 1867; baseline 0.002 -18"><span class='ocrx_word' id='word_1_463' title='bbox 1192 1810 1281 1858; x_wconf 81' lang='lat' dir='ltr'>suit,</span> <span class='ocrx_word' id='word_1_464' title='bbox 1315 1811 1485 1864; x_wconf 85' lang='lat' dir='ltr'>privatus</span> <span class='ocrx_word' id='word_1_465' title='bbox 1525 1809 1729 1865; x_wconf 82' lang='lat' dir='ltr'>Syracusis</span> <span class='ocrx_word' id='word_1_466' title='bbox 1771 1812 1870 1851; x_wconf 84' lang='lat' dir='ltr'>vixit</span> <span class='ocrx_word' id='word_1_467' title='bbox 1917 1811 2025 1867; x_wconf 90' lang='lat' dir='ltr'>(reli-</span> 
     </span>
     <span class='ocr_line' id='line_1_85' title="bbox 1193 1864 2023 1919; baseline 0.001 -16"><span class='ocrx_word' id='word_1_468' title='bbox 1193 1877 1311 1917; x_wconf 84' lang='lat' dir='ltr'>quam</span> <span class='ocrx_word' id='word_1_469' title='bbox 1330 1865 1469 1916; x_wconf 83' lang='lat' dir='ltr'>vitam)</span> <span class='ocrx_word' id='word_1_470' title='bbox 1497 1879 1562 1913; x_wconf 75' lang='lat' dir='ltr'>xx,</span> <span class='ocrx_word' id='word_1_471' title='bbox 1579 1871 1603 1906; x_wconf 82' lang='lat'>5</span> <span class='ocrx_word' id='word_1_472' title='bbox 1647 1866 1717 1919; x_wconf 85' lang='lat' dir='ltr'>qui</span> <span class='ocrx_word' id='word_1_473' title='bbox 1748 1864 1857 1918; x_wconf 90' lang='lat' dir='ltr'>(pro,</span> <span class='ocrx_word' id='word_1_474' title='bbox 1888 1865 2023 1919; x_wconf 89' lang='lat' dir='ltr'>quis):</span> 
     </span>
     <span class='ocr_line' id='line_1_86' title="bbox 1195 1918 2024 1974; baseline 0.002 -17"><span class='ocrx_word' id='word_1_475' title='bbox 1195 1919 1354 1958; x_wconf 85' lang='lat' dir='ltr'>domino</span> <span class='ocrx_word' id='word_1_476' title='bbox 1373 1919 1497 1967; x_wconf 83' lang='lat' dir='ltr'>navis,</span> <span class='ocrx_word' id='word_1_477' title='bbox 1513 1919 1581 1973; x_wconf 92' lang='lat' dir='ltr'>qui</span> <span class='ocrx_word' id='word_1_478' title='bbox 1596 1918 1661 1967; x_wconf 87' lang='lat' dir='ltr'>sit,</span> <span class='ocrx_word' id='word_1_479' title='bbox 1674 1921 1801 1973; x_wconf 87' lang='lat' dir='ltr'>aperit</span> <span class='ocrx_word' id='word_1_480' title='bbox 1825 1919 1868 1968; x_wconf 84' lang='lat' dir='ltr'>ii,</span> <span class='ocrx_word' id='word_1_481' title='bbox 1882 1923 1908 1960; x_wconf 89' lang='lat'>8</span> <span class='ocrx_word' id='word_1_482' title='bbox 1938 1918 2024 1974; x_wconf 86' lang='lat' dir='ltr'>(Sic</span> 
     </span>
     <span class='ocr_line' id='line_1_87' title="bbox 1194 1971 2025 2027; baseline 0 -15"><span class='ocrx_word' id='word_1_483' title='bbox 1194 1971 1299 2013; x_wconf 86' lang='lat' dir='ltr'>enim</span> <span class='ocrx_word' id='word_1_484' title='bbox 1336 1987 1359 2014; x_wconf 87' lang='lat' dir='ltr'>e</span> <span class='ocrx_word' id='word_1_485' title='bbox 1396 1973 1495 2013; x_wconf 83' lang='lat' dir='ltr'>Mss.</span> <span class='ocrx_word' id='word_1_486' title='bbox 1533 1974 1689 2026; x_wconf 84' lang='lat' dir='ltr'>legend.</span> <span class='ocrx_word' id='word_1_487' title='bbox 1736 1973 1790 2012; x_wconf 89' lang='lat' dir='ltr'>Et</span> <span class='ocrx_word' id='word_1_488' title='bbox 1831 1986 1938 2027; x_wconf 85' lang='lat' dir='ltr'>saepe</span> <span class='ocrx_word' id='word_1_489' title='bbox 1969 1974 2025 2012; x_wconf 81' lang='lat' dir='ltr'>ita</span> 
     </span>
     <span class='ocr_line' id='line_1_88' title="bbox 1192 2026 2022 2075; baseline -0.002 -7"><span class='ocrx_word' id='word_1_490' title='bbox 1192 2026 1373 2074; x_wconf 86' lang='lat' dir='ltr'>Plautus,</span> <span class='ocrx_word' id='word_1_491' title='bbox 1390 2026 1610 2075; x_wconf 83' lang='lat' dir='ltr'>Terentius,</span> <span class='ocrx_word' id='word_1_492' title='bbox 1631 2028 1709 2066; x_wconf 84' lang='lat' dir='ltr'>alii.</span> <span class='ocrx_word' id='word_1_493' title='bbox 1738 2027 1819 2066; x_wconf 88' lang='lat' dir='ltr'>vid.</span> <span class='ocrx_word' id='word_1_494' title='bbox 1847 2027 2022 2067; x_wconf 85' lang='lat' dir='ltr'>Gronov.</span> 
     </span>
     <span class='ocr_line' id='line_1_89' title="bbox 1192 2079 1963 2134; baseline 0.004 -15"><span class='ocrx_word' id='word_1_495' title='bbox 1192 2081 1276 2120; x_wconf 89' lang='lat' dir='ltr'>obs.</span> <span class='ocrx_word' id='word_1_496' title='bbox 1304 2081 1345 2120; x_wconf 87' lang='lat' dir='ltr'>in</span> <span class='ocrx_word' id='word_1_497' title='bbox 1365 2081 1500 2134; x_wconf 85' lang='lat' dir='ltr'>script.</span> <span class='ocrx_word' id='word_1_498' title='bbox 1523 2080 1749 2121; x_wconf 88' lang='lat' dir='ltr'>Ecclesiast.</span> <span class='ocrx_word' id='word_1_499' title='bbox 1768 2088 1856 2134; x_wconf 79' lang='lat' dir='ltr'>cap.</span> <span class='ocrx_word' id='word_1_500' title='bbox 1884 2079 1963 2132; x_wconf 76' lang='lat'>21)</span> 
     </span>
    </p>

    <p class='ocr_par' dir='ltr' id='par_1_23' title="bbox 1139 2133 2026 2879">
     <span class='ocr_line' id='line_1_90' title="bbox 1139 2133 2024 2188; baseline 0.001 -16"><span class='ocrx_word' id='word_1_501' title='bbox 1139 2134 1338 2181; x_wconf 78' lang='lat' dir='ltr'>Quidam:</span> <span class='ocrx_word' id='word_1_502' title='bbox 1367 2133 1541 2188; x_wconf 80' lang='lat' dir='ltr'>Argilius</span> <span class='ocrx_word' id='word_1_503' title='bbox 1560 2135 1722 2187; x_wconf 88' lang='lat' dir='ltr'>quidam</span> <span class='ocrx_word' id='word_1_504' title='bbox 1749 2135 1802 2182; x_wconf 88' lang='lat' dir='ltr'>iv,</span> <span class='ocrx_word' id='word_1_505' title='bbox 1820 2137 1846 2175; x_wconf 86' lang='grc'>4</span> <span class='ocrx_word' id='word_1_506' title='bbox 1877 2134 2024 2176; x_wconf 81' lang='lat' dir='ltr'>Callias</span> 
     </span>
     <span class='ocr_line' id='line_1_91' title="bbox 1193 2187 2023 2241; baseline 0.005 -15"><span class='ocrx_word' id='word_1_507' title='bbox 1193 2187 1353 2239; x_wconf 88' lang='lat' dir='ltr'>quidam</span> <span class='ocrx_word' id='word_1_508' title='bbox 1382 2202 1420 2236; x_wconf 87' lang='lat' dir='ltr'>v,</span> <span class='ocrx_word' id='word_1_509' title='bbox 1442 2192 1463 2230; x_wconf 88' lang='lat'>1</span> <span class='ocrx_word' id='word_1_510' title='bbox 1496 2189 1723 2229; x_wconf 86' lang='lat' dir='ltr'>Callicrates</span> <span class='ocrx_word' id='word_1_511' title='bbox 1750 2187 1911 2241; x_wconf 86' lang='lat' dir='ltr'>quidam</span> <span class='ocrx_word' id='word_1_512' title='bbox 1939 2203 1977 2236; x_wconf 88' lang='lat' dir='ltr'>x,</span> <span class='ocrx_word' id='word_1_513' title='bbox 1997 2193 2023 2230; x_wconf 88' lang='lat'>8</span> 
     </span>
     <span class='ocr_line' id='line_1_92' title="bbox 1194 2241 2025 2296; baseline 0.002 -16"><span class='ocrx_word' id='word_1_514' title='bbox 1194 2241 1443 2282; x_wconf 87' lang='lat' dir='ltr'>Meneclides</span> <span class='ocrx_word' id='word_1_515' title='bbox 1459 2242 1619 2294; x_wconf 81' lang='lat' dir='ltr'>quidam</span> <span class='ocrx_word' id='word_1_516' title='bbox 1647 2256 1710 2290; x_wconf 84' lang='lat' dir='ltr'>xv,</span> <span class='ocrx_word' id='word_1_517' title='bbox 1729 2247 1753 2282; x_wconf 87' lang='lat'>5</span> <span class='ocrx_word' id='word_1_518' title='bbox 1797 2242 1909 2295; x_wconf 83' lang='lat' dir='ltr'>Lyco</span> <span class='ocrx_word' id='word_1_519' title='bbox 1935 2242 2025 2296; x_wconf 88' lang='lat' dir='ltr'>qui-</span> 
     </span>
     <span class='ocr_line' id='line_1_93' title="bbox 1193 2294 2022 2348; baseline 0.005 -14"><span class='ocrx_word' id='word_1_520' title='bbox 1193 2296 1285 2334; x_wconf 86' lang='lat' dir='ltr'>dam</span> <span class='ocrx_word' id='word_1_521' title='bbox 1332 2308 1369 2342; x_wconf 85' lang='lat' dir='ltr'>x,</span> <span class='ocrx_word' id='word_1_522' title='bbox 1401 2298 1429 2336; x_wconf 80' lang='lat'>9</span> <span class='ocrx_word' id='word_1_523' title='bbox 1472 2295 1690 2335; x_wconf 82' lang='lat' dir='ltr'>Lamestius</span> <span class='ocrx_word' id='word_1_524' title='bbox 1721 2294 1881 2348; x_wconf 77' lang='lat' dir='ltr'>quidam</span> <span class='ocrx_word' id='word_1_525' title='bbox 1917 2301 2022 2342; x_wconf 50' lang='lat' dir='ltr'><strong>xx,⁴5</strong></span> 
     </span>
     <span class='ocr_line' id='line_1_94' title="bbox 1191 2347 2026 2402; baseline 0.004 -15"><span class='ocrx_word' id='word_1_526' title='bbox 1191 2347 1386 2401; x_wconf 87' lang='lat' dir='ltr'>(Additur</span> <span class='ocrx_word' id='word_1_527' title='bbox 1421 2350 1497 2390; x_wconf 88' lang='lat' dir='ltr'>hoc</span> <span class='ocrx_word' id='word_1_528' title='bbox 1547 2360 1764 2402; x_wconf 84' lang='lat' dir='ltr'>pronomen</span> <span class='ocrx_word' id='word_1_529' title='bbox 1801 2349 2026 2390; x_wconf 83' lang='lat' dir='ltr'>nominibus</span> 
     </span>
     <span class='ocr_line' id='line_1_95' title="bbox 1194 2402 2023 2456; baseline 0.002 -15"><span class='ocrx_word' id='word_1_530' title='bbox 1194 2402 1406 2455; x_wconf 79' lang='lat' dir='ltr'>eleganter,</span> <span class='ocrx_word' id='word_1_531' title='bbox 1437 2403 1631 2442; x_wconf 88' lang='lat' dir='ltr'>interdum</span> <span class='ocrx_word' id='word_1_532' title='bbox 1662 2403 1895 2456; x_wconf 78' lang='lat' dir='ltr'>designandi</span> <span class='ocrx_word' id='word_1_533' title='bbox 1930 2410 2023 2444; x_wconf 73' lang='lat' dir='ltr'>cau-</span> 
     </span>
     <span class='ocr_line' id='line_1_96' title="bbox 1193 2455 2024 2502; baseline 0.002 -8"><span class='ocrx_word' id='word_1_534' title='bbox 1193 2469 1253 2502; x_wconf 81' lang='lat' dir='ltr'>sa,</span> <span class='ocrx_word' id='word_1_535' title='bbox 1300 2457 1496 2495; x_wconf 86' lang='lat' dir='ltr'>interdum</span> <span class='ocrx_word' id='word_1_536' title='bbox 1533 2455 1776 2502; x_wconf 86' lang='lat' dir='ltr'>contemtim,</span> <span class='ocrx_word' id='word_1_537' title='bbox 1809 2462 1853 2495; x_wconf 89' lang='lat' dir='ltr'>ut</span> <span class='ocrx_word' id='word_1_538' title='bbox 1887 2457 1927 2496; x_wconf 90' lang='lat' dir='ltr'>in</span> <span class='ocrx_word' id='word_1_539' title='bbox 1966 2457 2024 2496; x_wconf 90' lang='lat' dir='ltr'>ul-</span> 
     </span>
     <span class='ocr_line' id='line_1_97' title="bbox 1193 2509 2002 2563; baseline 0.002 -15"><span class='ocrx_word' id='word_1_540' title='bbox 1193 2509 1287 2548; x_wconf 89' lang='lat' dir='ltr'>timo</span> <span class='ocrx_word' id='word_1_541' title='bbox 1319 2509 1524 2562; x_wconf 82' lang='lat' dir='ltr'>exemplo:</span> <span class='ocrx_word' id='word_1_542' title='bbox 1567 2509 1793 2562; x_wconf 83' lang='lat' dir='ltr'>aliquando,</span> <span class='ocrx_word' id='word_1_543' title='bbox 1837 2510 1948 2563; x_wconf 84' lang='lat' dir='ltr'>quasi</span> <span class='ocrx_word' id='word_1_544' title='bbox 1973 2512 2002 2550; x_wconf 92' lang='lat' dir='ltr'>d</span> 
     </span>
     <span class='ocr_line' id='line_1_98' title="bbox 1192 2563 2024 2615; baseline 0.005 -15"><span class='ocrx_word' id='word_1_545' title='bbox 1192 2563 1398 2615; x_wconf 82' lang='lat' dir='ltr'>ignotiore,</span> <span class='ocrx_word' id='word_1_546' title='bbox 1430 2564 1610 2610; x_wconf 86' lang='lat' dir='ltr'>obscuro,</span> <span class='ocrx_word' id='word_1_547' title='bbox 1637 2568 1706 2602; x_wconf 86' lang='lat' dir='ltr'>aut</span> <span class='ocrx_word' id='word_1_548' title='bbox 1735 2563 1860 2603; x_wconf 88' lang='lat' dir='ltr'>obiter</span> <span class='ocrx_word' id='word_1_549' title='bbox 1876 2570 2024 2604; x_wconf 84' lang='lat' dir='ltr'>mem&#39;o-</span> 
     </span>
     <span class='ocr_line' id='line_1_99' title="bbox 1193 2616 2023 2671; baseline 0.004 -16"><span class='ocrx_word' id='word_1_550' title='bbox 1193 2623 1275 2655; x_wconf 86' lang='lat' dir='ltr'>rato</span> <span class='ocrx_word' id='word_1_551' title='bbox 1321 2616 1596 2671; x_wconf 77' lang='lat' dir='ltr'>accipiendum</span> <span class='ocrx_word' id='word_1_552' title='bbox 1648 2617 1813 2657; x_wconf 86' lang='lat' dir='ltr'>videtur.</span> <span class='ocrx_word' id='word_1_553' title='bbox 1886 2617 2023 2658; x_wconf 84' lang='lat' dir='ltr'>Boecl.</span> 
     </span>
     <span class='ocr_line' id='line_1_100' title="bbox 1192 2669 2024 2724; baseline 0.002 -15"><span class='ocrx_word' id='word_1_554' title='bbox 1192 2669 1306 2710; x_wconf 86' lang='lat' dir='ltr'>Idem</span> <span class='ocrx_word' id='word_1_555' title='bbox 1350 2676 1564 2722; x_wconf 81' lang='lat' dir='ltr'>pronomen</span> <span class='ocrx_word' id='word_1_556' title='bbox 1594 2676 1663 2724; x_wconf 77' lang='lat' dir='ltr'>pe&#39;r</span> <span class='ocrx_word' id='word_1_557' title='bbox 1692 2676 1824 2710; x_wconf 77' lang='lat' dir='ltr'>notam</span> <span class='ocrx_word' id='word_1_558' title='bbox 1864 2670 2024 2723; x_wconf 88' lang='lat' dir='ltr'>judicii,</span> 
     </span>
     <span class='ocr_line' id='line_1_101' title="bbox 1190 2722 2024 2777; baseline 0.001 -14"><span class='ocrx_word' id='word_1_559' title='bbox 1190 2724 1411 2772; x_wconf 66' lang='lat' dir='ltr'>sententiaa,</span> <span class='ocrx_word' id='word_1_560' title='bbox 1436 2725 1688 2777; x_wconf 61' lang='lat' dir='ltr'>metaphorae,</span> <span class='ocrx_word' id='word_1_561' title='bbox 1721 2722 1925 2777; x_wconf 75' lang='grc' dir='ltr'><strong><em>ἐμφάσεως</em></strong></span> <span class='ocrx_word' id='word_1_562' title='bbox 1953 2727 2024 2765; x_wconf 84' lang='lat' dir='ltr'>ad-</span> 
     </span>
     <span class='ocr_line' id='line_1_102' title="bbox 1190 2776 2025 2832; baseline 0.005 -16"><span class='ocrx_word' id='word_1_563' title='bbox 1190 2777 1296 2817; x_wconf 87' lang='lat' dir='ltr'>ditur</span> <span class='ocrx_word' id='word_1_564' title='bbox 1328 2777 1403 2818; x_wconf 76' lang='lat' dir='ltr'>&amp;c-</span> <span class='ocrx_word' id='word_1_565' title='bbox 1448 2776 1607 2832; x_wconf 85' lang='lat' dir='ltr'>Boecl.)</span> <span class='ocrx_word' id='word_1_566' title='bbox 1653 2778 1819 2818; x_wconf 85' lang='lat' dir='ltr'>naturali</span> <span class='ocrx_word' id='word_1_567' title='bbox 1854 2779 2025 2832; x_wconf 82' lang='lat' dir='ltr'>quodam</span> 
     </span>
     <span class='ocr_line' id='line_1_103' title="bbox 1191 2830 1452 2879; baseline 0.011 -9"><span class='ocrx_word' id='word_1_568' title='bbox 1191 2830 1296 2871; x_wconf 90' lang='lat' dir='ltr'>bono</span> <span class='ocrx_word' id='word_1_569' title='bbox 1324 2830 1409 2879; x_wconf 83' lang='lat' dir='ltr'>viii,</span> <span class='ocrx_word' id='word_1_570' title='bbox 1430 2835 1452 2872; x_wconf 92' lang='lat'>1</span> 
     </span>
    </p>

    <p class='ocr_par' dir='ltr' id='par_1_24' title="bbox 1138 2883 2025 3475">
     <span class='ocr_line' id='line_1_104' title="bbox 1138 2883 2025 2939; baseline 0 -15"><span class='ocrx_word' id='word_1_571' title='bbox 1138 2883 1340 2935; x_wconf 82' lang='lat' dir='ltr'>Quidem:</span> <span class='ocrx_word' id='word_1_572' title='bbox 1370 2895 1488 2939; x_wconf 84' lang='lat' dir='ltr'>quem</span> <span class='ocrx_word' id='word_1_573' title='bbox 1506 2883 1666 2938; x_wconf 81' lang='lat' dir='ltr'>quidem</span> <span class='ocrx_word' id='word_1_574' title='bbox 1695 2885 1751 2927; x_wconf 88' lang='lat' dir='ltr'>sic</span> <span class='ocrx_word' id='word_1_575' title='bbox 1779 2885 1961 2933; x_wconf 83' lang='lat' dir='ltr'>erudivit,</span> <span class='ocrx_word' id='word_1_576' title='bbox 1982 2892 2025 2925; x_wconf 82' lang='lat' dir='ltr'>ut</span> 
     </span>
     <span class='ocr_line' id='line_1_105' title="bbox 1193 2937 2024 2992; baseline 0.002 -14"><span class='ocrx_word' id='word_1_577' title='bbox 1193 2937 1270 2979; x_wconf 71' lang='grc' dir='ltr'>διο.</span> <span class='ocrx_word' id='word_1_578' title='bbox 1298 2939 1351 2987; x_wconf 88' lang='lat' dir='ltr'>xi,</span> <span class='ocrx_word' id='word_1_579' title='bbox 1370 2944 1396 2981; x_wconf 81' lang='grc'>2</span> <span class='ocrx_word' id='word_1_580' title='bbox 1424 2939 1492 2992; x_wconf 89' lang='lat' dir='ltr'>qui</span> <span class='ocrx_word' id='word_1_581' title='bbox 1511 2939 1671 2992; x_wconf 87' lang='lat' dir='ltr'>quidem</span> <span class='ocrx_word' id='word_1_582' title='bbox 1688 2940 1768 2979; x_wconf 90' lang='lat' dir='ltr'>duo</span> <span class='ocrx_word' id='word_1_583' title='bbox 1788 2938 2024 2980; x_wconf 85' lang='lat' dir='ltr'>maledicen-</span> 
     </span>
     <span class='ocr_line' id='line_1_106' title="bbox 1193 2993 2025 3045; baseline 0 -14"><span class='ocrx_word' id='word_1_584' title='bbox 1193 2993 1330 3033; x_wconf 76' lang='lat' dir='ltr'>tissimi</span> <span class='ocrx_word' id='word_1_585' title='bbox 1361 2999 1641 3033; x_wconf 75' lang='lat' dir='ltr'>consenserunt</span> <span class='ocrx_word' id='word_1_586' title='bbox 1667 2993 1736 3040; x_wconf 83' lang='lat' dir='ltr'>vii,</span> <span class='ocrx_word' id='word_1_587' title='bbox 1761 2995 1809 3034; x_wconf 87' lang='lat'>11</span> <span class='ocrx_word' id='word_1_588' title='bbox 1869 2993 1908 3032; x_wconf 90' lang='lat' dir='ltr'>ui</span> <span class='ocrx_word' id='word_1_589' title='bbox 1938 2993 2025 3045; x_wconf 90' lang='lat' dir='ltr'>qui-</span> 
     </span>
     <span class='ocr_line' id='line_1_107' title="bbox 1194 3006 2023 3098; baseline -0.002 -12"><span class='ocrx_word' id='word_1_590' title='bbox 1194 3047 1286 3086; x_wconf 81' lang='lat' dir='ltr'>dem</span> <span class='ocrx_word' id='word_1_591' title='bbox 1302 3045 1503 3087; x_wconf 70' lang='lat' dir='ltr'>Serviliam</span> <span class='ocrx_word' id='word_1_592' title='bbox 1519 3045 1682 3087; x_wconf 78' lang='lat' dir='ltr'>coluerit</span> <span class='ocrx_word' id='word_1_593' title='bbox 1710 3052 1798 3093; x_wconf 82' lang='lat' dir='ltr'>xx&#39;v,</span> <span class='ocrx_word' id='word_1_594' title='bbox 1820 3006 1868 3087; x_wconf 54' lang='lat' dir='ltr'>lt}</span> <span class='ocrx_word' id='word_1_595' title='bbox 1916 3047 2023 3098; x_wconf 89' lang='lat' dir='ltr'>quod</span> 
     </span>
     <span class='ocr_line' id='line_1_108' title="bbox 1194 3098 2024 3156; baseline -0.001 -16"><span class='ocrx_word' id='word_1_596' title='bbox 1194 3099 1356 3156; x_wconf 84' lang='lat' dir='ltr'>quidem</span> <span class='ocrx_word' id='word_1_597' title='bbox 1389 3113 1462 3141; x_wconf 87' lang='lat' dir='ltr'>nos</span> <span class='ocrx_word' id='word_1_598' title='bbox 1496 3099 1730 3141; x_wconf 81' lang='lat' dir='ltr'>audierimus</span> <span class='ocrx_word' id='word_1_599' title='bbox 1775 3098 1833 3147; x_wconf 81' lang='lat' dir='ltr'>iii,</span> <span class='ocrx_word' id='word_1_600' title='bbox 1852 3103 1873 3140; x_wconf 89' lang='lat'>1</span> <span class='ocrx_word' id='word_1_601' title='bbox 1916 3100 2024 3152; x_wconf 83' lang='lat' dir='ltr'>quod</span> 
     </span>
     <span class='ocr_line' id='line_1_109' title="bbox 1194 3151 2025 3208; baseline -0.001 -15"><span class='ocrx_word' id='word_1_602' title='bbox 1194 3163 1268 3194; x_wconf 86' lang='lat' dir='ltr'>nos</span> <span class='ocrx_word' id='word_1_603' title='bbox 1281 3154 1440 3208; x_wconf 83' lang='lat' dir='ltr'>quidem</span> <span class='ocrx_word' id='word_1_604' title='bbox 1449 3152 1778 3206; x_wconf 84' lang='lat' dir='ltr'>jucundissimum</span> <span class='ocrx_word' id='word_1_605' title='bbox 1799 3151 2025 3192; x_wconf 71' lang='lat' dir='ltr'>arbitramur</span> 
     </span>
     <span class='ocr_line' id='line_1_110' title="bbox 1196 3205 2024 3259; baseline -0.001 -13"><span class='ocrx_word' id='word_1_606' title='bbox 1196 3214 1287 3255; x_wconf 65' lang='lat' dir='ltr'>xxv,</span> <span class='ocrx_word' id='word_1_607' title='bbox 1305 3210 1356 3249; x_wconf 82' lang='grc'>14</span> <span class='ocrx_word' id='word_1_608' title='bbox 1383 3217 1472 3247; x_wconf 86' lang='lat' dir='ltr'>cum</span> <span class='ocrx_word' id='word_1_609' title='bbox 1529 3206 1659 3247; x_wconf 87' lang='lat' dir='ltr'>uidem</span> <span class='ocrx_word' id='word_1_610' title='bbox 1678 3205 1801 3259; x_wconf 84' lang='lat' dir='ltr'>princi</span> <span class='ocrx_word' id='word_1_611' title='bbox 1831 3205 1938 3246; x_wconf 76' lang='lat' dir='ltr'>titum</span> <span class='ocrx_word' id='word_1_612' title='bbox 1965 3213 2024 3246; x_wconf 90' lang='lat' dir='ltr'>te·</span> 
     </span>
     <span class='ocr_line' id='line_1_111' title="bbox 1196 3259 2025 3315; baseline 0 -15"><span class='ocrx_word' id='word_1_613' title='bbox 1196 3266 1307 3300; x_wconf 86' lang='lat' dir='ltr'>neret</span> <span class='ocrx_word' id='word_1_614' title='bbox 1337 3259 1402 3315; x_wconf 85' lang='lat' dir='ltr'>(et</span> <span class='ocrx_word' id='word_1_615' title='bbox 1432 3259 1500 3313; x_wconf 86' lang='lat' dir='ltr'>qui</span> <span class='ocrx_word' id='word_1_616' title='bbox 1529 3272 1591 3300; x_wconf 89' lang='lat' dir='ltr'>em</span> <span class='ocrx_word' id='word_1_617' title='bbox 1623 3268 1727 3306; x_wconf 87' lang='lat' dir='ltr'>cum,</span> <span class='ocrx_word' id='word_1_618' title='bbox 1828 3290 1841 3308; x_wconf 88' lang='lat'>‚</span> <span class='ocrx_word' id='word_1_619' title='bbox 1874 3259 2025 3300; x_wconf 73' lang='lat' dir='ltr'>etimsi</span> 
     </span>
     <span class='ocr_line' id='line_1_112' title="bbox 1197 3311 2023 3367; baseline 0 -14"><span class='ocrx_word' id='word_1_620' title='bbox 1197 3311 1302 3366; x_wconf 84' lang='lat' dir='ltr'>tum)</span> <span class='ocrx_word' id='word_1_621' title='bbox 1342 3312 1447 3361; x_wconf 76' lang='lat' dir='ltr'>xxiv,</span> <span class='ocrx_word' id='word_1_622' title='bbox 1484 3315 1511 3354; x_wconf 73' lang='lat'>2</span> <span class='ocrx_word' id='word_1_623' title='bbox 1555 3311 1830 3367; x_wconf 75' lang='lat' dir='ltr'>(asseveratius</span> <span class='ocrx_word' id='word_1_624' title='bbox 1865 3316 1907 3354; x_wconf 85' lang='lat' dir='ltr'>et</span> <span class='ocrx_word' id='word_1_625' title='bbox 1931 3322 2023 3355; x_wconf 77' lang='lat' dir='ltr'>cum</span> 
     </span>
     <span class='ocr_line' id='line_1_113' title="bbox 1198 3364 2023 3422; baseline -0.001 -15"><span class='ocrx_word' id='word_1_626' title='bbox 1198 3364 1376 3408; x_wconf 64' lang='grc' dir='ltr'>ἐπιτάσει</span> <span class='ocrx_word' id='word_1_627' title='bbox 1415 3379 1496 3407; x_wconf 80' lang='lat' dir='ltr'>rem</span> <span class='ocrx_word' id='word_1_628' title='bbox 1537 3365 1730 3421; x_wconf 81' lang='lat' dir='ltr'>exprimit.</span> <span class='ocrx_word' id='word_1_629' title='bbox 1768 3365 1835 3408; x_wconf 75' lang='lat' dir='ltr'>Sic</span> <span class='ocrx_word' id='word_1_630' title='bbox 1849 3366 1884 3422; x_wconf 76' lang='lat' dir='ltr'>z)</span> <span class='ocrx_word' id='word_1_631' title='bbox 1934 3374 2023 3408; x_wconf 85' lang='lat' dir='ltr'>cum</span> 
     </span>
     <span class='ocr_line' id='line_1_114' title="bbox 1196 3416 2025 3475; baseline 0 -15"><span class='ocrx_word' id='word_1_632' title='bbox 1196 3421 1356 3474; x_wconf 88' lang='lat' dir='ltr'>quidem</span> <span class='ocrx_word' id='word_1_633' title='bbox 1400 3418 1604 3461; x_wconf 70' lang='lat' dir='ltr'>fortissime</span> <span class='ocrx_word' id='word_1_634' title='bbox 1646 3416 1841 3475; x_wconf 70' lang='lat' dir='ltr'>pdgnaret</span> <span class='ocrx_word' id='word_1_635' title='bbox 1881 3420 1964 3467; x_wconf 80' lang='lat' dir='ltr'>viii,</span> <span class='ocrx_word' id='word_1_636' title='bbox 1993 3422 2025 3460; x_wconf 71' lang='lat'><em>8</em></span> 
     </span>
    </p>
   </div>
   <div class='ocr_carea' id='block_1_7' title="bbox 1197 3468 2023 3582">
    <p class='ocr_par' dir='ltr' id='par_1_25' title="bbox 1197 3468 2023 3582">
     <span class='ocr_line' id='line_1_115' title="bbox 1197 3468 2023 3527; baseline -0.001 -14"><span class='ocrx_word' id='word_1_637' title='bbox 1197 3474 1303 3527; x_wconf 74' lang='lat' dir='ltr'>apud</span> <span class='ocrx_word' id='word_1_638' title='bbox 1322 3472 1357 3513; x_wconf 91' lang='lat' dir='ltr'>P</span> <span class='ocrx_word' id='word_1_639' title='bbox 1385 3473 1396 3484; x_wconf 75' lang='lat'><strong>⁶</strong></span> <span class='ocrx_word' id='word_1_640' title='bbox 1483 3480 1550 3514; x_wconf 73' lang='lat' dir='ltr'>um</span> <span class='ocrx_word' id='word_1_641' title='bbox 1573 3479 1616 3515; x_wconf 76' lang='lat' dir='ltr'>re</span> <span class='ocrx_word' id='word_1_642' title='bbox 1642 3475 1707 3515; x_wconf 70' lang='lat' dir='ltr'>effi</span> <span class='ocrx_word' id='word_1_643' title='bbox 1735 3475 1865 3521; x_wconf 74' lang='lat' dir='ltr'>verbo,</span> <span class='ocrx_word' id='word_1_644' title='bbox 1898 3468 2023 3527; x_wconf 58' lang='lat' dir='ltr'>reipsa</span> 
     </span>
     <span class='ocr_line' id='line_1_116' title="bbox 1198 3484 2021 3582; baseline -0.002 -15"><span class='ocrx_word' id='word_1_645' title='bbox 1198 3527 1356 3580; x_wconf 87' lang='lat' dir='ltr'>quidem</span> <span class='ocrx_word' id='word_1_646' title='bbox 1374 3533 1439 3582; x_wconf 67' lang='grc' dir='ltr'>ψ.</span> <span class='ocrx_word' id='word_1_647' title='bbox 1492 3484 1830 3582; x_wconf 58' lang='grc' dir='ltr'>οῐςεβὲτῑίοῃῐὸηι</span> <span class='ocrx_word' id='word_1_648' title='bbox 1858 3523 2021 3581; x_wconf 68' lang='lat' dir='ltr'>(reipsa,</span> 
     </span>
    </p>
   </div>
  </div>
 </body>
</html>
