2306 3900
747 286 970 328 amium
1018 285 1093 327 ΕΤ
1134 285 1503 329 vuasonum.
1947 273 2000 328 cl

229 422 297 459 xx,
329 415 354 453 4
392 411 462 460 sic,
482 418 526 452 ut
549 425 663 464 supra
693 413 789 453 nihil
819 415 942 467 possit
967 416 1061 454 addi

233 476 323 511 xxv,
340 469 366 506 4
394 466 492 505 nihil
506 466 573 506 illo
586 468 661 506 fuit
672 467 924 508 excellentius
952 469 1019 515 vii,
1037 474 1057 510 1

233 517 332 558 nihil
350 533 398 559 ea
415 533 548 573 pugna
565 528 624 560 est
641 520 810 560 nobilius
837 521 865 568 i,
885 525 909 562 5
939 522 1031 575 (pro
1048 539 1058 563 z

235 572 366 612 nullus
412 573 480 614 illo
530 574 607 614 fnit
640 573 904 622 excellentior,
952 577 1060 616 nulla

231 637 367 679 pugna
399 639 448 668 ea
480 627 555 666 fuit
591 628 769 668 nobilior.
823 628 888 668 Ita
928 635 1059 669 autem

233 680 443 732 saepissime
469 688 510 720 et
527 680 593 720 alii
611 681 732 722 locuti
748 688 853 730 sunt,
880 682 987 736 quia,
1015 690 1060 722 ut

231 732 408 785 Bangius
443 734 647 775 observat.
673 735 869 788 Philolog.
914 736 983 776 lib.
1018 740 1059 778 2.

231 799 324 839 pag.
351 791 448 829 919.
476 788 684 836 existimat,
715 789 869 842 plenius
894 790 990 842 quid
1019 797 1060 831 et

233 840 389 880 suavius
417 840 459 882 in
487 842 639 883 Neutro
658 849 732 890 est,
757 856 874 896 quarn
892 843 934 883 in
949 844 1059 883 Mas-

231 893 365 933 culino
382 901 425 935 et
453 894 684 935 Foeminino.
712 897 809 937 nihil
826 898 934 937 aliud
963 899 1058 950 egit,

230 960 348 1000 quam
386 954 431 987 ut
456 949 532 989 &c.
570 963 607 989 v,
624 950 790 1004 Agere).
825 951 921 990 nihil
951 951 1058 991 aliud

233 1002 487 1054 comparavit,
504 1016 621 1055 quam
640 1004 786 1043 bellum
814 1003 908 1052 xvii,
926 1007 953 1045 2
998 1005 1058 1044 n'i-

230 1054 287 1095 hil
304 1055 411 1095 aliud
437 1056 593 1096 molitus
621 1063 697 1105 est,
714 1070 833 1110 quam
851 1064 895 1097 ut
912 1057 987 1098 &c.
1005 1059 1059 1106 vi,

233 1112 253 1149 l
305 1107 428 1149 nihilo
461 1111 588 1150 secius
615 1110 669 1158 ix,
698 1115 740 1151 2.
770 1125 809 1159 x,
837 1115 876 1152 8.
895 1125 984 1159 xxv,
1002 1116 1057 1152 22

230 1162 354 1202 nihilo
371 1164 529 1216 segnius
556 1163 636 1211 xiv,
651 1169 678 1205 2
704 1165 828 1205 nihilo
839 1166 961 1218 magis
980 1166 1057 1213 xiv,

232 1219 286 1257 lo
312 1217 578 1258 nihilnecesse
591 1217 680 1271 (alii
695 1218 852 1272 ‘opus')
878 1225 939 1259 est
951 1213 1058 1259 com-

231 1283 444 1311 memorare
471 1271 591 1325 (nihil
622 1273 776 1321 attinet,
809 1286 891 1313 non
920 1279 981 1313 est
1015 1287 1058 1313 o-

231 1336 337 1376 perae
356 1324 547 1377 pretium)
574 1338 666 1374 xxv,
678 1330 732 1367 21

179 1377 310 1424 Nilus,
321 1378 468 1418 flumen
479 1379 586 1426 xviii,
601 1383 626 1419 5

177 1431 266 1470 Nisi
283 1430 351 1471 ille
367 1433 518 1479 fnisset,
535 1433 676 1484 Sparta
686 1432 817 1473 futura
830 1445 912 1473 non
921 1433 1062 1475 fuisset

231 1484 325 1532 xvii,
342 1489 370 1526 6
396 1485 458 1538 (v.
475 1485 594 1539 Esse)

176 1537 263 1578 Niti
291 1538 513 1591 (anniti'ut
529 1540 605 1580 hoe
632 1540 693 1580 vel
711 1539 808 1580 illud
834 1538 950 1594 fiat):
980 1553 1059 1592 quo

231 1592 398 1644 patriam
429 1606 656 1647 recuperare
678 1593 895 1634 niterentur
928 1595 1060 1647 (labo-

231 1647 382 1700 rarent)
421 1646 502 1694 xvi,
519 1651 546 1688 2
585 1648 627 1686 in
655 1647 835 1694 nitendo,
863 1649 970 1700 quod
999 1661 1059 1687 se-

230 1700 308 1739 mel
344 1701 546 1740 annuisset
570 1714 660 1748 xxV,
686 1705 737 1742 15
777 1701 943 1741 maxime
959 1702 1061 1741 nite-

233 1754 361 1801 batur,
395 1761 440 1794 ut
462 1755 734 1808 (vehementer
750 1755 953 1803 suadebat,
972 1768 1060 1794 sua-

233 1808 599 1848 dendoconabatur
610 1809 762 1848 efficere
779 1808 845 1862 ut)
873 1809 902 1856 i,
919 1812 946 1850 4
987 1809 1061 1848 niti

232 1861 365 1914 aliqua
389 1875 430 1902 re
447 1861 520 1916 (ab
532 1862 584 1903 ea
606 1862 800 1916 pendere)
828 1862 857 1910 i,
875 1866 900 1903 3
929 1868 1060 1915 patro-

233 1915 346 1955 ciniis
364 1915 529 1968 alicujus
557 1917 637 1964 xix,
657 1920 682 1957 3
970 1943 971 1946 =

179 1968 306 2008 Nix'us
317 1969 358 2008 in
372 1970 548 2010 cubitum
559 1970 645 2024 (Sic
656 1969 723 2010 alii
737 1983 747 2009 ε
760 1982 833 2009 nos
844 1974 856 1993 ⁸
869 1968 975 2008 innix
981 1970 1060 2023 us’)

233 2037 327 2070 xxv,
352 2027 409 2064 21
453 2024 657 2078 (erigentis
689 2037 731 2065 se
758 2023 915 2064 habitus
937 2024 1054 2063 deno·

231 2083 336 2116 tatur

181 2125 321 2170 Nitida
336 2075 526 2183 {jumenta
545 2130 743 2185 (pinguia,
772 2145 852 2171 non
871 2131 1062 2184 squalida,

233 2197 316 2223 non
331 2185 500 2231 horrida,
518 2198 600 2224 non
620 2186 761 2237 rigosa,
790 2191 836 2223 ut
852 2185 1063 2224 Lambinus

234 2236 422 2301 exponit)
449 2238 556 2286 xviii,
571 2244 595 2278 5
640 2239 727 2292 (Sic
751 2237 871 2278 Ovid.
896 2238 1063 2278 Metam.

234 2294 262 2331 2
310 2291 502 2331 ‘nitidam
539 2303 639 2344 cape
687 2291 846 2344 praemia
876 2292 1063 2332 vaccam)

175 2347 178 2350 ’
233 2344 373 2384 Horat.
391 2344 520 2397 Epist.
546 2344 576 2392 i,
593 2349 635 2392 4,
656 2349 706 2385 15
754 2350 767 2368 ·
786 2345 859 2385 Me
877 2345 1063 2398 pinguem

234 2405 278 2439 et
311 2399 477 2438 nitidum
509 2399 612 2439 bene
643 2404 777 2439 curata
811 2405 902 2439 cute
935 2400 1064 2439 vises?

234 2452 425 2493 Phaedrus
453 2452 548 2491 Fab.
575 2452 709 2499 xlvi‚4
741 2451 1062 2505 'Unde‚quaeso,

233 2506 290 2546 sic
307 2506 411 2546 nites
426 2504 551 2576 39Aut
568 2518 647 2558 quo
664 2505 754 2544 cibo
771 2504 898 2545 fecisti
911 2511 1063 2546 tanturn

372 2559 382 2568 ·
429 2558 445 2586 a

182 2556 636 2665 Nggillffrpsropinquitas
675 2624 716 2659 x,
736 2615 759 2653 1
804 2611 957 2652 nobiles
991 2625 1063 2665 po-

237 2667 332 2720 pulo
358 2672 399 2706 et
415 2665 639 2705 civitatibus
654 2665 924 2706 democraticis
949 2666 1064 2706 invisi

235 2721 304 2767 vii,
324 2723 349 2760 4
392 2719 497 2773 (Ista
524 2719 676 2773 generis
707 2725 824 2759 sunt:
853 2720 904 2759 de
933 2725 1062 2759 cetero

235 2775 284 2813 ad
306 2773 572 2813 celebritatem
602 2779 644 2813 et
661 2773 820 2826 gloriam
839 2773 1064 2813 transfertur

234 2825 504 2879 vocabulum).
522 2826 665 2867 nobilis
683 2840 748 2867 rex
775 2826 854 2874 xiir,
868 2830 893 2867 3
922 2826 1064 2866 nobilis

234 2888 278 2923 et
295 2881 648 2934 clamspoematis,
663 2880 727 2920 Fr.
747 2885 767 2921 1
799 2880 942 2920 nobilis
960 2881 1063 2922 inter

233 2934 942 3042 ffjcussgmxzivfisslesffllgffiilgoxper‘i
986 2938 1061 3028 iioq

235 3042 429 3082 bilissimas
448 3044 560 3082 urbes
587 3042 680 3090 xvii,
697 3047 722 3083 5
1041 3067 1043 3069 ·

181 3095 399 3135 Nobilitate
416 3095 584 3159 aliquem
610 3107 840 3148 praecurrere
866 3093 1062 3150 (claritate

236 3155 278 3189 et
291 3149 570 3202 amplitudine)
599 3150 679 3196 viii,
699 3153 722 3190 1

180 3203 392 3243 Nobilitari
418 3215 459 3242 re
491 3203 622 3255 aliqua
636 3205 739 3258 (esse
756 3201 799 3241 in
816 3201 992 3243 claritate
1007 3203 1059 3242 ob

234 3271 314 3296 rem
332 3255 477 3308 aliqu.)
504 3255 558 3303 xi,
578 3260 601 3297 1

182 3311 338 3351 Nocere
373 3309 612 3362 supplicibus
661 3307 865 3362 (damnum
898 3306 1058 3361 inferre)

234 3365 327 3412 xvii,
345 3368 370 3404 4
398 3376 539 3403 nocere
566 3375 607 3402 se
626 3361 662 3402 ei
680 3374 760 3401 non
783 3374 898 3414 posse
914 3361 1057 3401 intelli·

236 3419 381 3470 gebant
406 3417 474 3463 vii,
493 3420 518 3458 4

1176 415 1352 467 accipere
1382 414 1484 454 orbis
1517 411 1698 453 terrarum
1729 411 1884 452 divitias
1906 414 2000 452 nolo

1178 472 1283 515 xv,4
1311 467 1503 523 (Elegans
1535 465 1696 513 locutio.
1725 478 1796 530 pro
1824 478 1903 520 qua
1933 467 2002 506 alii

1176 534 1305 574 neque
1320 522 1447 561 minus
1455 522 1651 574 eleganter
1661 521 1849 560 dixissent
1862 535 1871 559 ε
1889 525 1902 544 ’
1918 532 2000 560 non

1175 587 1342 614 meream
1373 575 1475 614 orbis
1528 581 1711 614 terrarum
1747 574 1919 622 divitias,
1953 580 2001 614 ut

1176 628 1448 681 (quamobrem
1489 628 1606 667 fidem
1619 641 1711 680 erga
1724 628 1887 681 patriam
1905 641 2000 668 exu-
2011 670 2023 680 ,

1176 681 1266 721 am.'
1297 681 1402 721 conf.
1475 679 1594 722 uchn.
1618 681 1738 721 Thes.
1763 694 1800 720 v.
1820 681 2002 735 ·Mereo).

1176 735 1304 774 noluit
1320 748 1400 774 non
1419 747 1552 787 parere
1569 734 1742 788 (paruit)
1768 734 1836 782 vii,
1852 739 1879 776 4

1123 788 1281 835 Nomen
1298 788 1430 828 nobile
1449 788 1542 842 (pro
1559 789 1664 828 fama
1677 787 1800 842 clara)
1827 787 1855 834 i,
1874 791 1900 829 8
1927 800 1999 828 no-

1175 855 1266 881 men
1283 842 1508 882 Romanum
1527 842 1638 896 (curn
1666 841 1885 894 granditate
1901 854 1998 894 qua-

1175 896 1282 942 dam,
1316 909 1387 948 pro
1422 895 1594 948 populo)
1634 895 1741 942 xxiii,
1759 899 1784 935 ’1
1831 895 2001 935 nominis

1175 949 1390 991 Alexandri
1425 949 1618 988 simulatio
1647 948 1756 996 xviii,
1785 952 1809 988 7
1857 962 2001 988 nomen

1176 1003 1325 1056 regium
1359 1015 1509 1042 sumere
1544 1001 1742 1056 (titulum)
1799 1001 1918 1057 xviii,⁸
1949 1006 2000 1043 13

1176 1069 1305 1109 neque
1324 1069 1396 1096 suo
1414 1056 1573 1096 nomine
1591 1069 1721 1109 neque
1755 1056 2000 1096 subscribens

1174 1122 1264 1157 xxv,
1283 1114 1311 1152 6
1355 1109 1514 1150 nomine
1533 1110 1656 1162 magis
1688 1122 1806 1163 quam
1835 1109 1998 1162 imperio

1175 1177 1284 1216 reges
1313 1163 1404 1212 xvii,
1428 1168 1449 1205 l
1510 1165 1668 1204 nornine
1687 1163 1758 1204 otii
1775 1163 2000 1205 servitutem

1127 1240 1132 1241 ν
1177 1217 1385 1257 conciliare
1414 1231 1479 1264 xv,
1498 1222 1522 1258 5

1122 1271 1391 1311 Nominatim:
1419 1271 1480 1310 his
1506 1271 1797 1311 consulentibus
1822 1270 1999 1311 nominass

1175 1325 1246 1364 tim
1282 1325 1429 1378 Pythia
1463 1326 1665 1378 praecepit,
1697 1331 1743 1364 ut
1776 1326 2000 1366 Miltiadem

1175 1377 1250 1418 διο.
1268 1379 1318 1432 (i.
1336 1393 1373 1418 e.
1389 1391 1571 1430 expresso
1585 1377 1764 1432 nomine)
1790 1378 1821 1425 i,
1841 1383 1864 1419 1

1121 1432 1438 1472 Nomentaneum
1473 1432 1662 1483 praediurn
1699 1445 1789 1478 xxV,
1817 1436 1869 1474 14
1913 1432 2002 1486 (De

1175 1485 1390 1532 Nomento,
1435 1486 1584 1538 oppido
1630 1486 1871 1534 Latinorum,
1918 1488 1999 1526 vid.

1177 1539 1333 1580 Cluver.
1350 1539 1439 1578 Ital.
1452 1539 1599 1593 antiq.)

1122 1590 1218 1633 Non
1235 1591 1403 1633 libenter
1428 1593 1496 1640 xii,
1514 1597 1539 1633 3
1587 1605 1668 1632 non
1686 1592 1810 1644 magis
1827 1605 1943 1645 quam
1972 1593 2001 1641 i,

1176 1651 1217 1688 2.
1244 1660 1332 1694 xxv,
1350 1651 1378 1686 6
1422 1659 1503 1686 non
1536 1647 1668 1693 mod0‚
1686 1646 1755 1686 sed
1774 1659 1825 1686 ne
1842 1647 2002 1699 quidem

1177 1714 1242 1749 xx,
1262 1704 1287 1740 3
1315 1712 1434 1753 quare
1448 1700 1577 1740 venire
1589 1713 1669 1739 non
1685 1699 1884 1740 dubitaret
1908 1700 2002 1748 xvii,

1177 1758 1205 1796 4
1232 1767 1312 1794 non
1331 1754 1395 1808 (in
1419 1754 1642 1807 negatione,
1662 1766 1750 1806 quae
1767 1755 1886 1793 nudae
1904 1755 2004 1794 affir-

1179 1807 1342 1847 mationi
1372 1807 1649 1861 aequipollet):
1692 1818 1773 1846 non
1802 1808 1944 1854 defuit,
1971 1809 2004 1848 si

1177 1874 1258 1914 qua
1285 1861 1359 1901 &c.
1375 1861 1545 1916 (adfuit)
1572 1875 1661 1909 xxv,
1679 1864 1706 1901 4
1751 1874 1832 1900 non
1867 1874 2002 1914 parere

1178 1915 1306 1954 noluit
1332 1915 1500 1969 (voluit)
1528 1914 1597 1963 vii,
1615 1919 1642 1957 4
1665 1921 1795 1967 neque
1813 1928 1904 1954 vero
1918 1929 2001 1955 non

1177 1969 1254 2009 fuit
1273 1975 1449 2021 apertum
1476 1970 1530 2017 ix,
1545 1972 1571 2010 2
1616 1981 1746 2022 neque
1763 1974 1895 2008 tamen
1919 1982 2000 2010 non

1177 2021 1220 2062 in
1233 2022 1365 2076 primis
1383 2024 1484 2063 bene
1494 2022 1686 2062 habitavit
1702 2035 1791 2069 ην,
1808 2026 1859 2063 13
1886 2035 2004 2063 nemo

1177 2089 1257 2116 non
1277 2077 1441 2129 putabat
1466 2080 1625 2124 xxv,10
1670 2075 1768 2115 nihil
1786 2075 1828 2114 in
1852 2076 1901 2115 iis
1918 2090 2001 2116 non

1179 2136 1342 2183 apparet
1368 2144 1458 2179 xxv,
1488 2134 1540 2171 16
1586 2128 1683 2169 nihil
1702 2130 1741 2170 ei
1769 2132 1851 2170 non
1868 2131 2002 2171 tribuit

1178 2185 1335 2223 fortuna
1361 2198 1451 2231 xxv,
1478 2188 1530 2224 19
1590 2183 1771 2223 nonnihil
1818 2185 2003 2238 temporis

1178 2236 1286 2285 xxiii,
1308 2241 1357 2279 13
1402 2236 1594 2277 nonnulla
1610 2238 1742 2277 invehi
1770 2237 1811 2277 in
1829 2238 2000 2291 aliquem

1179 2305 1244 2338 xx,
1261 2297 1286 2332 5·
1331 2291 1477 2331 nullius
1494 2291 1733 2332 conditionis
1753 2304 1834 2331 non
1859 2293 2001 2332 habere

1178 2351 1411 2398 potestatem
1437 2358 1528 2393 xxV,
1563 2348 1615 2386 12
1660 2345 1759 2384 nihil
1795 2358 1884 2385 eum
1917 2359 1999 2386 non

1179 2399 1332 2439 efficere
1363 2411 1480 2451 posse
1527 2399 1726 2439 ducebant
1764 2399 1871 2447 viia
1918 2413 2000 2439 non

1179 2452 1242 2504 (in
1283 2452 1508 2503 negatione,
1550 2464 1640 2504 quae
1675 2452 1788 2491 simul
1824 2453 2001 2501 affirmat,

1179 2504 1293 2544 simul
1320 2504 1460 2558 auget)
1478 2501 1491 2544 ε’
1532 2517 1622 2558 quoe
1663 2517 1804 2558 magna
1830 2508 2002 2559 corporis

1178 2558 1348 2611 dignitas
1393 2571 1473 2597 non
1509 2558 1710 2598 minimum
1751 2562 2000 2600 commendat

1177 2625 1216 2658 x,
1239 2616 1259 2652 1
1289 2625 1368 2651 non
1384 2611 1595 2665 indiligens
1614 2619 1725 2664 pater
1750 2626 1840 2660 ην,
1856 2618 1881 2653 5
1918 2627 1999 2654 non

1177 2665 1240 2720 (in
1258 2666 1481 2728 negatione,
1506 2679 1596 2719 quae
1613 2666 1727 2705 simul
1751 2666 1930 2716 affirmat,
1948 2669 1999 2707 si-

1178 2719 1259 2758 mul
1277 2718 1467 2771 minuit):
1502 2721 1618 2759 homo
1646 2733 1727 2759 non
1758 2721 2000 2762 beatissimus

1178 2772 1281 2826 (non
1314 2774 1525 2814 admodum
1557 2774 1709 2821 beatus,
1755 2775 2000 2816 mediocriter

1177 2826 1417 2879 fortunatus)
1435 2828 1528 2875 xvii,
1544 2831 1570 2868 Β
1589 2841 1668 2867 non
1686 2826 1802 2867 nimis
1817 2828 2002 2869 diuturna

1177 2880 1314 2920 laetitia
1340 2880 1410 2927 vii,
1428 2885 1453 2922 ⁷
1473 2881 1589 2935 (Alia
1606 2881 1849 2931 ἷσοδνναμίας
1867 2881 2002 2922 similis

1175 2935 1354 2988 exempla
1379 2934 1461 2974 vid.
1480 2948 1545 2988 ap.
1571 2936 1727 2975 Bucbn.
1744 2937 1795 2977 de
1813 2944 1998 2977 commut.

1177 2988 1257 3028 dic.
1272 2995 1344 3028 rat.
1359 2986 1426 3029 lib.
1447 2992 1484 3029 1.
1499 3001 1587 3041 cap.
1603 2988 1651 3043 6)

1122 3040 1232 3081 Nora
1247 3041 1452 3083 castellum
1470 3042 1654 3097 Phrygia
1682 3042 1789 3090 xviii,
1808 3048 1834 3083 5

1122 3095 1256 3135 Nostri
1274 3096 1532 3149 Imperatores
1557 3097 1651 3145 xvii,
1669 3100 1695 3137 4
1723 3096 1843 3136 nostri
1857 3109 1998 3145 mores,

1174 3148 1291 3188 Praes.
1319 3156 1362 3189 et
1389 3163 1453 3196 xv,
1474 3153 1496 3190 1

1121 3201 1271 3243 Notare
1285 3202 1491 3255 diligenter
1506 3201 1593 3242 loca
1600 3202 1780 3255 quaedam
1790 3200 1924 3255 (signo
1941 3216 1998 3245 sc.

1174 3262 1217 3295 et
1250 3254 1542 3307 observatione)
1569 3255 1648 3302 xiv,
1679 3260 1727 3296 11
1775 3262 1911 3297 notare
1938 3270 1998 3298 nes

1174 3308 1257 3347 sine
1282 3309 1504 3348 nominibus
1552 3308 1779 3361 exprimere,
1809 3310 1997 3364 scribere)

1172 3362 1275 3408 xxiv,
1303 3365 1329 3401 8
1375 3362 1500 3402 notari
1532 3310 1751 3416 {annotarh
1775 3365 1996 3417 perscribi)

1174 3428 1264 3461 xxv,
1282 3418 1299 3453 1
1310 3419 1336 3455 8

183 3471 302 3511 Nolle
320 3486 329 3509 :
357 3484 406 3510 ex
424 3471 506 3511 istis
522 3470 613 3509 nolo
647 3469 812 3522 amplius
829 3481 946 3521 quam
965 3482 1055 3508 cen-
1118 3469 1247 3509 Notus
1261 3468 1449 3508 historicis
1462 3469 1540 3516 xvi,
1557 3472 1577 3511 l
1593 3468 1724 3523 (opp.,
1734 3471 1850 3523 vulgo
1869 3477 1995 3509 notus.

235 3531 319 3565 tum
328 3524 465 3577 jugera
493 3524 573 3574 viii,
590 3527 615 3565 4
658 3536 725 3577 pro
753 3523 887 3577 patria!
896 3523 1055 3564 caritate

1170 3522 1326 3564 Scilicet
1362 3522 1426 3563 alii
1459 3523 1561 3563 sama
1590 3525 1699 3577 vulgi
1742 3525 1911 3566 celebres
1937 3523 1994 3563 l’c-
