2306 3900
280 253 390 321 506.

282 398 422 438 cerus,
453 390 499 427 et
516 386 603 427 alii.
658 385 793 436 Cujus
811 385 970 425 anxilio
987 385 1160 427 volebat

282 447 779 506 impotentioresjuvari:
808 460 894 488 non
909 452 994 489 tam
1003 454 1060 489 ut
1073 447 1161 488 vin·

283 518 448 562 cerem,
468 523 593 564 quam
612 522 668 550 ne
686 510 1027 551 succumberent.

290 622 293 626 ,
339 577 490 627 Cyrum
515 572 709 625 fratrem]
747 574 907 625 Cyrum
939 573 1161 625 minorem,

281 640 410 682 Darii
445 644 491 679 et
525 637 795 690 Parysatidis
832 635 979 678 filium.
1024 637 1162 679 Lomb.

285 702 366 752 Cui
397 707 521 754 pater
540 701 727 742 moriens
751 700 964 749 civitates,
983 712 1163 753 quarum

284 763 522 818 praefectus
558 770 667 814 erat,
703 768 959 805 testamento
990 763 1164 814 legavit.

284 826 446 871 Justin.
467 837 529 867 vr.
585 826 743 867 Dictus
774 831 839 866 est
873 826 1010 877 Cyrus
1036 837 1061 864 a
1085 823 1163 864 flu-

284 889 400 945 mine
416 889 542 942 Cyro.
569 887 724 937 Strabo
739 899 815 928 xv.
847 885 887 926 A
903 885 1019 938 κύων,
1033 887 1164 928 canis.

285 951 530 1004 Yilalpand.
586 952 719 1004 Cujus
738 951 871 991 ubera
888 950 1054 991 suxisse
1074 962 1164 990 cre·

269 1014 485 1066 debatur,
514 1015 614 1068 quia
644 1014 737 1066 ejus
762 1014 910 1054 nutrix
938 1013 1167 1055 dicebatur

287 1109 444 1153 Σπακώ.
487 1110 654 1152 Herod.
727 1110 871 1152 Hodie
921 1119 1003 1156 sm
1039 1111 1166 1164 Saue,

288 1200 402 1254 quod
437 1199 581 1242 Medis
615 1199 746 1241 canis.
774 1200 906 1251 Thys.
924 1202 1008 1241 Vel
1041 1213 1067 1241 a
1085 1201 1168 1253 Cy-

287 1275 375 1321 rus,
393 1264 506 1316 quod
523 1264 668 1304 Persis
683 1263 769 1305 Sol.
810 1264 1035 1305 Plutarch.
1051 1264 1169 1306 Ctes.

289 1326 490 1382 Plethon.
509 1327 701 1367 Brisson.
757 1326 887 1368 Unde
914 1327 1168 1368 Graecorum

292 1389 428 1443 Κύριος
449 1389 674 1442 profluxit,
701 1390 801 1443 quia
819 1391 893 1431 Sol
912 1389 1169 1432 credebatur

291 1454 503 1505 Dominus
536 1452 750 1494 Universi.
799 1452 914 1494 Vide
939 1453 1170 1494 Teixeram

292 1521 340 1566 et
387 1515 556 1558 Schich.
589 1517 756 1558 Tarich.
804 1516 962 1557 Priora
997 1516 1172 1557 indubie

292 1578 400 1634 falsa
419 1586 532 1620 sunt.
589 1579 810 1620 Posterius
841 1580 1043 1632 displicet
1069 1580 1172 1621 Sca-

292 1642 430 1695 ligero
446 1654 505 1682 vr.
519 1642 573 1682 de
589 1643 817 1683 Emendat.
831 1643 1032 1695 Tempor.
1060 1643 1190 1685 Quia'

294 1707 358 1747 sol
387 1706 533 1747 Persis
566 1707 746 1756 Cor-esea,
780 1707 901 1746 Cor-es
929 1718 1033 1747 vero
1053 1707 1173 1747 cibus

295 1775 340 1811 et
355 1770 545 1812 satietas,
590 1769 882 1809 Proculdubio
902 1781 1055 1810 nomen
1071 1769 1175 1810 illud

296 1832 461 1885 regium
483 1831 581 1885 fuit,
611 1832 720 1872 vela
738 1831 854 1883 Sole,
884 1833 952 1872 vel
973 1833 1024 1873 ab
1044 1831 1175 1885 impe-

296 1896 361 1939 rio
392 1895 639 1936 deductum.
695 1896 767 1936 Κιι
784 1894 932 1935 Persis
950 1896 1179 1948 Princeps,

297 1957 414 2004 uude
434 1957 573 2009 prima
606 1957 696 2009 ejus
715 1957 879 2009 syllaba
901 1957 993 2008 Cui,
1011 1958 1081 1998 vel
1101 1959 1177 2010 Cy.

300 2020 416 2064 Quid
436 2021 584 2061 ultima
602 2032 670 2061 rus
698 2019 925 2073 significet,
952 2020 1087 2073 quaeri
1105 2032 1180 2073 po-

299 2091 404 2128 test.
460 2087 571 2129 Nam
587 2100 671 2128 non
687 2093 756 2128 est
767 2099 821 2127 ex
835 2087 1026 2128 Hebraeo
1045 2087 1177 2125 vua.

303 2150 437 2201 Horu.

358 2214 416 2253 Et
452 2212 589 2253 bellum
622 2214 720 2253 clam
749 2212 915 2265 parare]
958 2212 1179 2255 Justinus:

302 2274 492 2328 {Itaque
529 2277 701 2316 occulte
749 2276 955 2316 adversus
1000 2275 1182 2317 fratrem

303 2337 463 2379 bellum
484 2337 695 2390 parabat?

359 2401 666 2442 Lacedaemoniis
696 2401 992 2454 adiuvantibus]
1047 2401 1184 2443 Addit

305 2462 530 2508 Justinus:
574 2465 587 2488 ‘
606 2462 736 2505 fuisse
768 2476 975 2504 memores
1004 2463 1185 2506 Atheni-

308 2527 401 2567 ensi
426 2527 539 2568 bello
558 2528 684 2568 enixe
718 2540 765 2568 se
796 2528 887 2579 ejus
906 2539 1038 2580 opera
1068 2528 1186 2580 adju·

308 2590 404 2632 tos?
461 2591 639 2631 Illorum
673 2590 761 2630 dux
790 2596 882 2632 tum
914 2596 1009 2632 erat
1041 2592 1186 2632 Clear-

310 2653 429 2705 chus,
447 2655 516 2694 cui
529 2653 694 2694 addunt
710 2654 956 2698 Proxenum
971 2654 1187 2696 Boeotium

307 2721 356 2766 et
372 2716 644 2757 Mnemonem
660 2716 921 2756 Thessalum.

365 2779 418 2819 Id
431 2779 468 2819 si
485 2780 522 2819 ei
537 2780 767 2831 aperuisset,
795 2791 976 2830 magnum
1001 2791 1043 2820 se
1067 2779 1116 2819 ab
1146 2793 1189 2820 eo

310 2842 502 2884 initurum
529 2844 705 2894 gratiam
726 2843 900 2895 videbat]
928 2844 1011 2885 Ms.
1041 2845 1188 2885 Boecl.

315 2906 364 2948 Id
381 2906 418 2946 si
433 2919 496 2958 ap.
515 2919 696 2957 magnam
713 2919 753 2946 se
775 2907 867 2947 init.
893 2919 960 2957 gr.
991 2920 1029 2947 υ.
1075 2906 1190 2948 Illud

314 2967 362 3021 ob
398 2980 441 3008 eo
477 2969 628 3009 aberat
668 2969 800 3010 etiam
835 2969 938 3010 Mss.
982 2970 1099 3010 Dan.
1147 2976 1192 3012 et

315 3030 436 3072 Leid.

372 3094 482 3135 CAP.
501 3097 568 3134 10.
615 3094 869 3145 Miner-etur]
917 3094 1099 3136 Quidam
1132 3095 1190 3135 le·

318 3157 502 3211 gendum
516 3161 687 3210 putant,
698 3157 984 3198 admitteretur.
1003 3158 1194 3199 Lambin.

391 3222 540 3261 Eodem
574 3224 744 3273 tempore
782 3220 950 3272 Critias]
998 3220 1094 3272 Ille,
1124 3221 1196 3273 qui

321 3288 610 3325 ΠΛΗΜΟΧΟΗ
670 3284 914 3335 appellatur
975 3288 1198 3335 tyrannus,

322 3357 431 3390 unus
450 3358 475 3385 e
493 3346 686 3397 triginta,
705 3357 807 3399 quos
825 3344 1046 3396 Lysander
1064 3344 1197 3394 Athe-

323 3407 539 3452 niensibus
561 3407 778 3460 imposuit,
809 3407 887 3449 sed
905 3408 1092 3453 omnium
1109 3407 1200 3450 fere

327 3471 649 3518 immanissimus
685 3476 732 3513 et
767 3471 1109 3525 scelestissimus,
1152 3476 1202 3515 ut

658 267 836 315 NOTAE
880 265 1210 306 VARIORUM
1251 264 1315 305 IN
1358 266 1418 308 Ο.
1452 265 1715 306 NEPOTIS

1220 396 1304 430 non
1322 384 1483 436 injuria
1506 381 1639 424 ἅπλῶς
1664 383 2095 437 Tyrannus-now

1220 451 1306 487 tur.
1338 446 1551 487 Cannaban.
2009 491 2011 495 ,

1276 509 1515 560 Cererique]
1541 519 1675 550 xxxx.
1715 510 1909 554 Quorum
1925 510 2099 560 tourins

1223 582 1249 621 a
1299 571 1591 624 Xenophonte
1637 579 1911 619 numerantur
1939 567 2100 622 Ἕλλην.

1223 634 1300 677 lib.
1321 647 1374 677 u.

1281 699 1419 740 Certos
1432 698 1621 751 homines]
1644 699 1731 740 Sed
1747 699 2011 742 Plutarchus
2019 706 2102 742 tra·

1224 761 1305 814 dit,
1333 774 1417 802 non
1436 769 1535 802 ante
1565 762 1798 813 adductum
1826 775 1921 803 esse
1939 764 2102 816 Lysan-

1225 824 1366 874 drum,
1379 829 1428 864 ut
1444 823 1712 865 Alcibiadem
1727 825 1780 865 de
1796 826 1936 875 medio
1951 827 2103 869 tollen-

1226 885 1325 925 dum
1345 890 1532 935 curaret,
1561 897 1687 938 quam
1712 886 1757 926 id
1777 889 2027 930 nominatim
2047 891 2102 931 ab

1225 948 1407 1000 Ephoris
1449 948 1489 987 ei
1529 948 1776 990 mandatum
1819 958 1960 993 esset:
2013 939 2104 994 sive

1227 1011 1341 1064 quod
1373 1011 1591 1062 ingenium
1623 1012 1704 1052 viri
1743 1012 1800 1053 ad
1834 1025 1902 1055 res
1933 1026 2106 1067 magnas

1227 1073 1523 1129 suscipiendas
1541 1079 1788 1126 promptum
1817 1081 1948 1128 atque
1975 1089 2107 1130 expe-

1227 1137 1363 1178 ditum
1377 1137 1728 1188 extimescerent;
1750 1138 1840 1178 sive
1853 1138 1966 1192 quod
1975 1138 2108 1192 Agidi

1228 1203 1409 1255 gratiam
1437 1202 1584 1244 facere
1608 1203 1781 1244 vellent.
1805 1203 1944 1246 Lamo.
1996 1204 2108 1248 Vide

1228 1265 1413 1315 Isocrat.
1432 1267 1558 1307 Orat.
1574 1264 1662 1318 περὶ
1679 1264 1857 1317 ζεύγους.

1286 1329 1396 1376 Quos
1411 1329 1496 1382 ipse
1507 1328 1680 1371 Athenis
1690 1328 1977 1382 constituisset]
2001 1331 2108 1376 Ωιτ

1231 1392 1325 1446 ipso
1346 1400 1524 1435 auctore
1556 1399 1796 1447 agenteque
1824 1399 1925 1436 sunt
1955 1396 2111 1449 consti-

1232 1463 1339 1500 tutae
1357 1459 1402 1499 in
1421 1459 1731 1510 procuratione
1761 1459 2008 1511 reipublicae
2030 1459 2111 1501 sci·

1230 1522 1351 1571 licet,
1397 1520 1542 1562 ἐκείνου
1572 1521 1648 1570 τὴν
1683 1519 1884 1562 πολιτείαν
1931 1520 2111 1573 ἄγοντος.

1234 1584 1414 1627 Boec‘er.
1478 1635 1484 1637 Δ

1247 1683 1249 1685 μ
1291 1646 1374 1687 His
1392 1646 1547 1700 Ιιισοιι]
1565 1647 1764 1700 ,Ῑιιερεοῐί
1778 1648 1984 1690 Savaroni
2003 1649 2115 1700 libri,

1237 1709 1300 1749 his
1330 1708 1529 1751 latoribus
1555 1716 1776 1754 wan-oeus.
1829 1712 1914 1753 Sed
1947 1713 2115 1757 exstitit

1239 1770 1293 1812 ab
1323 1771 1563 1824 ignorantia
1593 1774 1784 1815 alterius.
1835 1774 1984 1825 Probo
2013 1776 2117 1817 alio·

1238 1846 1331 1886 rum
1350 1834 1553 1876 librorum
1572 1835 1845 1889 scripturam,
1872 1837 1993 1881 laco.
2046 1836 2115 1879 Ad

1239 1909 1336 1938 eum
1351 1897 1524 1938 modum
1536 1898 1697 1941 Graeca
1710 1899 1943 1940 terminant
1959 1900 2118 1942 Latini.

1240 1960 1356 2001 Hinc
1372 1961 1616 2001 Priscianus
1635 1961 1711 2002 lib.
1727 1974 1757 2004 1.
1812 1962 2055 2015 Expellitur
2073 1962 2114 2005 N

1242 2036 1268 2064 a
1286 2023 1451 2067 Graecis
1469 2024 1512 2064 in
1529 2039 1582 2066 ων
1600 2025 1909 2077 desinentibus,
1925 2037 2054 2078 quum
2073 2024 2117 2064 in

1242 2085 1441 2126 Latinam
1463 2093 1685 2128 transeunt
1702 2086 1897 2143 formam,
1914 2093 1963 2126 ut
1979 2087 2123 2129 Demi-

1243 2148 1346 2199 pho,
1359 2149 1557 2200 Simoleo‚
1567 2150 1728 2190 Draco.
1768 2149 1841 2191 Sic
1857 2149 1995 2191 Statio
2006 2149 2121 2201 Aga-

1244 2224 1427 2260 memno.
1481 2213 1571 2253 Per
1584 2213 1798 2254 Laconem
1816 2213 2020 2266 intelligit
2040 2213 2122 2264 Ly-

1245 2275 1463 2326 sandrum,
1493 2280 1540 2316 et
1558 2275 1622 2315 ita
1639 2275 1704 2317 bis
1730 2275 1844 2316 infra
1860 2282 1989 2318 vocat
2007 2274 2124 2328 Age-

1247 2337 1414 2378 silaum.
1467 2337 1622 2391 Itaque
1636 2343 1758 2381 recte
1771 2338 1979 2388 scriptum
1994 2343 2063 2379 est
2079 2338 2122 2378 in

1245 2400 1498 2441 Timotheo:
1528 2402 1540 2422 ‘
1561 2400 1602 2442 A
1620 2413 1704 2454 quo
1733 2413 1830 2441 cum
1852 2400 1975 2448 Laco¹
1995 2412 2124 2453 pecu-

1246 2464 1359 2503 niam
1377 2470 1645 2504 numeratam
1670 2461 1939 2515 accepisset?
1993 2462 2126 2504 Diod.

1249 2537 1354 2567 1111.
1374 2526 1427 2566 de
1447 2527 1668 2580 Gylippo:
1695 2526 1822 2567 ταῦτα
1851 2524 2125 2577 διαλεχθέντα

1246 2590 1318 2629 τοῦ
1334 2588 1512 2630 Λάκωνος
1527 2587 1720 2639 μετέπεσε
1733 2588 1782 2630 τὸ
1794 2591 1960 2640 πλῆθος,
1970 2587 2036 2633 nol
2051 2589 2126 2638 τὴν

1250 2651 1458 2697 Διοκλέους
1474 2652 1631 2704 ’γνώμην
1648 2651 1823 2705 ἐκύρησε.
1841 2653 1938 2695 val.
1948 2652 2127 2692 Flaccus

1252 2714 1413 2767 Argon.
1439 2715 1514 2757 lib.
1529 2727 1564 2756 ι.
1590 2719 1686 2757 421.
1710 2716 1722 2737 ‘
1742 2715 1913 2755 Taurea
1930 2712 2128 2761 vulnifico

1252 2782 1399 2829 portat
1429 2778 1667 2830 caelataque
1692 2776 1866 2829 plumbo
1884 2776 2029 2829 Terga
2049 2776 2129 2817 1.ae

1253 2840 1330 2882 co.’
1361 2839 1488 2880 Gebh.
1543 2841 1675 2882 Lator
1704 2846 1863 2890 tamen,
1895 2851 1973 2892 pro
2005 2830 2129 2882 iabu-

1254 2904 1360 2946 lario
1371 2903 1502 2945 etiam
1518 2916 1543 2944 a
1555 2904 1678 2946 Suet.
1693 2903 1851 2944 dicitur
1865 2902 1999 2962 Calig.
2013 2915 2052 2943 c.
2063 2904 2131 2943 44.

1309 2968 1419 3009 Huic
1457 2981 1549 3020 ergo
1592 2980 1677 3008 ren.
1714 2979 1800 3019 ‹1¹1oe
1834 2979 1919 3016 reg.
1951 2978 1988 3007 c.
2031 2965 2128 3007 Lac.

1254 3044 1289 3073 e.
1308 3032 1402 3083 nisi,
1420 3030 1508 3083 ssa]
1553 3029 1624 3071 Sic
1655 3029 1820 3070 Schott.
1848 3030 2034 3087 Severo.
2054 3030 2132 3070 Ul—

1258 3095 1358 3147 traj.
1402 3094 1644 3141 Lambinus,
1700 3093 1936 3134 Societatem
1971 3106 2009 3145 q.
2044 3104 2131 3145 reg.

1256 3170 1343 3200 cum
1359 3157 1502 3198 Laced.
1520 3159 1619 3196 esset
1635 3159 1739 3196 stare
1755 3168 1831 3195 non
1847 3154 2133 3213 possesoedem-

1259 3234 1330 3272 que
1351 3220 1471 3260 irrito
1485 3219 1644 3270 futuru.
1674 3220 1835 3269 Schott.
1893 3217 2134 3271 munda]

1260 3284 1312 3325 Id
1331 3290 1413 3333 est,
1443 3284 1514 3324 vel
1540 3283 1692 3323 nuntio
1712 3282 1780 3322 vel
1799 3281 1936 3321 verbis
1963 3281 2134 3321 irritum

1261 3345 1421 3398 facere,
1450 3346 1505 3387 de
1523 3358 1605 3399 quo
1631 3344 1850 3390 convenit.
1903 3343 1975 3384 Sic
1993 3338 2148 3385 Cicer(

1262 3409 1401 3452 dixit:
1430 3410 1442 3432 ‘
1465 3408 1730 3456 Renunciare
1753 3405 1983 3460 hospitium
2009 3406 2136 3455 alicui

1263 3478 1309 3516 et
1326 3472 1452 3515 domo
1470 3470 1707 3525 emigrare)
1761 3471 1820 3514 Et
1851 3470 1908 3512 ad
1938 3469 2135 3517 Atticum
