<?xml version="1.0" encoding="UTF-8"?>
<!DOCTYPE html PUBLIC "-//W3C//DTD XHTML 1.0 Transitional//EN"
    "http://www.w3.org/TR/xhtml1/DTD/xhtml1-transitional.dtd">
<html xmlns="http://www.w3.org/1999/xhtml" xml:lang="en" lang="en">
 <head>
  <title>
</title>
<meta http-equiv="Content-Type" content="text/html;charset=utf-8" />
  <meta name='ocr-system' content='tesseract 3.04.00' />
  <meta name='ocr-capabilities' content='ocr_page ocr_carea ocr_par ocr_line ocrx_word'/>
</head>
<body>
  <div class='ocr_page' id='page_1' title='image "./vitaeexcellentiu02nepouoft_0034.png"; bbox 0 0 2326 3944; ppageno 0'>
   <div class='ocr_carea' id='block_1_1' title="bbox 282 253 390 307">
    <p class='ocr_par' dir='ltr' id='par_1_1' title="bbox 282 253 390 307">
     <span class='ocr_line' id='line_1_1' title="bbox 282 253 390 307; baseline 0.019 -2"><span class='ocrx_word' id='word_1_1' title='bbox 282 253 390 307; x_wconf 66' lang='lat'>456</span> 
     </span>
    </p>
   </div>
   <div class='ocr_carea' id='block_1_2' title="bbox 278 386 1193 3545">
    <p class='ocr_par' dir='ltr' id='par_1_2' title="bbox 278 386 1172 1387">
     <span class='ocr_line' id='line_1_2' title="bbox 278 386 1168 440; baseline 0.002 -14"><span class='ocrx_word' id='word_1_2' title='bbox 278 386 478 439; x_wconf 76' lang='lat' dir='ltr'><strong>Scriptus</strong></span> <span class='ocrx_word' id='word_1_3' title='bbox 497 391 543 427; x_wconf 91' lang='lat' dir='ltr'>et</span> <span class='ocrx_word' id='word_1_4' title='bbox 562 386 850 440; x_wconf 84' lang='lat' dir='ltr'>Ultrajectina</span> <span class='ocrx_word' id='word_1_5' title='bbox 868 387 1040 429; x_wconf 88' lang='lat' dir='ltr'>Editio:</span> <span class='ocrx_word' id='word_1_6' title='bbox 1068 387 1168 428; x_wconf 79' lang='lat' dir='ltr'>Sex·</span> 
     </span>
     <span class='ocr_line' id='line_1_3' title="bbox 284 449 1166 503; baseline 0.003 -14"><span class='ocrx_word' id='word_1_7' title='bbox 284 454 325 489; x_wconf 81' lang='lat' dir='ltr'>to</span> <span class='ocrx_word' id='word_1_8' title='bbox 333 449 426 500; x_wconf 83' lang='lat' dir='ltr'>sere</span> <span class='ocrx_word' id='word_1_9' title='bbox 438 463 552 497; x_wconf 82' lang='lat' dir='ltr'>anno,</span> <span class='ocrx_word' id='word_1_10' title='bbox 573 464 688 503; x_wconf 79' lang='lat' dir='ltr'>quam</span> <span class='ocrx_word' id='word_1_11' title='bbox 701 455 787 492; x_wconf 80' lang='lat' dir='ltr'>erat</span> <span class='ocrx_word' id='word_1_12' title='bbox 804 453 998 503; x_wconf 76' lang='lat' dir='ltr'>expulsus.</span> <span class='ocrx_word' id='word_1_13' title='bbox 1024 475 1026 477; x_wconf 96' lang='lat'>·</span> <span class='ocrx_word' id='word_1_14' title='bbox 1054 453 1166 492; x_wconf 89' lang='lat' dir='ltr'>Nam</span> 
     </span>
     <span class='ocr_line' id='line_1_4' title="bbox 278 513 1167 566; baseline 0.004 -12"><span class='ocrx_word' id='word_1_15' title='bbox 278 513 346 554; x_wconf 82' lang='lat' dir='ltr'>sic</span> <span class='ocrx_word' id='word_1_16' title='bbox 360 525 480 566; x_wconf 46' lang='lat' dir='ltr'>,saepe</span> <span class='ocrx_word' id='word_1_17' title='bbox 500 519 684 555; x_wconf 87' lang='lat' dir='ltr'>veteres.</span> <span class='ocrx_word' id='word_1_18' title='bbox 739 515 915 556; x_wconf 80' lang='lat' dir='ltr'>Sueten.</span> <span class='ocrx_word' id='word_1_19' title='bbox 931 515 1081 556; x_wconf 79' lang='lat' dir='ltr'>Claud.</span> <span class='ocrx_word' id='word_1_20' title='bbox 1101 519 1167 558; x_wconf 82' lang='lat'>17.</span> 
     </span>
     <span class='ocr_line' id='line_1_5' title="bbox 286 576 1169 631; baseline 0.001 -13"><span class='ocrx_word' id='word_1_21' title='bbox 286 577 298 605; x_wconf 52' lang='grc' dir='ltr'>ί</span> <span class='ocrx_word' id='word_1_22' title='bbox 320 577 453 618; x_wconf 82' lang='lat' dir='ltr'>Sexto</span> <span class='ocrx_word' id='word_1_23' title='bbox 471 589 596 630; x_wconf 88' lang='lat' dir='ltr'>quam</span> <span class='ocrx_word' id='word_1_24' title='bbox 629 576 853 630; x_wconf 89' lang='lat' dir='ltr'>profectus</span> <span class='ocrx_word' id='word_1_25' title='bbox 884 583 979 619; x_wconf 87' lang='lat' dir='ltr'>erat</span> <span class='ocrx_word' id='word_1_26' title='bbox 1005 590 1169 631; x_wconf 85' lang='lat' dir='ltr'>mense,</span> 
     </span>
     <span class='ocr_line' id='line_1_6' title="bbox 278 638 1167 694; baseline 0 -14"><span class='ocrx_word' id='word_1_27' title='bbox 278 639 454 680; x_wconf 82' lang='lat' dir='ltr'>-domnm</span> <span class='ocrx_word' id='word_1_28' title='bbox 476 638 633 681; x_wconf 73' lang='lat' dir='ltr'>rediit-³</span> <span class='ocrx_word' id='word_1_29' title='bbox 689 642 813 682; x_wconf 87' lang='lat' dir='ltr'>Curt.</span> <span class='ocrx_word' id='word_1_30' title='bbox 835 651 901 681; x_wconf 81' lang='grc' dir='ltr'><strong>ι-ν.</strong></span> <span class='ocrx_word' id='word_1_31' title='bbox 931 644 974 682; x_wconf 77' lang='grc'><strong>4.</strong></span> <span class='ocrx_word' id='word_1_32' title='bbox 1002 642 1014 665; x_wconf 87' lang='lat'>‘</span> <span class='ocrx_word' id='word_1_33' title='bbox 1030 641 1167 694; x_wconf 86' lang='lat' dir='ltr'>Tyrus</span> 
     </span>
     <span class='ocr_line' id='line_1_7' title="bbox 281 703 1169 757; baseline 0.001 -15"><span class='ocrx_word' id='word_1_34' title='bbox 281 703 469 755; x_wconf 86' lang='lat' dir='ltr'>septimo</span> <span class='ocrx_word' id='word_1_35' title='bbox 483 715 642 756; x_wconf 88' lang='lat' dir='ltr'>mense,</span> <span class='ocrx_word' id='word_1_36' title='bbox 654 716 782 757; x_wconf 91' lang='lat' dir='ltr'>quam</span> <span class='ocrx_word' id='word_1_37' title='bbox 797 703 1036 756; x_wconf 86' lang='lat' dir='ltr'>oppugnari</span> <span class='ocrx_word' id='word_1_38' title='bbox 1053 716 1169 756; x_wconf 83' lang='lat' dir='ltr'>coep.—</span> 
     </span>
     <span class='ocr_line' id='line_1_8' title="bbox 284 766 1168 820; baseline 0.001 -15"><span class='ocrx_word' id='word_1_39' title='bbox 284 771 333 805; x_wconf 86' lang='lat' dir='ltr'>ta</span> <span class='ocrx_word' id='word_1_40' title='bbox 353 773 461 818; x_wconf 87' lang='lat' dir='ltr'>erat,</span> <span class='ocrx_word' id='word_1_41' title='bbox 480 772 610 820; x_wconf 87' lang='lat' dir='ltr'>capta</span> <span class='ocrx_word' id='word_1_42' title='bbox 627 767 722 808; x_wconf 89' lang='lat' dir='ltr'>est.&#39;</span> <span class='ocrx_word' id='word_1_43' title='bbox 777 767 893 808; x_wconf 91' lang='lat' dir='ltr'>Plin.</span> <span class='ocrx_word' id='word_1_44' title='bbox 912 766 971 807; x_wconf 90' lang='lat' dir='ltr'>H.</span> <span class='ocrx_word' id='word_1_45' title='bbox 993 767 1048 808; x_wconf 88' lang='lat' dir='ltr'>N.</span> <span class='ocrx_word' id='word_1_46' title='bbox 1067 777 1168 807; x_wconf 83' lang='lat' dir='ltr'>vm.</span> 
     </span>
     <span class='ocr_line' id='line_1_9' title="bbox 284 828 1170 884; baseline 0 -15"><span class='ocrx_word' id='word_1_47' title='bbox 284 832 352 869; x_wconf 82' lang='lat'>42.</span> <span class='ocrx_word' id='word_1_48' title='bbox 373 828 427 870; x_wconf 89' lang='lat' dir='ltr'>de</span> <span class='ocrx_word' id='word_1_49' title='bbox 447 842 582 884; x_wconf 89' lang='lat' dir='ltr'>equo:</span> <span class='ocrx_word' id='word_1_50' title='bbox 612 831 625 854; x_wconf 92' lang='lat'>‘</span> <span class='ocrx_word' id='word_1_51' title='bbox 646 830 826 871; x_wconf 83' lang='lat' dir='ltr'><strong>Terram</strong></span> <span class='ocrx_word' id='word_1_52' title='bbox 845 829 1061 882; x_wconf 87' lang='lat' dir='ltr'>attingere</span> <span class='ocrx_word' id='word_1_53' title='bbox 1080 841 1170 880; x_wconf 89' lang='lat' dir='ltr'>ore,</span> 
     </span>
     <span class='ocr_line' id='line_1_10' title="bbox 283 892 1170 947; baseline 0 -15"><span class='ocrx_word' id='word_1_54' title='bbox 283 892 429 935; x_wconf 78' lang='lat' dir='ltr'>triduo</span> <span class='ocrx_word' id='word_1_55' title='bbox 446 893 659 947; x_wconf 84' lang='lat' dir='ltr'>proximo,</span> <span class='ocrx_word' id='word_1_56' title='bbox 676 906 802 946; x_wconf 87' lang='lat' dir='ltr'>quam</span> <span class='ocrx_word' id='word_1_57' title='bbox 822 893 878 942; x_wconf 87' lang='lat' dir='ltr'>sit</span> <span class='ocrx_word' id='word_1_58' title='bbox 897 893 1081 944; x_wconf 87' lang='lat' dir='ltr'>genitus,</span> <span class='ocrx_word' id='word_1_59' title='bbox 1098 904 1170 932; x_wconf 88' lang='lat' dir='ltr'>ne·</span> 
     </span>
     <span class='ocr_line' id='line_1_11' title="bbox 285 956 1170 1010; baseline -0.001 -14"><span class='ocrx_word' id='word_1_60' title='bbox 285 965 390 1009; x_wconf 85' lang='lat' dir='ltr'>gant</span> <span class='ocrx_word' id='word_1_61' title='bbox 427 956 583 1010; x_wconf 89' lang='lat' dir='ltr'>posse.&#39;</span> <span class='ocrx_word' id='word_1_62' title='bbox 650 958 707 997; x_wconf 79' lang='lat' dir='ltr'>Et</span> <span class='ocrx_word' id='word_1_63' title='bbox 739 961 942 1010; x_wconf 80' lang='lat' dir='ltr'><em>postquam</em></span> <span class='ocrx_word' id='word_1_64' title='bbox 977 956 1170 1009; x_wconf 83' lang='lat' dir='ltr'>proxime</span> 
     </span>
     <span class='ocr_line' id='line_1_12' title="bbox 285 1019 1170 1072; baseline -0.002 -12"><span class='ocrx_word' id='word_1_65' title='bbox 285 1019 523 1060; x_wconf 83' lang='lat' dir='ltr'><strong>antecedit.</strong></span> <span class='ocrx_word' id='word_1_66' title='bbox 591 1019 753 1060; x_wconf 84' lang='lat' dir='ltr'>Verum</span> <span class='ocrx_word' id='word_1_67' title='bbox 800 1024 955 1072; x_wconf 88' lang='lat' dir='ltr'>quarto</span> <span class='ocrx_word' id='word_1_68' title='bbox 1001 1019 1170 1059; x_wconf 88' lang='lat' dir='ltr'>demum</span> 
     </span>
     <span class='ocr_line' id='line_1_13' title="bbox 286 1081 1169 1122; baseline -0.001 0"><span class='ocrx_word' id='word_1_69' title='bbox 286 1093 398 1122; x_wconf 88' lang='lat' dir='ltr'>anno</span> <span class='ocrx_word' id='word_1_70' title='bbox 438 1085 687 1122; x_wconf 84' lang='lat' dir='ltr'>revocatum</span> <span class='ocrx_word' id='word_1_71' title='bbox 730 1081 917 1121; x_wconf 86' lang='lat' dir='ltr'>calculus</span> <span class='ocrx_word' id='word_1_72' title='bbox 964 1093 1169 1121; x_wconf 88' lang='lat' dir='ltr'>annorum</span> 
     </span>
     <span class='ocr_line' id='line_1_14' title="bbox 285 1143 1171 1197; baseline 0 -11"><span class='ocrx_word' id='word_1_73' title='bbox 285 1145 461 1186; x_wconf 78' lang='lat' dir='ltr'><strong>evincit.</strong></span> <span class='ocrx_word' id='word_1_74' title='bbox 517 1146 761 1185; x_wconf 86' lang='lat' dir='ltr'>Revocatus</span> <span class='ocrx_word' id='word_1_75' title='bbox 781 1145 891 1185; x_wconf 88' lang='lat' dir='ltr'>enim</span> <span class='ocrx_word' id='word_1_76' title='bbox 921 1143 1171 1197; x_wconf 86' lang='lat' dir='ltr'>Olympiad.</span> 
     </span>
     <span class='ocr_line' id='line_1_15' title="bbox 288 1207 1172 1260; baseline -0.003 -10"><span class='ocrx_word' id='word_1_77' title='bbox 288 1219 430 1250; x_wconf 64' lang='lat' dir='ltr'><strong>mxxv.</strong></span> <span class='ocrx_word' id='word_1_78' title='bbox 451 1219 563 1248; x_wconf 92' lang='lat' dir='ltr'>anno</span> <span class='ocrx_word' id='word_1_79' title='bbox 583 1211 623 1248; x_wconf 90' lang='lat'>1.</span> <span class='ocrx_word' id='word_1_80' title='bbox 680 1208 838 1249; x_wconf 90' lang='lat' dir='ltr'>Pulsus</span> <span class='ocrx_word' id='word_1_81' title='bbox 857 1213 1002 1248; x_wconf 89' lang='lat' dir='ltr'>autem</span> <span class='ocrx_word' id='word_1_82' title='bbox 1022 1207 1172 1260; x_wconf 84' lang='lat' dir='ltr'>Olym-</span> 
     </span>
     <span class='ocr_line' id='line_1_16' title="bbox 287 1272 1172 1324; baseline 0.001 -12"><span class='ocrx_word' id='word_1_83' title='bbox 287 1272 405 1324; x_wconf 87' lang='lat' dir='ltr'>piad.</span> <span class='ocrx_word' id='word_1_84' title='bbox 435 1282 590 1313; x_wconf 67' lang='lat' dir='ltr'><strong>Lxxw.</strong></span> <span class='ocrx_word' id='word_1_85' title='bbox 625 1284 735 1313; x_wconf 89' lang='lat' dir='ltr'>anno</span> <span class='ocrx_word' id='word_1_86' title='bbox 755 1277 795 1313; x_wconf 83' lang='lat'>2.</span> <span class='ocrx_word' id='word_1_87' title='bbox 842 1272 955 1313; x_wconf 87' lang='lat' dir='ltr'>Vide</span> <span class='ocrx_word' id='word_1_88' title='bbox 982 1272 1172 1314; x_wconf 82' lang='lat' dir='ltr'>Chrono-</span> 
     </span>
     <span class='ocr_line' id='line_1_17' title="bbox 287 1335 850 1387; baseline 0.005 -12"><span class='ocrx_word' id='word_1_89' title='bbox 287 1335 446 1387; x_wconf 87' lang='lat' dir='ltr'>logiam</span> <span class='ocrx_word' id='word_1_90' title='bbox 464 1342 668 1377; x_wconf 88' lang='lat' dir='ltr'>nostram.</span> <span class='ocrx_word' id='word_1_91' title='bbox 696 1335 850 1379; x_wconf 78' lang='lat' dir='ltr'>Schott.</span> 
     </span>
    </p>

    <p class='ocr_par' dir='ltr' id='par_1_3' title="bbox 285 1398 1181 2212">
     <span class='ocr_line' id='line_1_18' title="bbox 285 1398 1174 1452; baseline 0.002 -14"><span class='ocrx_word' id='word_1_92' title='bbox 285 1420 288 1421; x_wconf 40' lang='lat'><em>⁷</em></span> <span class='ocrx_word' id='word_1_93' title='bbox 342 1398 574 1452; x_wconf 70' lang='lat' dir='ltr'>plebiscito]</span> <span class='ocrx_word' id='word_1_94' title='bbox 601 1398 716 1439; x_wconf 80' lang='grc' dir='ltr'><strong><em>Κατὰ</em></strong></span> <span class='ocrx_word' id='word_1_95' title='bbox 747 1398 929 1452; x_wconf 82' lang='grc' dir='ltr'><strong>ψήφισμα</strong></span> <span class='ocrx_word' id='word_1_96' title='bbox 945 1401 1016 1440; x_wconf 84' lang='grc' dir='ltr'>τοῦ</span> <span class='ocrx_word' id='word_1_97' title='bbox 1041 1398 1174 1450; x_wconf 81' lang='grc' dir='ltr'><strong>δήμου.</strong></span> 
     </span>
     <span class='ocr_line' id='line_1_19' title="bbox 289 1460 1174 1516; baseline 0.002 -15"><span class='ocrx_word' id='word_1_98' title='bbox 289 1460 439 1501; x_wconf 81' lang='lat' dir='ltr'>Malim</span> <span class='ocrx_word' id='word_1_99' title='bbox 457 1462 722 1513; x_wconf 76' lang='lat' dir='ltr'><strong><em>populiscitu,</em></strong></span> <span class='ocrx_word' id='word_1_100' title='bbox 757 1462 969 1516; x_wconf 88' lang='lat' dir='ltr'>quomodo</span> <span class='ocrx_word' id='word_1_101' title='bbox 1002 1468 1049 1503; x_wconf 89' lang='lat' dir='ltr'>et</span> <span class='ocrx_word' id='word_1_102' title='bbox 1079 1462 1174 1503; x_wconf 84' lang='lat' dir='ltr'>heic</span> 
     </span>
     <span class='ocr_line' id='line_1_20' title="bbox 288 1520 1175 1579; baseline 0.002 -15"><span class='ocrx_word' id='word_1_103' title='bbox 288 1525 334 1564; x_wconf 91' lang='lat' dir='ltr'>in</span> <span class='ocrx_word' id='word_1_104' title='bbox 350 1520 458 1564; x_wconf 75' lang='lat' dir='ltr'>Mss.</span> <span class='ocrx_word' id='word_1_105' title='bbox 477 1525 594 1565; x_wconf 82' lang='lat' dir='ltr'>Dan.</span> <span class='ocrx_word' id='word_1_106' title='bbox 617 1538 667 1566; x_wconf 88' lang='lat' dir='ltr'>ac</span> <span class='ocrx_word' id='word_1_107' title='bbox 687 1526 925 1579; x_wconf 82' lang='lat' dir='ltr'>Leydensi‚</span> <span class='ocrx_word' id='word_1_108' title='bbox 945 1531 1000 1567; x_wconf 68' lang='lat' dir='ltr'>-et</span> <span class='ocrx_word' id='word_1_109' title='bbox 1026 1527 1070 1566; x_wconf 91' lang='lat' dir='ltr'>in</span> <span class='ocrx_word' id='word_1_110' title='bbox 1102 1526 1175 1567; x_wconf 81' lang='lat' dir='ltr'>iis·</span> 
     </span>
     <span class='ocr_line' id='line_1_21' title="bbox 287 1587 1175 1641; baseline 0.002 -13"><span class='ocrx_word' id='word_1_111' title='bbox 287 1587 389 1628; x_wconf 79' lang='lat' dir='ltr'>dem</span> <span class='ocrx_word' id='word_1_112' title='bbox 411 1593 487 1628; x_wconf 88' lang='lat' dir='ltr'>aut</span> <span class='ocrx_word' id='word_1_113' title='bbox 506 1588 600 1628; x_wconf 89' lang='lat' dir='ltr'>aliis</span> <span class='ocrx_word' id='word_1_114' title='bbox 623 1589 758 1630; x_wconf 91' lang='lat' dir='ltr'>Codd.</span> <span class='ocrx_word' id='word_1_115' title='bbox 779 1588 882 1630; x_wconf 86' lang='lat' dir='ltr'>infr.</span> <span class='ocrx_word' id='word_1_116' title='bbox 913 1590 1072 1641; x_wconf 83' lang='lat' dir='ltr'>legitur</span> <span class='ocrx_word' id='word_1_117' title='bbox 1090 1596 1175 1630; x_wconf 67' lang='lat' dir='ltr'>vu.</span> 
     </span>
     <span class='ocr_line' id='line_1_22' title="bbox 288 1651 1178 1705; baseline 0.003 -14"><span class='ocrx_word' id='word_1_118' title='bbox 288 1656 332 1693; x_wconf 83' lang='lat'>5.</span> <span class='ocrx_word' id='word_1_119' title='bbox 364 1651 418 1691; x_wconf 90' lang='lat' dir='ltr'>Id</span> <span class='ocrx_word' id='word_1_120' title='bbox 437 1663 534 1692; x_wconf 90' lang='lat' dir='ltr'>cum</span> <span class='ocrx_word' id='word_1_121' title='bbox 566 1651 816 1693; x_wconf 78' lang='lat' dir='ltr'>abbreviata</span> <span class='ocrx_word' id='word_1_122' title='bbox 833 1652 1041 1705; x_wconf 87' lang='lat' dir='ltr'>scriptum</span> <span class='ocrx_word' id='word_1_123' title='bbox 1060 1657 1178 1699; x_wconf 85' lang='lat' dir='ltr'>esset</span> 
     </span>
     <span class='ocr_line' id='line_1_23' title="bbox 289 1715 1175 1769; baseline 0.003 -14"><span class='ocrx_word' id='word_1_124' title='bbox 289 1715 469 1768; x_wconf 79' lang='lat' dir='ltr'>ppliscito</span> <span class='ocrx_word' id='word_1_125' title='bbox 489 1716 556 1756; x_wconf 90' lang='lat' dir='ltr'>vel</span> <span class='ocrx_word' id='word_1_126' title='bbox 571 1716 728 1768; x_wconf 76' lang='lat' dir='ltr'>pliscito</span> <span class='ocrx_word' id='word_1_127' title='bbox 760 1717 950 1769; x_wconf 88' lang='lat' dir='ltr'>imperiti</span> <span class='ocrx_word' id='word_1_128' title='bbox 971 1717 1012 1756; x_wconf 91' lang='lat' dir='ltr'>in</span> <span class='ocrx_word' id='word_1_129' title='bbox 1032 1716 1175 1760; x_wconf 83' lang='lat' dir='ltr'>notius</span> 
     </span>
     <span class='ocr_line' id='line_1_24' title="bbox 290 1779 1177 1833; baseline 0 -12"><span class='ocrx_word' id='word_1_130' title='bbox 290 1785 528 1822; x_wconf 75' lang='lat' dir='ltr'><strong>mutarunt.</strong></span> <span class='ocrx_word' id='word_1_131' title='bbox 585 1781 693 1821; x_wconf 87' lang='lat' dir='ltr'>Erat</span> <span class='ocrx_word' id='word_1_132' title='bbox 706 1785 850 1821; x_wconf 88' lang='lat' dir='ltr'>autem</span> <span class='ocrx_word' id='word_1_133' title='bbox 869 1779 983 1833; x_wconf 86' lang='lat' dir='ltr'>apud</span> <span class='ocrx_word' id='word_1_134' title='bbox 1000 1782 1177 1821; x_wconf 80' lang='lat' dir='ltr'>Roman.</span> 
     </span>
     <span class='ocr_line' id='line_1_25' title="bbox 292 1836 1177 1896; baseline 0.002 -13"><span class='ocrx_word' id='word_1_135' title='bbox 292 1843 442 1896; x_wconf 85' lang='lat' dir='ltr'>populi</span> <span class='ocrx_word' id='word_1_136' title='bbox 462 1843 618 1884; x_wconf 89' lang='lat' dir='ltr'>scitum</span> <span class='ocrx_word' id='word_1_137' title='bbox 637 1836 725 1893; x_wconf 86' lang='lat' dir='ltr'>lex,</span> <span class='ocrx_word' id='word_1_138' title='bbox 755 1844 846 1885; x_wconf 87' lang='lat' dir='ltr'>sive</span> <span class='ocrx_word' id='word_1_139' title='bbox 872 1843 1040 1896; x_wconf 88' lang='lat' dir='ltr'>jussum</span> <span class='ocrx_word' id='word_1_140' title='bbox 1059 1855 1086 1885; x_wconf 88' lang='lat' dir='ltr'>a</span> <span class='ocrx_word' id='word_1_141' title='bbox 1103 1855 1177 1896; x_wconf 81' lang='lat' dir='ltr'>po·</span> 
     </span>
     <span class='ocr_line' id='line_1_26' title="bbox 290 1904 1178 1959; baseline 0.001 -13"><span class='ocrx_word' id='word_1_142' title='bbox 290 1906 398 1959; x_wconf 65' lang='lat' dir='ltr'>⁴pulo</span> <span class='ocrx_word' id='word_1_143' title='bbox 430 1904 607 1949; x_wconf 85' lang='lat' dir='ltr'>factum.</span> <span class='ocrx_word' id='word_1_144' title='bbox 663 1907 780 1948; x_wconf 84' lang='lat' dir='ltr'>Fest.</span> <span class='ocrx_word' id='word_1_145' title='bbox 810 1906 855 1952; x_wconf 88' lang='lat' dir='ltr'>in</span> <span class='ocrx_word' id='word_1_146' title='bbox 888 1906 1056 1948; x_wconf 86' lang='lat' dir='ltr'>schedis</span> <span class='ocrx_word' id='word_1_147' title='bbox 1076 1906 1178 1949; x_wconf 84' lang='lat' dir='ltr'>Far-</span> 
     </span>
     <span class='ocr_line' id='line_1_27' title="bbox 289 1969 1177 2023; baseline 0.002 -14"><span class='ocrx_word' id='word_1_148' title='bbox 289 1969 459 2012; x_wconf 80' lang='lat' dir='ltr'>nesian.</span> <span class='ocrx_word' id='word_1_149' title='bbox 498 1975 546 2011; x_wconf 90' lang='lat' dir='ltr'>ut</span> <span class='ocrx_word' id='word_1_150' title='bbox 579 1983 605 2010; x_wconf 86' lang='lat' dir='ltr'>a</span> <span class='ocrx_word' id='word_1_151' title='bbox 643 1970 746 2013; x_wconf 89' lang='lat' dir='ltr'>viris</span> <span class='ocrx_word' id='word_1_152' title='bbox 780 1969 927 2011; x_wconf 90' lang='lat' dir='ltr'>doctis</span> <span class='ocrx_word' id='word_1_153' title='bbox 962 1970 1177 2023; x_wconf 80' lang='lat' dir='ltr'>suppletae</span> 
     </span>
     <span class='ocr_line' id='line_1_28' title="bbox 291 2031 1179 2086; baseline 0.005 -13"><span class='ocrx_word' id='word_1_154' title='bbox 291 2039 416 2077; x_wconf 81' lang='lat' dir='ltr'>sunt:</span> <span class='ocrx_word' id='word_1_155' title='bbox 445 2035 457 2057; x_wconf 89' lang='lat'>‘</span> <span class='ocrx_word' id='word_1_156' title='bbox 471 2033 636 2074; x_wconf 87' lang='lat' dir='ltr'>Scitum</span> <span class='ocrx_word' id='word_1_157' title='bbox 651 2033 797 2086; x_wconf 88' lang='lat' dir='ltr'>populi</span> <span class='ocrx_word' id='word_1_158' title='bbox 810 2031 1050 2084; x_wconf 82' lang='lat' dir='ltr'>dicebatur,</span> <span class='ocrx_word' id='word_1_159' title='bbox 1064 2033 1179 2086; x_wconf 80' lang='lat' dir='ltr'>quod</span> 
     </span>
     <span class='ocr_line' id='line_1_29' title="bbox 292 2095 1181 2149; baseline 0 -12"><span class='ocrx_word' id='word_1_160' title='bbox 292 2097 385 2137; x_wconf 87' lang='lat' dir='ltr'>siue</span> <span class='ocrx_word' id='word_1_161' title='bbox 404 2097 532 2149; x_wconf 85' lang='lat' dir='ltr'>plebe</span> <span class='ocrx_word' id='word_1_162' title='bbox 550 2101 733 2138; x_wconf 88' lang='lat' dir='ltr'>cunctus</span> <span class='ocrx_word' id='word_1_163' title='bbox 750 2095 956 2149; x_wconf 89' lang='lat' dir='ltr'>patricius</span> <span class='ocrx_word' id='word_1_164' title='bbox 976 2096 1098 2148; x_wconf 91' lang='lat' dir='ltr'>ordo,</span> <span class='ocrx_word' id='word_1_165' title='bbox 1117 2109 1181 2138; x_wconf 77' lang='lat' dir='ltr'>ro·</span> 
     </span>
     <span class='ocr_line' id='line_1_30' title="bbox 294 2156 1181 2212; baseline 0 -13"><span class='ocrx_word' id='word_1_166' title='bbox 294 2164 427 2211; x_wconf 86' lang='lat' dir='ltr'>gante</span> <span class='ocrx_word' id='word_1_167' title='bbox 449 2159 645 2212; x_wconf 85' lang='lat' dir='ltr'>patricio,</span> <span class='ocrx_word' id='word_1_168' title='bbox 678 2158 766 2198; x_wconf 83' lang='lat' dir='ltr'>suis</span> <span class='ocrx_word' id='word_1_169' title='bbox 784 2156 997 2210; x_wconf 82' lang='lat' dir='ltr'>suffragiis</span> <span class='ocrx_word' id='word_1_170' title='bbox 1021 2157 1181 2210; x_wconf 69' lang='lat' dir='ltr'>jussit!</span> 
     </span>
    </p>

    <p class='ocr_par' dir='ltr' id='par_1_4' title="bbox 293 2220 1181 2274">
     <span class='ocr_line' id='line_1_31' title="bbox 293 2220 1181 2274; baseline 0.001 -12"><span class='ocrx_word' id='word_1_171' title='bbox 293 2221 433 2262; x_wconf 82' lang='lat' dir='ltr'><strong>Tacit.</strong></span> <span class='ocrx_word' id='word_1_172' title='bbox 453 2220 568 2262; x_wconf 90' lang='lat' dir='ltr'>Anu.</span> <span class='ocrx_word' id='word_1_173' title='bbox 583 2233 651 2262; x_wconf 82' lang='grc' dir='ltr'><strong>ιιι.</strong></span> <span class='ocrx_word' id='word_1_174' title='bbox 668 2224 736 2264; x_wconf 83' lang='grc'><strong>58.</strong></span> <span class='ocrx_word' id='word_1_175' title='bbox 793 2221 909 2274; x_wconf 88' lang='lat' dir='ltr'>Apte</span> <span class='ocrx_word' id='word_1_176' title='bbox 924 2221 1055 2274; x_wconf 87' lang='lat' dir='ltr'>igitur</span> <span class='ocrx_word' id='word_1_177' title='bbox 1069 2223 1181 2263; x_wconf 88' lang='lat' dir='ltr'>Nos·</span> 
     </span>
    </p>

    <p class='ocr_par' dir='ltr' id='par_1_5' title="bbox 295 2283 1183 2464">
     <span class='ocr_line' id='line_1_32' title="bbox 295 2283 1183 2337; baseline 0 -13"><span class='ocrx_word' id='word_1_178' title='bbox 295 2289 366 2324; x_wconf 89' lang='lat' dir='ltr'>ter</span> <span class='ocrx_word' id='word_1_179' title='bbox 402 2283 730 2325; x_wconf 81' lang='lat' dir='ltr'><strong>Atheniensium</strong></span> <span class='ocrx_word' id='word_1_180' title='bbox 769 2283 949 2326; x_wconf 87' lang='lat' dir='ltr'>decreta</span> <span class='ocrx_word' id='word_1_181' title='bbox 992 2286 1005 2308; x_wconf 91' lang='lat'>‘</span> <span class='ocrx_word' id='word_1_182' title='bbox 1032 2285 1183 2337; x_wconf 87' lang='lat' dir='ltr'>populi</span> 
     </span>
     <span class='ocr_line' id='line_1_33' title="bbox 296 2346 1182 2400; baseline 0.003 -12"><span class='ocrx_word' id='word_1_183' title='bbox 296 2346 431 2388; x_wconf 86' lang='lat' dir='ltr'>scita’</span> <span class='ocrx_word' id='word_1_184' title='bbox 453 2353 594 2400; x_wconf 86' lang='lat' dir='ltr'>vocat,</span> <span class='ocrx_word' id='word_1_185' title='bbox 615 2347 728 2388; x_wconf 89' lang='lat' dir='ltr'>sicut</span> <span class='ocrx_word' id='word_1_186' title='bbox 749 2359 825 2389; x_wconf 83' lang='lat' dir='ltr'>xv.</span> <span class='ocrx_word' id='word_1_187' title='bbox 844 2351 885 2392; x_wconf 74' lang='lat'>⁷.</span> <span class='ocrx_word' id='word_1_188' title='bbox 942 2349 1182 2391; x_wconf 80' lang='lat' dir='ltr'>Decretum</span> 
     </span>
     <span class='ocr_line' id='line_1_34' title="bbox 300 2410 1182 2464; baseline 0.002 -13"><span class='ocrx_word' id='word_1_189' title='bbox 300 2410 378 2451; x_wconf 87' lang='lat' dir='ltr'>de</span> <span class='ocrx_word' id='word_1_190' title='bbox 368 2412 546 2464; x_wconf 75' lang='lat' dir='ltr'>imperio</span> <span class='ocrx_word' id='word_1_191' title='bbox 561 2410 896 2464; x_wconf 85' lang='lat' dir='ltr'>Epaminundae</span> <span class='ocrx_word' id='word_1_192' title='bbox 885 2424 1080 2463; x_wconf 80' lang='lat' dir='ltr'>muuenS,</span> <span class='ocrx_word' id='word_1_193' title='bbox 1096 2413 1182 2457; x_wconf 87' lang='lat' dir='ltr'>ait·</span> 
     </span>
    </p>

    <p class='ocr_par' dir='ltr' id='par_1_6' title="bbox 296 2473 967 2527">
     <span class='ocr_line' id='line_1_35' title="bbox 296 2473 967 2527; baseline 0.005 -14"><span class='ocrx_word' id='word_1_194' title='bbox 296 2474 480 2527; x_wconf 78' lang='lat' dir='ltr'>populus</span> <span class='ocrx_word' id='word_1_195' title='bbox 489 2473 694 2526; x_wconf 84' lang='lat' dir='ltr'>jusserat.</span> <span class='ocrx_word' id='word_1_196' title='bbox 724 2475 967 2518; x_wconf 80' lang='lat' dir='ltr'>Buclmerus.</span> 
     </span>
    </p>

    <p class='ocr_par' dir='ltr' id='par_1_7' title="bbox 299 2537 1185 2837">
     <span class='ocr_line' id='line_1_36' title="bbox 300 2537 1185 2592; baseline 0.006 -15"><span class='ocrx_word' id='word_1_197' title='bbox 300 2567 309 2577; x_wconf 59' lang='lat'>.</span> <span class='ocrx_word' id='word_1_198' title='bbox 352 2537 462 2578; x_wconf 73' lang='lat' dir='ltr'><strong>CAP.</strong></span> <span class='ocrx_word' id='word_1_199' title='bbox 485 2540 526 2578; x_wconf 98' lang='grc'><strong>2.</strong></span> <span class='ocrx_word' id='word_1_200' title='bbox 566 2537 688 2590; x_wconf 78' lang='lat' dir='ltr'>Apud</span> <span class='ocrx_word' id='word_1_201' title='bbox 708 2538 932 2592; x_wconf 75' lang='lat' dir='ltr'>Salamina]</span> <span class='ocrx_word' id='word_1_202' title='bbox 963 2539 1092 2582; x_wconf 81' lang='lat' dir='ltr'>Quod</span> <span class='ocrx_word' id='word_1_203' title='bbox 1130 2552 1185 2583; x_wconf 78' lang='lat' dir='ltr'>ex</span> 
     </span>
     <span class='ocr_line' id='line_1_37' title="bbox 299 2600 1182 2654; baseline 0.003 -14"><span class='ocrx_word' id='word_1_204' title='bbox 299 2600 525 2642; x_wconf 84' lang='lat' dir='ltr'>Herodoto</span> <span class='ocrx_word' id='word_1_205' title='bbox 549 2602 792 2654; x_wconf 82' lang='lat' dir='ltr'>intelligere</span> <span class='ocrx_word' id='word_1_206' title='bbox 813 2602 947 2643; x_wconf 69' lang='lat' dir='ltr'>licet·</span> <span class='ocrx_word' id='word_1_207' title='bbox 937 2614 981 2643; x_wconf 86' lang='grc' dir='ltr'>ιιι</span> <span class='ocrx_word' id='word_1_208' title='bbox 1009 2602 1182 2644; x_wconf 81' lang='lat' dir='ltr'><strong>Urania.</strong></span> 
     </span>
     <span class='ocr_line' id='line_1_38' title="bbox 299 2666 1184 2721; baseline 0.002 -12"><span class='ocrx_word' id='word_1_209' title='bbox 299 2666 386 2713; x_wconf 83' lang='lat' dir='ltr'>Ubi</span> <span class='ocrx_word' id='word_1_210' title='bbox 411 2673 556 2709; x_wconf 84' lang='lat' dir='ltr'>narrat</span> <span class='ocrx_word' id='word_1_211' title='bbox 572 2670 828 2721; x_wconf 85' lang='lat' dir='ltr'>praeclarum</span> <span class='ocrx_word' id='word_1_212' title='bbox 848 2673 893 2709; x_wconf 89' lang='lat' dir='ltr'>et</span> <span class='ocrx_word' id='word_1_213' title='bbox 907 2668 1184 2711; x_wconf 77' lang='lat' dir='ltr'>memorabile</span> 
     </span>
     <span class='ocr_line' id='line_1_39' title="bbox 301 2729 1184 2782; baseline 0 -12"><span class='ocrx_word' id='word_1_214' title='bbox 301 2730 395 2782; x_wconf 81' lang='lat' dir='ltr'>ejus</span> <span class='ocrx_word' id='word_1_215' title='bbox 404 2729 586 2772; x_wconf 85' lang='lat' dir='ltr'>facinus.</span> <span class='ocrx_word' id='word_1_216' title='bbox 617 2730 846 2772; x_wconf 78' lang='lat' dir='ltr'>Lambinus</span> <span class='ocrx_word' id='word_1_217' title='bbox 857 2731 1004 2772; x_wconf 90' lang='lat' dir='ltr'>mallet</span> <span class='ocrx_word' id='word_1_218' title='bbox 1017 2730 1184 2772; x_wconf 75' lang='lat' dir='ltr'>Salami-</span> 
     </span>
     <span class='ocr_line' id='line_1_40' title="bbox 299 2793 1184 2837; baseline 0.001 -2"><span class='ocrx_word' id='word_1_219' title='bbox 299 2805 391 2835; x_wconf 73' lang='lat' dir='ltr'>uam</span> <span class='ocrx_word' id='word_1_220' title='bbox 408 2799 483 2835; x_wconf 81' lang='lat' dir='ltr'>aut</span> <span class='ocrx_word' id='word_1_221' title='bbox 501 2794 764 2836; x_wconf 81' lang='lat' dir='ltr'>Salaminem.-</span> <span class='ocrx_word' id='word_1_222' title='bbox 785 2796 900 2835; x_wconf 83' lang='lat' dir='ltr'>nulla</span> <span class='ocrx_word' id='word_1_223' title='bbox 913 2793 1184 2837; x_wconf 76' lang='lat' dir='ltr'>necessitate.</span> 
     </span>
    </p>

    <p class='ocr_par' dir='ltr' id='par_1_8' title="bbox 300 2857 713 2910">
     <span class='ocr_line' id='line_1_41' title="bbox 300 2857 713 2910; baseline 0.005 -13"><span class='ocrx_word' id='word_1_224' title='bbox 300 2857 399 2898; x_wconf 83' lang='lat' dir='ltr'>Vid.</span> <span class='ocrx_word' id='word_1_225' title='bbox 419 2871 511 2910; x_wconf 81' lang='lat' dir='ltr'>sup.</span> <span class='ocrx_word' id='word_1_226' title='bbox 531 2859 585 2899; x_wconf 88' lang='lat' dir='ltr'>ad</span> <span class='ocrx_word' id='word_1_227' title='bbox 604 2870 654 2899; x_wconf 90' lang='grc' dir='ltr'><strong>ιι.</strong></span> <span class='ocrx_word' id='word_1_228' title='bbox 673 2862 713 2900; x_wconf 90' lang='grc'>2.</span> 
     </span>
    </p>

    <p class='ocr_par' dir='ltr' id='par_1_9' title="bbox 301 2871 1193 3545">
     <span class='ocr_line' id='line_1_42' title="bbox 301 2871 1186 2975; baseline 0.005 -17"><span class='ocrx_word' id='word_1_229' title='bbox 301 2941 306 2946; x_wconf 29' lang='grc' dir='ltr'><strong>Δ</strong></span> <span class='ocrx_word' id='word_1_230' title='bbox 358 2920 467 2960; x_wconf 79' lang='lat' dir='ltr'>Idem</span> <span class='ocrx_word' id='word_1_231' title='bbox 515 2921 675 2961; x_wconf 74' lang='lat' dir='ltr'>Proetor</span> <span class='ocrx_word' id='word_1_232' title='bbox 727 2921 817 2970; x_wconf 78' lang='lat' dir='ltr'>fuit</span> <span class='ocrx_word' id='word_1_233' title='bbox 866 2871 1186 2975; x_wconf 78' lang='lat' dir='ltr'>Atheniensium]</span> 
     </span>
     <span class='ocr_line' id='line_1_43' title="bbox 313 2983 1186 3038; baseline 0.003 -14"><span class='ocrx_word' id='word_1_234' title='bbox 313 2986 454 3034; x_wconf 75' lang='grc' dir='ltr'>Αρχων</span> <span class='ocrx_word' id='word_1_235' title='bbox 489 2983 582 3023; x_wconf 90' lang='lat' dir='ltr'>sine</span> <span class='ocrx_word' id='word_1_236' title='bbox 618 2988 749 3036; x_wconf 81' lang='lat' dir='ltr'>sorte,</span> <span class='ocrx_word' id='word_1_237' title='bbox 799 2985 970 3026; x_wconf 84' lang='lat' dir='ltr'>virtutis</span> <span class='ocrx_word' id='word_1_238' title='bbox 1021 2998 1186 3038; x_wconf 79' lang='lat' dir='ltr'>magnae</span> 
     </span>
     <span class='ocr_line' id='line_1_44' title="bbox 302 3047 1188 3099; baseline 0.001 -12"><span class='ocrx_word' id='word_1_239' title='bbox 302 3059 423 3099; x_wconf 78' lang='lat' dir='ltr'>crgo,</span> <span class='ocrx_word' id='word_1_240' title='bbox 453 3052 583 3088; x_wconf 85' lang='lat' dir='ltr'>extra</span> <span class='ocrx_word' id='word_1_241' title='bbox 616 3047 809 3089; x_wconf 84' lang='lat' dir='ltr'>ordinem</span> <span class='ocrx_word' id='word_1_242' title='bbox 849 3048 1029 3089; x_wconf 87' lang='lat' dir='ltr'>electus.</span> <span class='ocrx_word' id='word_1_243' title='bbox 1085 3049 1188 3088; x_wconf 89' lang='lat' dir='ltr'>Plu-</span> 
     </span>
     <span class='ocr_line' id='line_1_45' title="bbox 303 3109 1189 3163; baseline 0.002 -14"><span class='ocrx_word' id='word_1_244' title='bbox 303 3110 481 3150; x_wconf 79' lang='lat' dir='ltr'>tarchus</span> <span class='ocrx_word' id='word_1_245' title='bbox 501 3110 544 3150; x_wconf 85' lang='lat' dir='ltr'>in</span> <span class='ocrx_word' id='word_1_246' title='bbox 565 3110 660 3163; x_wconf 88' lang='lat' dir='ltr'>ejus</span> <span class='ocrx_word' id='word_1_247' title='bbox 679 3111 769 3151; x_wconf 88' lang='lat' dir='ltr'>vita</span> <span class='ocrx_word' id='word_1_248' title='bbox 787 3110 920 3152; x_wconf 88' lang='lat' dir='ltr'>docet</span> <span class='ocrx_word' id='word_1_249' title='bbox 947 3122 1002 3151; x_wconf 86' lang='lat' dir='ltr'>ex</span> <span class='ocrx_word' id='word_1_250' title='bbox 1018 3109 1189 3151; x_wconf 80' lang='lat' dir='ltr'>Idome-</span> 
     </span>
     <span class='ocr_line' id='line_1_46' title="bbox 305 3172 1190 3226; baseline 0.002 -15"><span class='ocrx_word' id='word_1_251' title='bbox 305 3185 386 3212; x_wconf 84' lang='lat' dir='ltr'>neo</span> <span class='ocrx_word' id='word_1_252' title='bbox 406 3185 415 3212; x_wconf 90' lang='lat'><strong>:</strong></span> <span class='ocrx_word' id='word_1_253' title='bbox 448 3173 523 3212; x_wconf 80' lang='lat' dir='ltr'>Kal</span> <span class='ocrx_word' id='word_1_254' title='bbox 539 3173 617 3223; x_wconf 79' lang='grc' dir='ltr'>μὴν</span> <span class='ocrx_word' id='word_1_255' title='bbox 632 3172 739 3226; x_wconf 73' lang='grc' dir='ltr'><strong>ἄρξαι</strong></span> <span class='ocrx_word' id='word_1_256' title='bbox 756 3187 807 3225; x_wconf 78' lang='grc' dir='ltr'>’γε</span> <span class='ocrx_word' id='word_1_257' title='bbox 822 3172 894 3214; x_wconf 69' lang='grc' dir='ltr'>τὸν</span> <span class='ocrx_word' id='word_1_258' title='bbox 910 3172 1149 3225; x_wconf 73' lang='grc' dir='ltr'><strong><em>Ἀριστείδην</em></strong></span> <span class='ocrx_word' id='word_1_259' title='bbox 1167 3173 1190 3213; x_wconf 73' lang='grc' dir='ltr'><strong>ὁ</strong></span> 
     </span>
     <span class='ocr_line' id='line_1_47' title="bbox 303 3235 1191 3288; baseline 0.003 -14"><span class='ocrx_word' id='word_1_260' title='bbox 303 3236 526 3285; x_wconf 80' lang='grc' dir='ltr'>Ἰδομενεὺς,</span> <span class='ocrx_word' id='word_1_261' title='bbox 552 3237 596 3276; x_wconf 76' lang='grc' dir='ltr'>οὔ</span> <span class='ocrx_word' id='word_1_262' title='bbox 627 3236 854 3288; x_wconf 79' lang='grc' dir='ltr'>κυαμευτὸν,</span> <span class='ocrx_word' id='word_1_263' title='bbox 886 3236 978 3277; x_wconf 75' lang='grc' dir='ltr'>ἀλλ’</span> <span class='ocrx_word' id='word_1_264' title='bbox 997 3235 1191 3287; x_wconf 77' lang='grc' dir='ltr'>ἑλομένων</span> 
     </span>
     <span class='ocr_line' id='line_1_48' title="bbox 309 3296 1191 3350; baseline 0.005 -13"><span class='ocrx_word' id='word_1_265' title='bbox 309 3296 531 3349; x_wconf 80' lang='grc' dir='ltr'>Ἀθηναίων,</span> <span class='ocrx_word' id='word_1_266' title='bbox 547 3300 680 3350; x_wconf 78' lang='grc' dir='ltr'><strong>φησίν.</strong></span> <span class='ocrx_word' id='word_1_267' title='bbox 735 3301 849 3342; x_wconf 79' lang='lat' dir='ltr'>Vide</span> <span class='ocrx_word' id='word_1_268' title='bbox 867 3299 992 3343; x_wconf 78' lang='lat' dir='ltr'>Joau.</span> <span class='ocrx_word' id='word_1_269' title='bbox 1010 3300 1191 3341; x_wconf 77' lang='lat' dir='ltr'>Menrsii</span> 
     </span>
     <span class='ocr_line' id='line_1_49' title="bbox 304 3360 1193 3406; baseline 0.004 -5"><span class='ocrx_word' id='word_1_270' title='bbox 304 3360 550 3402; x_wconf 63' lang='lat' dir='ltr'>&gt;Archontes</span> <span class='ocrx_word' id='word_1_271' title='bbox 574 3364 681 3403; x_wconf 91' lang='lat' dir='ltr'>libro</span> <span class='ocrx_word' id='word_1_272' title='bbox 702 3376 733 3405; x_wconf 85' lang='lat'>1.</span> <span class='ocrx_word' id='word_1_273' title='bbox 766 3377 806 3405; x_wconf 85' lang='lat' dir='ltr'>c.</span> <span class='ocrx_word' id='word_1_274' title='bbox 826 3368 866 3405; x_wconf 83' lang='lat'>9.</span> <span class='ocrx_word' id='word_1_275' title='bbox 921 3364 1093 3405; x_wconf 87' lang='lat' dir='ltr'>Praetor</span> <span class='ocrx_word' id='word_1_276' title='bbox 1111 3364 1193 3406; x_wconf 89' lang='lat' dir='ltr'>hoc</span> 
     </span>
     <span class='ocr_line' id='line_1_50' title="bbox 308 3426 1193 3481; baseline 0.006 -17"><span class='ocrx_word' id='word_1_277' title='bbox 308 3426 404 3464; x_wconf 83' lang='lat' dir='ltr'>loco</span> <span class='ocrx_word' id='word_1_278' title='bbox 440 3426 678 3479; x_wconf 76' lang='grc' dir='ltr'><strong><em>Στρατηγός.</em></strong></span> <span class='ocrx_word' id='word_1_279' title='bbox 744 3428 793 3466; x_wconf 81' lang='lat' dir='ltr'>Oi</span> <span class='ocrx_word' id='word_1_280' title='bbox 828 3426 1049 3481; x_wconf 73' lang='grc' dir='ltr'><strong><em>Στρατηγοὶ</em></strong></span> <span class='ocrx_word' id='word_1_281' title='bbox 1084 3427 1193 3470; x_wconf 84' lang='lat' dir='ltr'>dicti</span> 
     </span>
     <span class='ocr_line' id='line_1_51' title="bbox 310 3488 1191 3545; baseline 0.002 -14"><span class='ocrx_word' id='word_1_282' title='bbox 310 3488 456 3540; x_wconf 74' lang='lat' dir='ltr'>etiam,</span> <span class='ocrx_word' id='word_1_283' title='bbox 511 3490 582 3543; x_wconf 91' lang='lat' dir='ltr'>qui</span> <span class='ocrx_word' id='word_1_284' title='bbox 630 3502 838 3532; x_wconf 81' lang='lat' dir='ltr'>summum</span> <span class='ocrx_word' id='word_1_285' title='bbox 900 3491 1191 3545; x_wconf 79' lang='lat' dir='ltr'>magistratum</span> 
     </span>
    </p>
   </div>
   <div class='ocr_carea' id='block_1_3' title="bbox 666 263 1423 315">
    <p class='ocr_par' dir='ltr' id='par_1_10' title="bbox 666 263 1423 315">
     <span class='ocr_line' id='line_1_52' title="bbox 666 263 1423 315; baseline 0 -5"><span class='ocrx_word' id='word_1_286' title='bbox 666 271 847 310; x_wconf 79' lang='lat' dir='ltr'>NOTAE</span> <span class='ocrx_word' id='word_1_287' title='bbox 886 265 1222 315; x_wconf 76' lang='lat' dir='ltr'>VARIORUM</span> <span class='ocrx_word' id='word_1_288' title='bbox 1265 263 1423 310; x_wconf 17' lang='lat' dir='ltr'>lNHG.</span> 
     </span>
    </p>
   </div>
   <div class='ocr_carea' id='block_1_4' title="bbox 1464 262 1727 312">
    <p class='ocr_par' dir='ltr' id='par_1_11' title="bbox 1464 262 1727 312">
     <span class='ocr_line' id='line_1_53' title="bbox 1464 262 1727 312; baseline 0.004 -1"><span class='ocrx_word' id='word_1_289' title='bbox 1464 262 1727 312; x_wconf 63' lang='lat' dir='ltr'>Nero&#39;rls</span> 
     </span>
    </p>
   </div>
   <div class='ocr_carea' id='block_1_5' title="bbox 1225 387 2139 3544">
    <p class='ocr_par' dir='ltr' id='par_1_12' title="bbox 1225 387 2119 1570">
     <span class='ocr_line' id='line_1_54' title="bbox 1226 387 2106 443; baseline 0.002 -15"><span class='ocrx_word' id='word_1_290' title='bbox 1226 387 1427 441; x_wconf 75' lang='grc' dir='ltr'><strong><em>ἀρχόντων</em></strong></span> <span class='ocrx_word' id='word_1_291' title='bbox 1446 394 1638 442; x_wconf 82' lang='lat' dir='ltr'>tenuere,</span> <span class='ocrx_word' id='word_1_292' title='bbox 1671 389 1784 431; x_wconf 85' lang='lat' dir='ltr'>inter</span> <span class='ocrx_word' id='word_1_293' title='bbox 1801 401 1904 443; x_wconf 90' lang='lat' dir='ltr'>quos</span> <span class='ocrx_word' id='word_1_294' title='bbox 1931 388 2023 429; x_wconf 84' lang='lat' dir='ltr'>sine</span> <span class='ocrx_word' id='word_1_295' title='bbox 2041 387 2106 430; x_wconf 77' lang='lat' dir='ltr'>fa&#39;·</span> 
     </span>
     <span class='ocr_line' id='line_1_55' title="bbox 1225 451 2107 505; baseline 0 -13"><span class='ocrx_word' id='word_1_296' title='bbox 1225 452 1291 493; x_wconf 87' lang='lat' dir='ltr'>bis</span> <span class='ocrx_word' id='word_1_297' title='bbox 1308 453 1449 494; x_wconf 82' lang='lat' dir='ltr'>missis</span> <span class='ocrx_word' id='word_1_298' title='bbox 1469 453 1697 495; x_wconf 75' lang='lat' dir='ltr'>Aristides.</span> <span class='ocrx_word' id='word_1_299' title='bbox 1749 453 1870 495; x_wconf 82' lang='lat' dir='ltr'>¹Hinc</span> <span class='ocrx_word' id='word_1_300' title='bbox 1884 451 2107 505; x_wconf 80' lang='lat' dir='ltr'>Ennapins</span> 
     </span>
     <span class='ocr_line' id='line_1_56' title="bbox 1227 513 2111 569; baseline 0 -14"><span class='ocrx_word' id='word_1_301' title='bbox 1227 515 1517 568; x_wconf 77' lang='lat' dir='ltr'>aequipollenti</span> <span class='ocrx_word' id='word_1_302' title='bbox 1542 516 1734 558; x_wconf 87' lang='lat' dir='ltr'>dictione</span> <span class='ocrx_word' id='word_1_303' title='bbox 1762 513 2111 569; x_wconf 62' lang='lat' dir='ltr'>wparovrevdpxm&#39;?</span> 
     </span>
     <span class='ocr_line' id='line_1_57' title="bbox 1226 573 2111 630; baseline 0.001 -13"><span class='ocrx_word' id='word_1_304' title='bbox 1226 580 1477 630; x_wconf 87' lang='lat' dir='ltr'>appellavit,</span> <span class='ocrx_word' id='word_1_305' title='bbox 1514 580 1557 619; x_wconf 89' lang='lat' dir='ltr'>iu</span> <span class='ocrx_word' id='word_1_306' title='bbox 1587 580 1679 620; x_wconf 90' lang='lat' dir='ltr'>vita</span> <span class='ocrx_word' id='word_1_307' title='bbox 1711 579 1979 621; x_wconf 60' lang='lat' dir='ltr'>Proaeresii.‘</span> <span class='ocrx_word' id='word_1_308' title='bbox 2021 573 2111 619; x_wconf 81' lang='lat' dir='ltr'>Ubi</span> 
     </span>
     <span class='ocr_line' id='line_1_58' title="bbox 1227 641 2110 696; baseline 0.002 -15"><span class='ocrx_word' id='word_1_309' title='bbox 1227 641 1425 694; x_wconf 86' lang='lat' dir='ltr'>observa,</span> <span class='ocrx_word' id='word_1_310' title='bbox 1454 655 1536 683; x_wconf 89' lang='lat' dir='ltr'>non</span> <span class='ocrx_word' id='word_1_311' title='bbox 1559 643 1641 684; x_wconf 91' lang='lat' dir='ltr'>sibi</span> <span class='ocrx_word' id='word_1_312' title='bbox 1653 644 1831 696; x_wconf 86' lang='lat' dir='ltr'>elegisse</span> <span class='ocrx_word' id='word_1_313' title='bbox 1845 642 2110 684; x_wconf 88' lang='lat' dir='ltr'>Archontem</span> 
     </span>
     <span class='ocr_line' id='line_1_59' title="bbox 1228 704 2112 758; baseline 0.003 -14"><span class='ocrx_word' id='word_1_314' title='bbox 1228 716 1253 744; x_wconf 91' lang='lat' dir='ltr'>e</span> <span class='ocrx_word' id='word_1_315' title='bbox 1278 704 1442 745; x_wconf 88' lang='lat' dir='ltr'>civibus</span> <span class='ocrx_word' id='word_1_316' title='bbox 1473 705 1560 746; x_wconf 85' lang='lat' dir='ltr'>suis</span> <span class='ocrx_word' id='word_1_317' title='bbox 1593 707 1892 758; x_wconf 86' lang='lat' dir='ltr'>Athenienses,</span> <span class='ocrx_word' id='word_1_318' title='bbox 1925 711 1974 748; x_wconf 88' lang='lat' dir='ltr'>ut</span> <span class='ocrx_word' id='word_1_319' title='bbox 2005 704 2112 747; x_wconf 79' lang='lat' dir='ltr'>sole-</span> 
     </span>
     <span class='ocr_line' id='line_1_60' title="bbox 1230 767 2110 822; baseline 0.002 -15"><span class='ocrx_word' id='word_1_320' title='bbox 1230 767 1351 819; x_wconf 82' lang='lat' dir='ltr'>bant,</span> <span class='ocrx_word' id='word_1_321' title='bbox 1382 768 1457 808; x_wconf 86' lang='lat' dir='ltr'>sed</span> <span class='ocrx_word' id='word_1_322' title='bbox 1477 768 1532 808; x_wconf 87' lang='lat' dir='ltr'>ab</span> <span class='ocrx_word' id='word_1_323' title='bbox 1563 769 1838 822; x_wconf 81' lang='lat' dir='ltr'>Imperatore</span> <span class='ocrx_word' id='word_1_324' title='bbox 1871 767 2110 822; x_wconf 64' lang='lat' dir='ltr'>accepisse}</span> 
     </span>
     <span class='ocr_line' id='line_1_61' title="bbox 1232 830 2113 886; baseline 0.002 -15"><span class='ocrx_word' id='word_1_325' title='bbox 1232 832 1348 872; x_wconf 88' lang='lat' dir='ltr'>Hinc</span> <span class='ocrx_word' id='word_1_326' title='bbox 1378 830 1508 882; x_wconf 73' lang='grc' dir='ltr'>μέγας</span> <span class='ocrx_word' id='word_1_327' title='bbox 1537 832 1775 885; x_wconf 71' lang='grc' dir='ltr'><strong><em>στρατηγὸς,</em></strong></span> <span class='ocrx_word' id='word_1_328' title='bbox 1803 838 1848 873; x_wconf 87' lang='lat' dir='ltr'>et</span> <span class='ocrx_word' id='word_1_329' title='bbox 1865 830 1990 886; x_wconf 75' lang='grc' dir='ltr'><strong><em>μέγας</em></strong></span> <span class='ocrx_word' id='word_1_330' title='bbox 2006 831 2113 882; x_wconf 53' lang='lat' dir='ltr'>dciii,</span> 
     </span>
     <span class='ocr_line' id='line_1_62' title="bbox 1232 895 2112 948; baseline 0.002 -14"><span class='ocrx_word' id='word_1_331' title='bbox 1232 895 1418 947; x_wconf 87' lang='lat' dir='ltr'>gloriosa</span> <span class='ocrx_word' id='word_1_332' title='bbox 1463 896 1632 936; x_wconf 87' lang='lat' dir='ltr'>nomina</span> <span class='ocrx_word' id='word_1_333' title='bbox 1669 896 1783 948; x_wconf 88' lang='lat' dir='ltr'>apud</span> <span class='ocrx_word' id='word_1_334' title='bbox 1818 896 2112 948; x_wconf 79' lang='lat' dir='ltr'>Nicephorum</span> 
     </span>
     <span class='ocr_line' id='line_1_63' title="bbox 1231 952 2112 1012; baseline 0 -14"><span class='ocrx_word' id='word_1_335' title='bbox 1231 957 1468 1009; x_wconf 77' lang='lat' dir='ltr'>Gregoram</span> <span class='ocrx_word' id='word_1_336' title='bbox 1504 964 1550 999; x_wconf 90' lang='lat' dir='ltr'>et</span> <span class='ocrx_word' id='word_1_337' title='bbox 1594 959 1714 1002; x_wconf 84' lang='lat' dir='ltr'>alios.</span> <span class='ocrx_word' id='word_1_338' title='bbox 1785 957 1869 999; x_wconf 82' lang='lat' dir='ltr'>Sed</span> <span class='ocrx_word' id='word_1_339' title='bbox 1905 952 2112 1012; x_wconf 76' lang='lat' dir='ltr'>deinceps</span> 
     </span>
     <span class='ocr_line' id='line_1_64' title="bbox 1232 1020 2114 1074; baseline 0.001 -13"><span class='ocrx_word' id='word_1_340' title='bbox 1232 1020 1383 1072; x_wconf 87' lang='lat' dir='ltr'>Magni</span> <span class='ocrx_word' id='word_1_341' title='bbox 1413 1027 1743 1074; x_wconf 87' lang='lat' dir='ltr'>cognomentum</span> <span class='ocrx_word' id='word_1_342' title='bbox 1775 1021 2030 1073; x_wconf 86' lang='lat' dir='ltr'>abrogatum</span> <span class='ocrx_word' id='word_1_343' title='bbox 2064 1026 2114 1062; x_wconf 86' lang='lat' dir='ltr'>et</span> 
     </span>
     <span class='ocr_line' id='line_1_65' title="bbox 1231 1080 2114 1137; baseline -0.001 -14"><span class='ocrx_word' id='word_1_344' title='bbox 1231 1082 1366 1124; x_wconf 77' lang='grc' dir='ltr'><strong>ἅπλῶς</strong></span> <span class='ocrx_word' id='word_1_345' title='bbox 1410 1085 1558 1125; x_wconf 86' lang='lat' dir='ltr'>Duces</span> <span class='ocrx_word' id='word_1_346' title='bbox 1605 1084 1825 1137; x_wconf 83' lang='lat' dir='ltr'>appellati.</span> <span class='ocrx_word' id='word_1_347' title='bbox 1855 1120 1857 1122; x_wconf 89' lang='lat'><strong>.</strong></span> <span class='ocrx_word' id='word_1_348' title='bbox 1898 1080 2114 1124; x_wconf 76' lang='lat' dir='ltr'>Laonicus</span> 
     </span>
     <span class='ocr_line' id='line_1_66' title="bbox 1234 1144 2115 1199; baseline -0.005 -10"><span class='ocrx_word' id='word_1_349' title='bbox 1234 1147 1547 1199; x_wconf 84' lang='lat' dir='ltr'>Chalcondyles</span> <span class='ocrx_word' id='word_1_350' title='bbox 1566 1145 1829 1188; x_wconf 83' lang='lat' dir='ltr'>Athenarum</span> <span class='ocrx_word' id='word_1_351' title='bbox 1858 1144 2033 1198; x_wconf 74' lang='grc' dir='ltr'>ἡγεμόνα</span> <span class='ocrx_word' id='word_1_352' title='bbox 2048 1145 2115 1185; x_wconf 81' lang='lat' dir='ltr'>di·-</span> 
     </span>
     <span class='ocr_line' id='line_1_67' title="bbox 1232 1210 2118 1263; baseline 0.001 -14"><span class='ocrx_word' id='word_1_353' title='bbox 1232 1210 1309 1260; x_wconf 84' lang='lat' dir='ltr'>cit,</span> <span class='ocrx_word' id='word_1_354' title='bbox 1342 1221 1404 1251; x_wconf 76' lang='grc' dir='ltr'>ιν.</span> <span class='ocrx_word' id='word_1_355' title='bbox 1460 1211 1557 1253; x_wconf 81' lang='lat' dir='ltr'>Quo</span> <span class='ocrx_word' id='word_1_356' title='bbox 1595 1222 1724 1250; x_wconf 87' lang='lat' dir='ltr'>sensu</span> <span class='ocrx_word' id='word_1_357' title='bbox 1760 1210 2053 1263; x_wconf 77' lang='lat' dir='ltr'>Imperatores</span> <span class='ocrx_word' id='word_1_358' title='bbox 2086 1219 2118 1249; x_wconf 74' lang='lat' dir='ltr'>‘a</span> 
     </span>
     <span class='ocr_line' id='line_1_68' title="bbox 1234 1267 2117 1326; baseline -0.001 -12"><span class='ocrx_word' id='word_1_359' title='bbox 1234 1273 1440 1314; x_wconf 86' lang='lat' dir='ltr'>militibus</span> <span class='ocrx_word' id='word_1_360' title='bbox 1454 1273 1675 1324; x_wconf 85' lang='lat' dir='ltr'>nominati,</span> <span class='ocrx_word' id='word_1_361' title='bbox 1689 1272 1762 1326; x_wconf 81' lang='lat' dir='ltr'>qui</span> <span class='ocrx_word' id='word_1_362' title='bbox 1777 1272 2002 1325; x_wconf 87' lang='lat' dir='ltr'>imperium</span> <span class='ocrx_word' id='word_1_363' title='bbox 2013 1267 2117 1313; x_wconf 77' lang='lat' dir='ltr'>belli</span> 
     </span>
     <span class='ocr_line' id='line_1_69' title="bbox 1235 1334 2118 1390; baseline -0.003 -12"><span class='ocrx_word' id='word_1_364' title='bbox 1235 1338 1322 1378; x_wconf 89' lang='lat' dir='ltr'>suis</span> <span class='ocrx_word' id='word_1_365' title='bbox 1342 1337 1547 1390; x_wconf 84' lang='lat' dir='ltr'>auspiciis</span> <span class='ocrx_word' id='word_1_366' title='bbox 1568 1336 1894 1378; x_wconf 82' lang='lat' dir='ltr'>administrandi</span> <span class='ocrx_word' id='word_1_367' title='bbox 1913 1348 1937 1376; x_wconf 86' lang='lat' dir='ltr'>a</span> <span class='ocrx_word' id='word_1_368' title='bbox 1957 1334 2118 1388; x_wconf 74' lang='lat' dir='ltr'>populo</span> 
     </span>
     <span class='ocr_line' id='line_1_70' title="bbox 1234 1401 2119 1455; baseline -0.003 -12"><span class='ocrx_word' id='word_1_369' title='bbox 1234 1401 1515 1455; x_wconf 77' lang='lat' dir='ltr'>accepissent.</span> <span class='ocrx_word' id='word_1_370' title='bbox 1571 1401 1700 1442; x_wconf 90' lang='lat' dir='ltr'>Hunc</span> <span class='ocrx_word' id='word_1_371' title='bbox 1711 1402 1914 1450; x_wconf 83' lang='lat' dir='ltr'>Veteres,</span> <span class='ocrx_word' id='word_1_372' title='bbox 1929 1404 1979 1440; x_wconf 80' lang='lat' dir='ltr'>ut</span> <span class='ocrx_word' id='word_1_373' title='bbox 1990 1403 2119 1440; x_wconf 80' lang='lat' dir='ltr'>notat</span> 
     </span>
     <span class='ocr_line' id='line_1_71' title="bbox 1235 1462 2119 1516; baseline -0.006 -9"><span class='ocrx_word' id='word_1_374' title='bbox 1235 1465 1503 1508; x_wconf 87' lang='lat' dir='ltr'>Justinianns</span> <span class='ocrx_word' id='word_1_375' title='bbox 1537 1464 1582 1504; x_wconf 89' lang='lat' dir='ltr'>in</span> <span class='ocrx_word' id='word_1_376' title='bbox 1629 1463 1840 1516; x_wconf 75' lang='lat' dir='ltr'>Noveffis,</span> <span class='ocrx_word' id='word_1_377' title='bbox 1874 1462 2119 1504; x_wconf 81' lang='lat' dir='ltr'>Praetorem</span> 
     </span>
     <span class='ocr_line' id='line_1_72' title="bbox 1234 1527 1743 1570; baseline -0.004 -1"><span class='ocrx_word' id='word_1_378' title='bbox 1234 1533 1513 1570; x_wconf 79' lang='lat' dir='ltr'>vocaverunt.</span> <span class='ocrx_word' id='word_1_379' title='bbox 1543 1527 1743 1568; x_wconf 74' lang='lat' dir='ltr'>Keuclten.</span> 
     </span>
    </p>

    <p class='ocr_par' dir='ltr' id='par_1_13' title="bbox 1236 1586 2125 1961">
     <span class='ocr_line' id='line_1_73' title="bbox 1290 1586 2121 1642; baseline -0.006 -11"><span class='ocrx_word' id='word_1_380' title='bbox 1290 1590 1547 1642; x_wconf 79' lang='lat' dir='ltr'>Mardonius]</span> <span class='ocrx_word' id='word_1_381' title='bbox 1576 1591 1798 1642; x_wconf 86' lang='lat' dir='ltr'>Satrapes,</span> <span class='ocrx_word' id='word_1_382' title='bbox 1829 1587 2005 1629; x_wconf 86' lang='lat' dir='ltr'>natione</span> <span class='ocrx_word' id='word_1_383' title='bbox 2024 1586 2121 1628; x_wconf 62' lang='lat' dir='ltr'>Me-</span> 
     </span>
     <span class='ocr_line' id='line_1_74' title="bbox 1236 1651 2119 1695; baseline -0.001 -1"><span class='ocrx_word' id='word_1_384' title='bbox 1236 1653 1331 1694; x_wconf 77' lang='lat' dir='ltr'>dus·</span> <span class='ocrx_word' id='word_1_385' title='bbox 1386 1654 1572 1695; x_wconf 85' lang='lat' dir='ltr'>Pausan.</span> <span class='ocrx_word' id='word_1_386' title='bbox 1629 1653 1836 1694; x_wconf 87' lang='lat' dir='ltr'>Nonnulli</span> <span class='ocrx_word' id='word_1_387' title='bbox 1872 1651 1984 1692; x_wconf 86' lang='lat' dir='ltr'>hunc</span> <span class='ocrx_word' id='word_1_388' title='bbox 2018 1662 2119 1693; x_wconf 84' lang='lat' dir='ltr'>cum</span> 
     </span>
     <span class='ocr_line' id='line_1_75' title="bbox 1239 1715 2121 1768; baseline -0.005 -10"><span class='ocrx_word' id='word_1_389' title='bbox 1239 1717 1517 1758; x_wconf 81' lang='lat' dir='ltr'>Mardochaeo</span> <span class='ocrx_word' id='word_1_390' title='bbox 1537 1715 1823 1768; x_wconf 81' lang='lat' dir='ltr'>confundunt,</span> <span class='ocrx_word' id='word_1_391' title='bbox 1852 1715 1924 1768; x_wconf 81' lang='lat' dir='ltr'>qui</span> <span class='ocrx_word' id='word_1_392' title='bbox 1941 1719 2121 1766; x_wconf 82' lang='lat' dir='ltr'>patruus</span> 
     </span>
     <span class='ocr_line' id='line_1_76' title="bbox 1238 1775 2122 1821; baseline -0.008 0"><span class='ocrx_word' id='word_1_393' title='bbox 1238 1780 1450 1821; x_wconf 85' lang='lat' dir='ltr'>Estherae.</span> <span class='ocrx_word' id='word_1_394' title='bbox 1507 1779 1676 1820; x_wconf 89' lang='lat' dir='ltr'>Nomen</span> <span class='ocrx_word' id='word_1_395' title='bbox 1694 1789 1778 1819; x_wconf 89' lang='lat' dir='ltr'>non</span> <span class='ocrx_word' id='word_1_396' title='bbox 1797 1775 2028 1818; x_wconf 85' lang='lat' dir='ltr'>admodum</span> <span class='ocrx_word' id='word_1_397' title='bbox 2046 1775 2122 1816; x_wconf 58' lang='lat' dir='ltr'>ab*</span> 
     </span>
     <span class='ocr_line' id='line_1_77' title="bbox 1239 1840 2125 1895; baseline -0.007 -11"><span class='ocrx_word' id='word_1_398' title='bbox 1239 1843 1366 1894; x_wconf 89' lang='lat' dir='ltr'>ludit,</span> <span class='ocrx_word' id='word_1_399' title='bbox 1396 1843 1472 1885; x_wconf 85' lang='lat' dir='ltr'>sed</span> <span class='ocrx_word' id='word_1_400' title='bbox 1504 1850 1626 1894; x_wconf 68' lang='lat' dir='ltr'>aetas,</span> <span class='ocrx_word' id='word_1_401' title='bbox 1655 1847 1785 1895; x_wconf 88' lang='lat' dir='ltr'>atque</span> <span class='ocrx_word' id='word_1_402' title='bbox 1815 1840 1911 1881; x_wconf 84' lang='lat' dir='ltr'>aliae</span> <span class='ocrx_word' id='word_1_403' title='bbox 1943 1840 2125 1882; x_wconf 74' lang='lat' dir='ltr'>circnm-</span> 
     </span>
     <span class='ocr_line' id='line_1_78' title="bbox 1240 1905 2102 1961; baseline -0.002 -12"><span class='ocrx_word' id='word_1_404' title='bbox 1240 1908 1414 1949; x_wconf 80' lang='lat' dir='ltr'>stantiae</span> <span class='ocrx_word' id='word_1_405' title='bbox 1436 1906 1552 1961; x_wconf 89' lang='lat' dir='ltr'>apud</span> <span class='ocrx_word' id='word_1_406' title='bbox 1571 1906 1854 1948; x_wconf 85' lang='lat' dir='ltr'>Herodotum.</span> <span class='ocrx_word' id='word_1_407' title='bbox 1882 1905 2102 1947; x_wconf 61' lang='lat' dir='ltr'>Ismenen.-</span> 
     </span>
    </p>

    <p class='ocr_par' dir='ltr' id='par_1_14' title="bbox 1240 1966 2126 2265">
     <span class='ocr_line' id='line_1_79' title="bbox 1295 1966 2125 2024; baseline -0.005 -11"><span class='ocrx_word' id='word_1_408' title='bbox 1295 1972 1443 2024; x_wconf 79' lang='lat' dir='ltr'>Fusus]</span> <span class='ocrx_word' id='word_1_409' title='bbox 1472 1971 1636 2024; x_wconf 89' lang='lat' dir='ltr'>Lapide</span> <span class='ocrx_word' id='word_1_410' title='bbox 1658 1981 1895 2023; x_wconf 84' lang='lat' dir='ltr'>percussus.</span> <span class='ocrx_word' id='word_1_411' title='bbox 1926 1970 2046 2010; x_wconf 85' lang='lat' dir='ltr'>Plut.</span> <span class='ocrx_word' id='word_1_412' title='bbox 2078 1966 2125 2009; x_wconf 72' lang='lat' dir='ltr'>in</span> 
     </span>
     <span class='ocr_line' id='line_1_80' title="bbox 1241 2031 2124 2087; baseline -0.006 -12"><span class='ocrx_word' id='word_1_413' title='bbox 1241 2032 1377 2075; x_wconf 82' lang='lat' dir='ltr'>Arist.</span> <span class='ocrx_word' id='word_1_414' title='bbox 1398 2033 1592 2087; x_wconf 88' lang='lat' dir='ltr'>Reliquit</span> <span class='ocrx_word' id='word_1_415' title='bbox 1611 2032 1728 2072; x_wconf 88' lang='lat' dir='ltr'>illum</span> <span class='ocrx_word' id='word_1_416' title='bbox 1748 2031 1790 2071; x_wconf 89' lang='lat' dir='ltr'>in</span> <span class='ocrx_word' id='word_1_417' title='bbox 1811 2031 1986 2072; x_wconf 75' lang='lat' dir='ltr'>Graecia</span> <span class='ocrx_word' id='word_1_418' title='bbox 2012 2031 2124 2072; x_wconf 86' lang='lat' dir='ltr'>Xer·</span> 
     </span>
     <span class='ocr_line' id='line_1_81' title="bbox 1240 2094 2124 2170; baseline -0.006 -32"><span class='ocrx_word' id='word_1_419' title='bbox 1240 2109 1318 2139; x_wconf 84' lang='lat' dir='ltr'>xes</span> <span class='ocrx_word' id='word_1_420' title='bbox 1337 2102 1436 2170; x_wconf 70' lang='lat' dir='ltr'>post</span> <span class='ocrx_word' id='word_1_421' title='bbox 1466 2095 1631 2138; x_wconf 86' lang='lat' dir='ltr'>cladem</span> <span class='ocrx_word' id='word_1_422' title='bbox 1663 2095 1954 2135; x_wconf 85' lang='lat' dir='ltr'>Salaminiam.</span> <span class='ocrx_word' id='word_1_423' title='bbox 1981 2094 2124 2135; x_wconf 53' lang='lat' dir='ltr'>Hero*</span> 
     </span>
     <span class='ocr_line' id='line_1_82' title="bbox 1242 2156 2126 2212; baseline -0.006 -9"><span class='ocrx_word' id='word_1_424' title='bbox 1242 2161 1332 2203; x_wconf 88' lang='lat' dir='ltr'>dot.</span> <span class='ocrx_word' id='word_1_425' title='bbox 1362 2161 1406 2202; x_wconf 84' lang='lat' dir='ltr'>in</span> <span class='ocrx_word' id='word_1_426' title='bbox 1426 2159 1635 2212; x_wconf 84' lang='lat' dir='ltr'>Calliope.</span> <span class='ocrx_word' id='word_1_427' title='bbox 1667 2157 1916 2200; x_wconf 86' lang='lat' dir='ltr'>Justin.x1.</span> <span class='ocrx_word' id='word_1_428' title='bbox 1943 2156 2126 2199; x_wconf 84' lang='lat' dir='ltr'>Orosius</span> 
     </span>
     <span class='ocr_line' id='line_1_83' title="bbox 1243 2234 1307 2267; baseline -0.02 -2"><span class='ocrx_word' id='word_1_429' title='bbox 1243 2234 1307 2267; x_wconf 80' lang='lat' dir='ltr'>xx.</span> 
     </span>
    </p>

    <p class='ocr_par' dir='ltr' id='par_1_15' title="bbox 1243 2282 2132 2907">
     <span class='ocr_line' id='line_1_84' title="bbox 1299 2282 2126 2339; baseline -0.001 -12"><span class='ocrx_word' id='word_1_430' title='bbox 1299 2286 1436 2339; x_wconf 77' lang='lat' dir='ltr'>Neque</span> <span class='ocrx_word' id='word_1_431' title='bbox 1451 2286 1564 2327; x_wconf 78' lang='lat' dir='ltr'>aliud</span> <span class='ocrx_word' id='word_1_432' title='bbox 1579 2289 1637 2327; x_wconf 83' lang='lat' dir='ltr'>est</span> <span class='ocrx_word' id='word_1_433' title='bbox 1655 2282 1795 2336; x_wconf 78' lang='lat' dir='ltr'>ullum]</span> <span class='ocrx_word' id='word_1_434' title='bbox 1818 2285 1931 2326; x_wconf 81' lang='lat' dir='ltr'>Sane</span> <span class='ocrx_word' id='word_1_435' title='bbox 1956 2285 2126 2337; x_wconf 79' lang='lat' dir='ltr'>Thucy</span> 
     </span>
     <span class='ocr_line' id='line_1_85' title="bbox 1243 2349 2129 2402; baseline 0.001 -12"><span class='ocrx_word' id='word_1_436' title='bbox 1243 2349 1368 2390; x_wconf 89' lang='lat' dir='ltr'>dides</span> <span class='ocrx_word' id='word_1_437' title='bbox 1389 2355 1434 2391; x_wconf 87' lang='lat' dir='ltr'>et</span> <span class='ocrx_word' id='word_1_438' title='bbox 1449 2349 1709 2393; x_wconf 86' lang='lat' dir='ltr'>Plutarchus</span> <span class='ocrx_word' id='word_1_439' title='bbox 1729 2361 1812 2389; x_wconf 89' lang='lat' dir='ltr'>non</span> <span class='ocrx_word' id='word_1_440' title='bbox 1832 2358 2005 2401; x_wconf 84' lang='lat' dir='ltr'>segnem</span> <span class='ocrx_word' id='word_1_441' title='bbox 2024 2360 2129 2402; x_wconf 86' lang='lat' dir='ltr'>ope-</span> 
     </span>
     <span class='ocr_line' id='line_1_86' title="bbox 1245 2411 2127 2466; baseline 0 -13"><span class='ocrx_word' id='word_1_442' title='bbox 1245 2425 1337 2453; x_wconf 86' lang='lat' dir='ltr'>ram</span> <span class='ocrx_word' id='word_1_443' title='bbox 1379 2413 1424 2453; x_wconf 89' lang='lat' dir='ltr'>in</span> <span class='ocrx_word' id='word_1_444' title='bbox 1460 2411 1736 2453; x_wconf 88' lang='lat' dir='ltr'>Marathonia</span> <span class='ocrx_word' id='word_1_445' title='bbox 1772 2424 1943 2466; x_wconf 87' lang='lat' dir='ltr'>quoque</span> <span class='ocrx_word' id='word_1_446' title='bbox 1979 2423 2127 2466; x_wconf 78' lang='lat' dir='ltr'>pugna</span> 
     </span>
     <span class='ocr_line' id='line_1_87' title="bbox 1246 2475 2129 2530; baseline -0.007 -11"><span class='ocrx_word' id='word_1_447' title='bbox 1246 2476 1359 2530; x_wconf 87' lang='lat' dir='ltr'>apud</span> <span class='ocrx_word' id='word_1_448' title='bbox 1378 2475 1636 2526; x_wconf 88' lang='lat' dir='ltr'>Miltiadem,</span> <span class='ocrx_word' id='word_1_449' title='bbox 1655 2487 1779 2528; x_wconf 88' lang='lat' dir='ltr'>quem</span> <span class='ocrx_word' id='word_1_450' title='bbox 1800 2475 1978 2516; x_wconf 89' lang='lat' dir='ltr'>consilio</span> <span class='ocrx_word' id='word_1_451' title='bbox 1995 2480 2042 2515; x_wconf 87' lang='lat' dir='ltr'>et</span> <span class='ocrx_word' id='word_1_452' title='bbox 2061 2486 2129 2516; x_wconf 77' lang='lat' dir='ltr'>sa·</span> 
     </span>
     <span class='ocr_line' id='line_1_88' title="bbox 1247 2536 2129 2593; baseline 0 -13"><span class='ocrx_word' id='word_1_453' title='bbox 1247 2539 1434 2593; x_wconf 84' lang='lat' dir='ltr'>gacitate</span> <span class='ocrx_word' id='word_1_454' title='bbox 1447 2539 1582 2592; x_wconf 89' lang='lat' dir='ltr'>juvit,</span> <span class='ocrx_word' id='word_1_455' title='bbox 1614 2538 1759 2579; x_wconf 90' lang='lat' dir='ltr'>abillo</span> <span class='ocrx_word' id='word_1_456' title='bbox 1787 2543 1986 2579; x_wconf 82' lang='lat' dir='ltr'>navatam</span> <span class='ocrx_word' id='word_1_457' title='bbox 2017 2536 2129 2591; x_wconf 57' lang='lat' dir='ltr'>prae&#39;·</span> 
     </span>
     <span class='ocr_line' id='line_1_89' title="bbox 1246 2600 2129 2655; baseline -0.001 -12"><span class='ocrx_word' id='word_1_458' title='bbox 1246 2604 1408 2644; x_wconf 87' lang='lat' dir='ltr'>dicant.</span> <span class='ocrx_word' id='word_1_459' title='bbox 1464 2603 1625 2643; x_wconf 89' lang='lat' dir='ltr'>Verum</span> <span class='ocrx_word' id='word_1_460' title='bbox 1643 2601 1743 2655; x_wconf 84' lang='lat' dir='ltr'>quia</span> <span class='ocrx_word' id='word_1_461' title='bbox 1767 2613 1852 2643; x_wconf 88' lang='lat' dir='ltr'>uon</span> <span class='ocrx_word' id='word_1_462' title='bbox 1881 2600 1966 2643; x_wconf 82' lang='lat' dir='ltr'>fuit</span> <span class='ocrx_word' id='word_1_463' title='bbox 1995 2601 2129 2643; x_wconf 83' lang='lat' dir='ltr'>ambi·</span> 
     </span>
     <span class='ocr_line' id='line_1_90' title="bbox 1247 2664 2131 2716; baseline -0.001 -8"><span class='ocrx_word' id='word_1_464' title='bbox 1247 2667 1399 2716; x_wconf 89' lang='lat' dir='ltr'>tiosus‚</span> <span class='ocrx_word' id='word_1_465' title='bbox 1428 2665 1650 2708; x_wconf 86' lang='lat' dir='ltr'>victoriam</span> <span class='ocrx_word' id='word_1_466' title='bbox 1681 2665 1833 2706; x_wconf 86' lang='lat' dir='ltr'>animis</span> <span class='ocrx_word' id='word_1_467' title='bbox 1858 2664 2131 2708; x_wconf 83' lang='lat' dir='ltr'>ferventiori·</span> 
     </span>
     <span class='ocr_line' id='line_1_91' title="bbox 1246 2728 2132 2782; baseline -0.001 -11"><span class='ocrx_word' id='word_1_468' title='bbox 1246 2730 1326 2771; x_wconf 84' lang='lat' dir='ltr'>bns</span> <span class='ocrx_word' id='word_1_469' title='bbox 1340 2729 1570 2780; x_wconf 89' lang='lat' dir='ltr'>concessit,</span> <span class='ocrx_word' id='word_1_470' title='bbox 1581 2734 1629 2769; x_wconf 89' lang='lat' dir='ltr'>ut</span> <span class='ocrx_word' id='word_1_471' title='bbox 1643 2728 1833 2769; x_wconf 88' lang='lat' dir='ltr'>Miltiadi</span> <span class='ocrx_word' id='word_1_472' title='bbox 1845 2729 2132 2782; x_wconf 81' lang='lat' dir='ltr'>Marathonae,</span> 
     </span>
     <span class='ocr_line' id='line_1_92' title="bbox 1245 2791 2132 2843; baseline -0.005 -9"><span class='ocrx_word' id='word_1_473' title='bbox 1245 2793 1524 2834; x_wconf 81' lang='lat' dir='ltr'>Themistocli</span> <span class='ocrx_word' id='word_1_474' title='bbox 1534 2791 1777 2843; x_wconf 80' lang='lat' dir='ltr'>Salaminae,</span> <span class='ocrx_word' id='word_1_475' title='bbox 1791 2791 2017 2834; x_wconf 67' lang='lat' dir='ltr'>Pausaniae</span> <span class='ocrx_word' id='word_1_476' title='bbox 2032 2791 2132 2835; x_wconf 66' lang='lat' dir='ltr'>Plao·</span> 
     </span>
     <span class='ocr_line' id='line_1_93' title="bbox 1248 2856 2126 2907; baseline -0.003 -9"><span class='ocrx_word' id='word_1_477' title='bbox 1248 2864 1361 2898; x_wconf 82' lang='lat' dir='ltr'>taeae.</span> <span class='ocrx_word' id='word_1_478' title='bbox 1387 2856 1552 2907; x_wconf 81' lang='lat' dir='ltr'>Longol.</span> <span class='ocrx_word' id='word_1_479' title='bbox 2014 2883 2021 2888; x_wconf 24' lang='grc' dir='ltr'>κ</span> <span class='ocrx_word' id='word_1_480' title='bbox 2123 2879 2126 2884; x_wconf 71' lang='lat'><em>›</em></span> 
     </span>
    </p>

    <p class='ocr_par' dir='ltr' id='par_1_16' title="bbox 1250 2917 2139 3544">
     <span class='ocr_line' id='line_1_94' title="bbox 1300 2917 2131 2971; baseline -0.002 -10"><span class='ocrx_word' id='word_1_481' title='bbox 1300 2921 1486 2961; x_wconf 66' lang='lat' dir='ltr'>‹Iustitia›</span> <span class='ocrx_word' id='word_1_482' title='bbox 1521 2931 1611 2960; x_wconf 79' lang='lat' dir='ltr'>vero</span> <span class='ocrx_word' id='word_1_483' title='bbox 1653 2924 1691 2959; x_wconf 84' lang='lat' dir='ltr'>et</span> <span class='ocrx_word' id='word_1_484' title='bbox 1739 2918 1940 2971; x_wconf 68' lang='lat' dir='ltr'>requitatis</span> <span class='ocrx_word' id='word_1_485' title='bbox 1987 2917 2131 2971; x_wconf 71' lang='lat' dir='ltr'>multa]</span> 
     </span>
     <span class='ocr_line' id='line_1_95' title="bbox 1253 2981 2133 3036; baseline -0.006 -12"><span class='ocrx_word' id='word_1_486' title='bbox 1253 2984 1463 3036; x_wconf 84' lang='lat' dir='ltr'>Exempla</span> <span class='ocrx_word' id='word_1_487' title='bbox 1493 2983 1586 3022; x_wconf 80' lang='lat' dir='ltr'>haec</span> <span class='ocrx_word' id='word_1_488' title='bbox 1617 2986 1922 3022; x_wconf 87' lang='lat' dir='ltr'>commemorat</span> <span class='ocrx_word' id='word_1_489' title='bbox 1951 2981 2133 3023; x_wconf 77' lang='lat' dir='ltr'>M.&#39;ru1.</span> 
     </span>
     <span class='ocr_line' id='line_1_96' title="bbox 1250 3044 2134 3098; baseline -0.003 -10"><span class='ocrx_word' id='word_1_490' title='bbox 1250 3048 1330 3088; x_wconf 90' lang='lat' dir='ltr'>lius</span> <span class='ocrx_word' id='word_1_491' title='bbox 1349 3047 1422 3088; x_wconf 91' lang='lat' dir='ltr'>lib.</span> <span class='ocrx_word' id='word_1_492' title='bbox 1437 3057 1507 3086; x_wconf 90' lang='grc' dir='ltr'><strong>ιιι.</strong></span> <span class='ocrx_word' id='word_1_493' title='bbox 1529 3044 1798 3095; x_wconf 86' lang='lat' dir='ltr'>Officiorum,</span> <span class='ocrx_word' id='word_1_494' title='bbox 1811 3045 1924 3098; x_wconf 90' lang='lat' dir='ltr'>quod</span> <span class='ocrx_word' id='word_1_495' title='bbox 1939 3046 2134 3091; x_wconf 54' lang='lat' dir='ltr'>Themisa</span> 
     </span>
     <span class='ocr_line' id='line_1_97' title="bbox 1250 3108 2133 3152; baseline 0 -1"><span class='ocrx_word' id='word_1_496' title='bbox 1250 3111 1386 3152; x_wconf 82' lang='lat' dir='ltr'>tocles</span> <span class='ocrx_word' id='word_1_497' title='bbox 1411 3108 1829 3150; x_wconf 75' lang='lat' dir='ltr'>Lacedaemoniorum</span> <span class='ocrx_word' id='word_1_498' title='bbox 1859 3109 2039 3150; x_wconf 87' lang='lat' dir='ltr'>classem</span> <span class='ocrx_word' id='word_1_499' title='bbox 2071 3111 2133 3151; x_wconf 88' lang='lat' dir='ltr'>in-</span> 
     </span>
     <span class='ocr_line' id='line_1_98' title="bbox 1250 3171 2138 3227; baseline 0.002 -13"><span class='ocrx_word' id='word_1_500' title='bbox 1250 3175 1376 3215; x_wconf 85' lang='lat' dir='ltr'>cendi</span> <span class='ocrx_word' id='word_1_501' title='bbox 1422 3185 1547 3226; x_wconf 84' lang='lat' dir='ltr'>posse</span> <span class='ocrx_word' id='word_1_502' title='bbox 1594 3172 1777 3213; x_wconf 81' lang='lat' dir='ltr'>Aristidi</span> <span class='ocrx_word' id='word_1_503' title='bbox 1839 3171 2138 3227; x_wconf 77' lang='lat' dir='ltr'>suggessisset,</span> 
     </span>
     <span class='ocr_line' id='line_1_99' title="bbox 1252 3235 2136 3291; baseline 0.001 -13"><span class='ocrx_word' id='word_1_504' title='bbox 1252 3239 1324 3291; x_wconf 88' lang='lat' dir='ltr'>qui</span> <span class='ocrx_word' id='word_1_505' title='bbox 1345 3239 1451 3277; x_wconf 90' lang='lat' dir='ltr'>utile</span> <span class='ocrx_word' id='word_1_506' title='bbox 1472 3237 1515 3277; x_wconf 88' lang='lat' dir='ltr'>id</span> <span class='ocrx_word' id='word_1_507' title='bbox 1548 3235 1737 3289; x_wconf 86' lang='lat' dir='ltr'>quidem,</span> <span class='ocrx_word' id='word_1_508' title='bbox 1772 3248 1856 3276; x_wconf 89' lang='lat' dir='ltr'>non</span> <span class='ocrx_word' id='word_1_509' title='bbox 1889 3242 2033 3277; x_wconf 86' lang='lat' dir='ltr'>tamen</span> <span class='ocrx_word' id='word_1_510' title='bbox 2060 3238 2136 3279; x_wconf 87' lang='lat' dir='ltr'>ho·</span> 
     </span>
     <span class='ocr_line' id='line_1_100' title="bbox 1252 3299 2136 3354; baseline -0.002 -11"><span class='ocrx_word' id='word_1_511' title='bbox 1252 3307 1422 3343; x_wconf 88' lang='lat' dir='ltr'>nestum</span> <span class='ocrx_word' id='word_1_512' title='bbox 1441 3300 1535 3341; x_wconf 86' lang='lat' dir='ltr'>fore</span> <span class='ocrx_word' id='word_1_513' title='bbox 1561 3305 1695 3351; x_wconf 88' lang='lat' dir='ltr'>ratus,</span> <span class='ocrx_word' id='word_1_514' title='bbox 1724 3299 1936 3340; x_wconf 87' lang='lat' dir='ltr'>dissensit.</span> <span class='ocrx_word' id='word_1_515' title='bbox 1990 3301 2136 3354; x_wconf 85' lang='lat' dir='ltr'>AEqui·</span> 
     </span>
     <span class='ocr_line' id='line_1_101' title="bbox 1254 3362 2139 3414; baseline -0.008 -7"><span class='ocrx_word' id='word_1_516' title='bbox 1254 3365 1358 3407; x_wconf 88' lang='lat' dir='ltr'>tatis</span> <span class='ocrx_word' id='word_1_517' title='bbox 1377 3369 1519 3405; x_wconf 85' lang='lat' dir='ltr'>autem</span> <span class='ocrx_word' id='word_1_518' title='bbox 1551 3362 1657 3406; x_wconf 88' lang='lat' dir='ltr'>illud</span> <span class='ocrx_word' id='word_1_519' title='bbox 1685 3362 1944 3414; x_wconf 86' lang='lat' dir='ltr'>exemplum,</span> <span class='ocrx_word' id='word_1_520' title='bbox 1973 3363 2031 3404; x_wconf 77' lang='lat' dir='ltr'>ab</span> <span class='ocrx_word' id='word_1_521' title='bbox 2047 3364 2139 3404; x_wconf 82' lang='lat' dir='ltr'>uni.</span> 
     </span>
     <span class='ocr_line' id='line_1_102' title="bbox 1255 3425 2135 3471; baseline -0.002 -1"><span class='ocrx_word' id='word_1_522' title='bbox 1255 3440 1379 3471; x_wconf 81' lang='lat' dir='ltr'>versa</span> <span class='ocrx_word' id='word_1_523' title='bbox 1412 3426 1587 3469; x_wconf 82' lang='lat' dir='ltr'>Graecia</span> <span class='ocrx_word' id='word_1_524' title='bbox 1630 3425 1890 3467; x_wconf 85' lang='lat' dir='ltr'>tributorum</span> <span class='ocrx_word' id='word_1_525' title='bbox 1925 3425 2135 3468; x_wconf 86' lang='lat' dir='ltr'>arbitrum</span> 
     </span>
     <span class='ocr_line' id='line_1_103' title="bbox 1255 3487 2138 3544; baseline -0.001 -11"><span class='ocrx_word' id='word_1_526' title='bbox 1255 3492 1458 3544; x_wconf 87' lang='lat' dir='ltr'>electum,</span> <span class='ocrx_word' id='word_1_527' title='bbox 1477 3487 1671 3534; x_wconf 84' lang='lat' dir='ltr'>omnibus</span> <span class='ocrx_word' id='word_1_528' title='bbox 1690 3487 1919 3543; x_wconf 77' lang='lat' dir='ltr'>placuisse,</span> <span class='ocrx_word' id='word_1_529' title='bbox 1946 3495 2138 3543; x_wconf 83' lang='lat' dir='ltr'>gratum·</span> 
     </span>
    </p>
   </div>
  </div>
 </body>
</html>
