2306 3900
0 3450 23 3522 ε

0 3517 39 3732 i

629 290 723 330 XI.
786 289 1200 341 IPHIGRATEM,
1234 288 1370 331 cAP.
1407 277 1459 330 2.

136 395 204 450 >de
234 408 524 450 Sarmatarum
541 413 779 449 armatura:
811 407 825 430 ‘
840 407 1032 459 Tegmen

149 470 303 512 ferreis
334 473 518 525 laminis,
562 478 639 513 aut
677 471 878 524 praeduro
913 473 1032 512 corio

151 541 412 589 consertum,
430 545 478 576 ut
497 535 700 576 adversus
717 535 828 575 ictus
846 535 1034 587 impene-

153 599 338 650 trabile;
366 600 430 640 ita
458 600 624 652 impetu
661 599 848 640 hostium
880 592 1034 650 provo-

151 661 254 702 lutis
270 662 462 705 inhabile.
473 662 528 702 ad
541 661 892 715 resurgendum!
951 660 1035 702 Adi

146 725 307 783 *Veget
325 725 400 767 lib.
418 738 486 768 ιιι.
501 730 568 767 22.
613 727 819 780 Plerique
851 727 1035 766 militum

153 801 240 830 non
271 789 488 830 habebant
510 789 685 845 'loricas
717 791 924 842 hamatas,
960 790 1036 830 sed

154 857 321 906 partem
341 853 438 893 aeris
457 858 533 894 aut
550 853 653 894 ferri
674 866 918 907 procusum,
940 848 1036 907 quae

156 927 364 957 summum
397 922 551 969 pectus
589 917 785 970 tegeret:
818 930 915 958 nam
951 918 1038 959 ima

155 979 318 1020 ventris
339 980 443 1020 satis
463 986 633 1021 scutum
654 981 888 1022 muniebat.
928 981 1038 1034 Lips.

160 1078 165 1082 .
217 1044 449 1092 Proferreis
465 1049 582 1096 atque
607 1045 741 1096 (eneis,
769 1045 891 1086 lineas
907 1046 1036 1098 dedit]

159 1107 267 1147 Mss.
296 1111 343 1148 et
374 1107 510 1147 editio
537 1109 723 1160 Veneta,
750 1108 958 1149 Savaroni
977 1109 1040 1149 in-

159 1176 327 1223 specta,
337 1183 409 1222 pro
421 1171 539 1211 sertis
550 1175 668 1224 atque
681 1170 812 1213 oeneis.
860 1164 927 1213 ‘Ut
940 1172 1042 1223 sint,

159 1237 286 1274 sertae
305 1233 465 1285 loricae,
482 1240 694 1276 consertae
710 1235 843 1276 hamis
862 1241 909 1276 et
926 1236 1043 1276 lami·

159 1296 240 1336 nis.
271 1296 399 1337 Gebh.
454 1298 574 1350 Virg.
602 1309 673 1339 ιιι.
700 1298 713 1320 ‘
730 1299 923 1340 Loricam
944 1311 1042 1340 con-

161 1360 321 1400 sertam
358 1359 538 1405 hamis),
574 1360 698 1402 Idem
727 1357 776 1403 'v.
829 1362 1044 1406 &Levibus

159 1422 259 1463 huic
290 1423 427 1463 hamis
454 1429 696 1464 consertam
729 1437 916 1478 auroque
931 1421 1046 1465 ‘trili-

164 1497 260 1527 cem
274 1485 502 1527 Loricam?
557 1486 679 1527 Idem
695 1499 760 1529 xr.
779 1487 799 1511 '‘
813 1500 939 1541 quem
959 1489 1047 1540 pel-

162 1549 218 1590 lis
255 1549 400 1590 ahenis
427 1549 481 1589 In
509 1549 696 1602 plumam
716 1551 904 1603 squamis
924 1562 1047 1591 auro·
1081 1561 1086 1565 ·

165 1625 251 1668 que
265 1614 429 1655 inserta.
439 1613 645 1666 tegebat?
673 1614 888 1655 Idem'111.
907 1614 920 1638 ‘
937 1615 1048 1655 Con·

164 1681 326 1718 sertum
344 1681 515 1730 tegmen
532 1677 695 1729 spinis.'
721 1677 891 1720 υςαυανο.
948 1678 1049 1718 Non

168 1738 399 1780 admodum
429 1739 628 1792 interest,
658 1745 755 1780 utro
773 1740 901 1781 modo
920 1738 1051 1792 legas,

169 1803 331 1855 [linteas
358 1802 603 1854 vellineas]
622 1803 760 1855 ⁴Unde
780 1803 1050 1856 postmodum

170 1863 285 1918 apud
317 1865 470 1905 multas
503 1870 653 1917 gentes
687 1865 919 1907 insinuavit
951 1866 1052 1907 ista·

170 1940 264 1969 rum
282 1940 408 1968 usus:
452 1940 556 1981 quas
592 1931 873 1971 communiter
903 1930 1053 1972 Graeci

169 1991 401 2032 induerunt
418 1997 516 2044 post
534 1990 813 2044 Iphicratem.
870 1994 960 2035 Res
992 2001 1053 2035 ta-

170 2065 268 2094 men
285 2054 474 2107 antiquae
494 2055 687 2107 originis,
713 2061 762 2097 ut
788 2069 842 2097 ex
867 2058 1054 2099 historiis

172 2118 332 2158 clarum
350 2129 403 2158 ac
421 2117 585 2159 Poetis.
653 2118 784 2171 Apud
817 2120 1053 2162 Homerum

171 2180 334 2231 *dicitur
366 2181 481 2233 Ajax
514 2181 734 2234 λινοθώρηξ,
774 2183 967 2237 itemque
996 2184 1056 2225 Α-

173 2242 360 2285 drastus.
427 2243 566 2286 Quem
612 2245 752 2286 locum
794 2247 960 2288 Plinius
985 2249 1058 2289 're-

173 2307 317 2359 spexit
348 2306 422 2348 lib.
442 2318 540 2348 xm.
562 2311 600 2349 1.
658 2309 712 2349 In
749 2308 900 2351 Alcaeo
929 2312 1057 2353 etiam

175 2369 292 2422 apud
328 2369 736 2423 Deipnosophistam
767 2381 1060 2415 memorantur

177 2431 343 2485 θώρηκές
372 2431 550 2486 redama,
584 2434 656 2486 qui
680 2435 795 2476 inter
827 2447 946 2477 arma
964 2438 1059 2478 Ma-

171 2497 388 2549 cedonum
417 2503 464 2538 et
489 2497 662 2539 habitus
700 2499 892 2541 bellicos.
946 2500 1062 2542 Auc-

179 2568 248 2602 tor
267 2562 380 2602 Dio:
421 2561 553 2614 Θώραξ
587 2564 717 2604 λινοῦς
733 2562 919 2617 τρίμιτος,
945 2565 1064 2606 ἀσπὶς

179 2628 328 2677 χαλκῆ.
382 2626 469 2667 Sed
501 2633 546 2667 et
571 2626 820 2668 Alexander
835 2629 976 2669 induit
993 2628 1063 2669 θῶ-

180 2704 280 2742 ρακα
304 2691 436 2730 λινοῦν
462 2691 636 2742 διπλοῦν,
672 2693 721 2731 ut
749 2692 936 2743 loquitur
960 2693 1064 2732 Plu-

182 2752 372 2792 tarchus.
426 2752 500 2792 Illi
528 2752 582 2792 ad
615 2753 745 2793 imum
774 2759 971 2794 ventrem
990 2767 1065 2795 ex-

184 2814 490 2856 tendebantur.
546 2815 812 2867 Xenophon:
850 2815 972 2868 Εῖχον
999 2816 1067 2859 od»-

183 2893 302 2932 ρακας
338 2879 467 2919 λινοῦς
497 2878 612 2931 μεχρὶ
655 2879 727 2919 τοῦ
767 2880 901 2932 ἤτρου.
970 2882 1067 2923 Nec

185 2943 387 2984 Romanis
436 2941 683 2995 infrequens
737 2943 905 2984 illorum
957 2957 1068 2986 usus.

188 3006 313 3049 Quod
350 3006 406 3047 de
442 3004 639 3058 Augusto
670 3006 832 3059 Livius,
851 3008 907 3048 de
926 3007 1069 3049 Galba

187 3068 416 3109 Suetonius
453 3074 683 3109 testantur.
715 3070 917 3111 Kenoehen.
973 3071 1069 3110 Fie-

186 3131 292 3172 bant
311 3136 455 3171 autem
486 3131 589 3172 linei
619 3132 817 3174 thoraces
853 3145 986 3186 opera
1005 3139 1070 3174 at-

188 3206 274 3247 que
294 3193 475 3235 artificio
497 3194 854 3237 coactiliariorum
884 3203 930 3238 et
960 3204 1071 3237 πιλο·

179 3259 321 3310 'ar-ow,
340 3258 411 3311 qui
440 3257 573 3297 linum
594 3263 717 3297 aceto
736 3259 803 3298 vel
821 3265 992 3300 austero
1012 3260 1072 3299 vi·

189 3334 259 3373 no,
273 3322 344 3363 cui
361 3322 422 3362 sal
441 3325 558 3361 esset
577 3320 813 3374 adjectum,
831 3323 965 3374 probe
985 3336 1074 3363 ma-

192 3384 416 3435 cerabant,
437 3383 592 3424 deinde
612 3383 674 3423 ita
692 3385 923 3436 cogebant,
942 3391 990 3425 ut
1009 3397 1074 3425 so-

194 3447 404 3488 liditatem
439 3460 489 3487 ac
519 3447 757 3487 crassitiem
794 3447 912 3488 lintei
941 3448 1074 3488 octies

195 3510 340 3551 decies
376 3517 451 3550 aut
489 3510 646 3562 saepius
675 3511 716 3551 iu
749 3523 795 3552 se
826 3512 1075 3565 complicati

243 3628 247 3632 Ι
301 3577 444 3629 Delph.
466 3581 503 3617 et
524 3577 616 3618 γαν.
638 3578 745 3619 Clas.

1057 3578 1161 3630 Nep.

1869 278 1977 331 545

1095 408 1286 448 baberet.
1346 407 1527 448 Nicetas
1546 405 1826 448 Acominatus
1851 407 1925 448 lib.
1945 419 1979 449 1.

1098 483 1240 511 rerum
1273 470 1414 510 Isaaci
1443 470 1626 522 Angeli:
1656 473 1669 494 ‘
1689 471 1791 523 Ipse
1817 472 1979 512 Conra-

1097 533 1177 573 dus
1209 533 1299 573 siue
1337 539 1459 573 scuto
1493 539 1594 574 tunc
1614 534 1872 585 dimicabat3
1902 534 1980 575 sed

1098 608 1177 648 pro
1197 597 1329 636 lorica
1356 601 1519 637 tectum
1549 597 1760 650 quoddam
1781 598 1982 650 gestabat

1099 675 1124 703 e
1160 662 1247 703 lino
1280 661 1459 714 factum,
1494 663 1592 703 vino
1635 670 1805 704 austero
1847 665 1981 717 probe

1098 726 1225 766 salito
1237 730 1514 777 maceratum,
1532 727 1690 778 saepius
1702 728 1954 780 replicatum
1971 742 1982 769 ι

1100 788 1215 841 quod
1252 788 1422 841 quidem
1455 789 1544 829 sale
1575 795 1621 830 et
1650 790 1750 831 vino
1783 798 1984 832 coactum
2043 806 2048 810 ·

1100 853 1208 893 adeo
1226 850 1395 893 firmum
1432 852 1640 895 adversus
1665 854 1778 895 ictus
1807 860 1916 905 erat,
1935 860 1984 895 ut

1102 917 1322 969 penetrari
1340 930 1366 957 a
1383 918 1500 957 nullo
1518 918 1607 958 telo
1622 924 1812 970 possent.
1848 918 1987 958 Erant

1101 984 1246 1020 autem
1276 979 1404 1032 hujus
1437 981 1546 1021 tecti
1575 981 1778 1034 plagellae
1813 981 1987 1022 octode-

1103 1043 1204 1094 cim,
1242 1047 1289 1083 et
1317 1055 1370 1083 eo
1405 1043 1577 1096 plures?
1625 1044 1844 1087 Casaubon.
1917 1042 1987 1085 De

1102 1106 1247 1147 linteis
1267 1107 1412 1147 loricis
1429 1118 1480 1148 uc
1499 1107 1763 1158 thoracibus,
1781 1113 1827 1148 et
1853 1119 1879 1148 a
1899 1108 1990 1161 qui-

1104 1170 1184 1210 bus
1216 1175 1440 1222 usurpatae
1477 1170 1579 1220 sint,
1607 1170 1692 1211 vid.
1727 1171 1900 1212 Lasium
1933 1168 1993 1210 df>

1105 1245 1198 1285 rep.
1235 1234 1358 1275 Rom.
1387 1245 1490 1275 vm.
1520 1237 1586 1275 16.
1632 1230 1901 1274 Torrentium
1935 1232 1992 1272 ac}

1107 1297 1284 1336 Sueton.
1327 1296 1511 1337 Galbam
1545 1301 1613 1339 19.
1655 1297 1774 1349 Lips.
1806 1297 1861 1337 de
1894 1297 1990 1337 Mil.

1106 1352 1236 1400 Rom.
1253 1370 1325 1400 111.
1345 1363 1387 1400 6.
1437 1361 1731 1413 Dausqueium
1752 1361 1804 1400 ad
1824 1361 1900 1401 lib.
1917 1371 1992 1402 111.

1108 1421 1202 1462 Silii
1220 1434 1322 1474 pag.
1335 1426 1429 1463 120.
1470 1422 1768 1463 Villiomarum
1788 1423 1994 1464 adversus

1108 1486 1269 1526 Titium
1291 1497 1344 1526 11.
1367 1489 1434 1526 19.
1482 1481 1729 1528 casaubon.
1743 1486 1796 1526 ad
1814 1484 1995 1528 Sueton.

1110 1549 1352 1590 Ferrarium
1370 1549 1424 1590 de
1439 1561 1488 1590 re
1505 1549 1725 1592 vestiaria.

1127 1647 1130 1650 .
1168 1614 1281 1660 Quod
1299 1627 1406 1666 oeque
1421 1627 1562 1668 corpus
1584 1614 1752 1667 tegeret,
1776 1611 1821 1655 'et
1839 1613 1920 1655 leve
1936 1626 1996 1655 es-

1110 1677 1189 1729 set]
1217 1678 1477 1719 Lambinus:
1502 1690 1512 1701 ’-
1525 1679 1580 1719 Ut
1590 1675 1706 1731 'oeque
1724 1691 1864 1730 corpus
1889 1682 1999 1729 tege-

1111 1746 1215 1794 rent,
1257 1746 1295 1782 et
1328 1743 1427 1783 leves
1471 1745 1612 1783 essent.
1685 1741 1772 1782 Sed
1810 1735 1999 1794 priorem

1113 1805 1372 1857 scripturam
1409 1804 1675 1846 confirmant
1705 1805 1873 1846 Schotti
1908 1805 1998 1846 Ms.

1115 1872 1162 1908 et
1179 1868 1471 1921 Ultrajectina
1499 1869 1663 1910 Editio.
1721 1869 1818 1910 Nec
1838 1862 2002 1909 disse'n-

1116 1932 1172 1972 tit
1194 1932 1378 1984 Magius.

1171 1995 1281 2036 CAP.
1299 1999 1342 2036 2.
1387 1996 1546 2036 Bellum
1572 1991 1660 2037 cum
1688 1995 1900 2036 Thracibus
1912 2007 2002 2046 ges-

1115 2058 1190 2110 sit]
1217 2059 1317 2098 Dux
1350 2065 1519 2100 creatus
1551 2058 1754 2112 suffragio
1787 2059 1841 2101 ab
1865 2050 2002 2100 Athe·

1117 2121 1335 2162 niensibus
1367 2121 1575 2162 adversus
1604 2122 1898 2176 Amphipolim
1928 2135 2003 2174 op-

1119 2184 1407 2237 pugnandam.
1462 2175 1658 2226 AEschin.'
1685 2180 1732 2225 in
1761 2185 1886 2226 Orat.
1917 2178 2004 2238 περὶ

1118 2251 1363 2302 παραπρεσβ.
1430 2249 1627 2304 Frontin.
1659 2248 1852 2302 Strateg.
1895 2261 1926 2290 1.
1962 2253 2004 2290 2.

1121 2311 1318 2364 Polyaen.
1355 2322 1427 2352 111.
1484 2312 1800 2354 Commemorat
1829 2319 1876 2354 et
1911 2304 2005 2365 ejus

1122 2375 1346 2417 victoriam
1370 2375 1574 2416 adversus
1593 2375 1856 2417 Anaxibium
1875 2377 2008 2432 Lace-

1123 2439 1429 2480 daemoniorum
1444 2439 1598 2480 ducem
1628 2439 1889 2491 Xenophon,
1917 2437 2009 2478 Ἕλ-

1126 2509 1213 2551 λην.
1233 2502 1308 2543 lib.
1324 2497 1390 2543 iv.

1177 2563 1500 2617 Seuthen]-A1di
1535 2566 1798 2619 exemplaria
1833 2566 2009 2617 Scothyn

1124 2630 1286 2670 habent
1302 2643 1312 2669 :
1342 2634 1514 2676 vetusta
1526 2641 1633 2670 vero
1650 2630 1793 2670 omnia
1808 2629 2011 2678 Seuthem,

1126 2691 1408 2733 emendatius.
1436 2693 1556 2742 Mag.
1592 2692 1679 2732 Hic
1698 2698 1779 2743 est,
1799 2692 1811 2714 ‘
1830 2692 2009 2732 Seuthes

1128 2745 1334 2807 Odrysas’
1369 2756 1483 2807 apud
1514 2756 1637 2796 Curt.
1658 2755 1732 2795 lib.
1749 2767 1796 2795 x.
1819 2758 1858 2794 l.
1881 2766 2007 2806 quem

1129 2817 1304 2870 ὕπαρχον
1314 2815 1616 2870 Κερσοβλέπτου
1627 2822 1809 2867 tantum,
1822 2828 1908 2856 non
1928 2817 2011 2856 Re-

1129 2893 1226 2932 gem
1261 2880 1368 2920 facit
1403 2879 1641 2934 'Polyaenus
1686 2882 1875 2932 Strateg.
1925 2889 2008 2918 vn.

1129 2944 1330 2985 Keucheu.
1452 2978 1455 2981 μ
1728 2976 1730 2978 ,

1185 3007 1305 3060 Apud
1322 3008 1570 3060 Corinthum]
1600 3007 1711 3048 Inde
1739 3007 1896 3047 bellum
1931 3007 2013 3046 Co-

1132 3070 1331 3111 rinthium
1364 3077 1429 3111 est
1449 3071 1740 3123 appellatum:
1773 3069 2014 3121 Κορινθιακὸς

1132 3132 1315 3184 πόλεμος.
1346 3134 1544 3184 Bongars.

1186 3197 1256 3238 Sic
1291 3198 1484 3237 ordinata·
1513 3195 1808 3247 consisterent]
1835 3195 1921 3236 Ms.
1958 3196 2017 3235 sic

1133 3258 1324 3298 ordinate.
1347 3259 1542 3299 Boecler.
1572 3257 1746 3298 Curtius
1765 3256 1876 3297 libro
1891 3259 2015 3299 uno.

1135 3322 1409 3373 ‘Obsistere,
1446 3322 1644 3372 circuire,
1685 3321 1928 3362 discurrere
1972 3317 2016 3361 in

1136 3397 1282 3436 cornu,
1314 3389 1482 3424 mutare
1523 3396 1726 3436 pugnam,
1760 3394 1842 3424 non
1884 3384 2017 3424 duces

1137 3449 1272 3500 magis
1288 3462 1410 3502 quam
1431 3450 1585 3490 milites
1603 3448 1796 3490 callent.’
1809 3443 2019 3506 Gebhard.

1138 3512 1251 3552 Vide
1269 3512 1324 3552 de
1341 3512 1421 3553 hac
1450 3511 1674 3566 disciplina
1701 3510 1932 3564 Iphicratis
1958 3509 2018 3549 A-

1807 3577 1909 3616 2Μ
