2306 3900
705 275 932 317 RERUM
974 276 1051 317 ΕΤ
1094 275 1460 320 VERBORUM.

191 405 201 428 ·'
216 396 382 440 'homine
397 390 560 448 difficili,
575 412 726 454 aspero,
739 413 820 440 non
839 403 1052 457 tolerabili)

187 472 197 481 ·
223 466 314 500 xxv,
333 459 358 495 5
386 460 596 508 tyrannum
615 467 696 494 non
714 455 915 495 ferendum
935 457 1051 497 dicti-

223 507 359 546 tabant
375 508 426 562 (i.
446 522 481 549 e.
495 509 712 550 toilendum
737 521 761 549 e
785 508 940 562 medio)
967 504 1005 557 i,
1025 515 1050 551 7

221 561 319 600 ferre
349 561 517 602 fructum
545 563 704 616 pictatis
730 562 901 620 (referre,
921 577 1051 616 repor-

219 621 318 662 tare,
353 617 520 670 adipisci
558 629 674 664 'xxv,
708 621 732 657 5
779 617 866 670 (Sic
896 616 1046 670 Sulpic-

188 686 191 690 ·
218 669 313 710 SeV.
330 669 358 716 i,
377 674 428 711 ⁵1
473 669 518 709 ‘i
545 670 636 722 ique
653 683 677 709 a
705 669 1050 719 filiisintersectus,

252 722 261 731 .
530 724 541 734 .
562 725 572 733 .
720 723 730 733 .
765 723 776 741 ‚

219 723 1050 830 ffiupdsieeggrnittmfflffigstffl{tseffigffir

220 841 303 869 sam
336 830 504 871 laturum
532 831 585 879 iv,
603 835 630 873 2
670 831 768 871 ferre
795 831 914 871 alicui
931 844 1048 884 opem

218 882 329 930 xviii,
345 887 374 924 6
416 884 563 925 sumtui
597 897 810 936 expensum
838 884 906 937 (ex
961 897 1051 925 nsos

182 947 189 954 ’
205 942 370 977 Ἰειιιιιῐιιε
382 938 424 976 in
437 938 754 978 commentarium
765 897 1050 991 referrei’exxm

221 993 274 1031 1³
302 990 364 1045 (v.
394 1004 482 1044 sup.
516 990 712 1046 Expens.)
755 991 788 1030 si
820 992 972 1032 tulisset
995 991 1052 1032 ita

218 1043 376 1084 fortuna
402 1045 458 1099 (si
476 1046 533 1085 ita
549 1044 763 1095 accideret)
791 1044 899 1092 xviii,
916 1049 944 1085 6
989 1051 1050 1084 tu-

220 1097 269 1136 lit
299 1098 405 1138 hune
435 1104 530 1138 aetas
561 1104 693 1138 nostra
721 1098 1050 1151 elegantissimum

219 1151 381 1213 poetam
409 1164 498 1199 xxv,
518 1155 571 1194 12
606 1153 704 1192 ferre
723 1152 949 1205 suffragium
977 1153 1051 1205 (de

212 1203 367 1258 =ludio.)
377 1204 521 1252 xviii,5
551 1207 602 1245 de
624 1207 818 1246 sententia
834 1218 903 1259 per
922 1205 1050 1246 calcu-

220 1257 280 1297 los
307 1271 373 1306 xv,
392 1262 419 1300 8
463 1259 654 1299 ferentem
691 1259 741 1298 ad
780 1273 821 1299 se
857 1259 1051 1312 conspicit

199 1310 294 1364 (ad
311 1322 359 1352 -se
383 1311 495 1366 ferri)
523 1314 599 1359 xiv,
618 1316 645 1353 4
691 1313 856 1367 (nempe
881 1314 1050 1352 activum

219 1377 291 1417 pro
324 1365 476 1417 passivo
508 1366 597 1406 heic
621 1367 794 1418 ponitur,
828 1365 930 1406 sicut
958 1365 1051 1405 alibi

219 1424 384 1470 gestare,
416 1432 586 1466 movere,
612 1421 768 1466 vehere,
787 1432 857 1471 pro
895 1420 1052 1471 gestari,

217 1471 389 1518 moveris
409 1473 513 1511 vehi.
543 1486 583 1511 v.
601 1472 720 1513 Voss.
741 1473 792 1512 de
811 1472 965 1527 analog.
991 1472 1050 1519 iii,

183 1547 187 1554 ·
217 1527 260 1566 8.
304 1525 532 1566 lectionem
551 1533 682 1566 autem
699 1527 897 1580 vulgatam
919 1531 1051 1566 tuetur

217 1579 427 1620 auctoritas
458 1580 559 1620 Mss.
577 1581 650 1621 etsi
688 1579 900 1620 Lambinus
918 1580 1052 1619 -male-

216 1633 287 1672 bat
304 1634 379 1674 ‘ad
397 1646 439 1674 se
465 1633 670 1681 ruentem,'
687 1634 768 1681 vel,
791 1640 804 1658 ⁶
821 1647 863 1673 se
885 1633 1050 1673 afferen-

218 1686 312 1727 tem'

163 1739 271 1780 Ferri
295 1686 435 1781 igetius
460 1738 570 1787 xxiii,
587 1742 614 1780 4
659 1739 748 1779 ferri
777 1739 882 1778 omni
901 1739 1051 1802 cogita-

219 1792 328 1834 tione
374 1794 426 1834 ad
471 1793 660 1833 liberanti.
699 1793 886 1845 patriam⁴
915 1793 985 1840 vir,
1022 1797 1050 1834 9

215 1860 360 1902 magno
393 1846 488 1887 odio
522 1847 566 1886 in
600 1847 771 1899 aliquem
804 1846 878 1901 (de
915 1847 1048 1885 studio

215 1901 351 1948 animi,
380 1899 650 1950 contentione,
680 1898 845 1953 affectu)
871 1912 963 1947 xxv,
994 1903 1047 1940 10

213 1954 520 2008 ferripraecipua
551 1954 667 1994 laude
698 1954 929 2006 (celebrari)
956 1966 1046 2001 xxv,

217 2013 271 2049 10
297 2009 402 2048 fama
425 2008 535 2055 xviii,
549 2012 575 2049 3
610 2008 700 2046 Ita:
720 2008 916 2048 ferebatur
931 2007 1046 2046 nobi-

215 2062 263 2100 lis
286 2063 387 2102 inter
416 2063 585 2114 aeqnales
611 2074 700 2108 xxv,
722 2065 743 2102 1
783 2061 906 2101 fertur
933 2060 1045 2100 navis

217 2121 449 2169 tempestate
467 2115 624 2155 Naxum
655 2115 699 2161 ii,
719 2119 745 2155 8
847 2131 849 2133 ·
870 2114 886 2136 ³

162 2167 320 2208 renum
333 2169 428 2222 (pro
446 2168 601 2221 gladio)
628 2167 707 2215 xiv,
726 2171 775 2208 11
801 2166 915 2207 Sic:
943 2165 1044 2206 ferro

215 2221 382 2262 interfici
409 2221 489 2269 xxi,
509 2226 532 2262 1
584 2222 685 2260 ferro
703 2221 872 2263 hosfium
889 2219 1046 2259 interire

185 2285 189 2288 ’
216 2275 267 2328 (i.
285 2288 322 2315 e.
339 2275 476 2328 armis)
503 2276 533 2321 i,
551 2278 577 2315 3
604 2273 705 2315 ferro
723 2272 892 2328 aliqdem
910 2286 1046 2327 aggre-

216 2328 260 2367 di
274 2329 351 2382 (de
367 2328 408 2368 vi
439 2327 790 2381 armatorum)‘vii,
806 2331 866 2381 1⁰.
901 2326 1043 2381 (mox:

216 2394 335 2422 manu
353 2382 524 2436 aliquem
541 2379 760 2434 superare).
796 2381 935 2424 ferrum
953 2380 1046 2432 (pro

163 2436 406 2530 rgffifl‘k.
419 2433 1047 2540 ”zffizissss‘ff‘ffissf'm

215 2542 411 2596 (solennis
442 2542 623 2581 instituta
639 2541 829 2581 festivitas
860 2539 1048 2594 intellig.)

162 2601 324 2690 rexi?
336 2661 452 2688 nemo
482 2653 561 2687 tam
586 2647 689 2688 ferus
720 2645 810 2693 fuit,
847 2645 943 2711 quin
970 2645 1047 2685 dcc.

182 2727 189 2732 ·
215 2702 265 2756 (i.
296 2716 333 2742 e.
351 2708 431 2742 tam
465 2700 600 2749 durus,
618 2699 840 2747 immobilis,
859 2699 1048 2753 implaca-

216 2756 328 2810 bilis)
355 2756 466 2802 vii‚6
510 2756 592 2795 fera
620 2755 742 2794 bestia
772 2753 851 2800 xiv,
881 2756 906 2793 3
953 2752 1046 2816 (Ρη)

218 2821 298 2862 quo
325 2809 443 2862 vulgo
461 2808 583 2848 ‘fera’
613 2809 756 2848 omisso
789 2808 1045 2855 substantivo,

217 2869 264 2903 ut
275 2869 288 2888 ‘
304 2862 455 2916 frigida’
474 2874 543 2916 pro
560 2862 701 2915 frigida
718 2860 847 2915 aqua)

164 2917 319 2960 Fictilia
331 2930 424 2957 vasa
450 2915 558 2964 xxiii,
579 2920 632 2957 10
658 2916 694 2970 (‘
708 2915 847 2956 fictiles
874 2914 1046 2969 lagenas’

184 2988 187 3000 ι
216 2977 334 3012 vocat
359 2969 505 3012 Justin.
530 2970 649 3017 xxxii,
666 2974 708 3018 4,
727 2969 776 3022 6)

166 3024 304 3064 Fidere
330 3023 538 3077 (pecunia,
568 3037 586 3065 s
616 3038 679 3064 em
708 3021 944 3064 conficiendi
973 3022 1046 3062 ali-

219 3078 425 3131 quidinde
442 3037 614 3131 sumereg
628 3084 630 3087 ’
642 3077 699 3126 vi,
717 3082 743 3119 3
788 3076 950 3116 victoria
978 3076 1045 3130 (fi-

218 3130 374 3171 duciam
391 3131 564 3171 victoriae
588 3132 732 3172 habere
759 3137 946 3184 tanquam
965 3141 1046 3170 cer·

218 3183 291 3238 tae)
317 3184 386 3230 xii,
405 3187 428 3224 1
473 3183 620 3237 (priore
648 3184 735 3225 loco
754 3197 920 3238 praepos.
938 3190 951 3207 ‘
966 3183 1044 3223 in’:

220 3238 446 3292 posteriore,
455 3238 487 3276 si
498 3238 619 3290 proba
633 3238 749 3277 lectio
761 3244 834 3285 est,
842 3250 931 3277 nam
944 3237 1047 3276 Mss.

218 3292 330 3332 aliter
349 3292 497 3344 legunt,
518 3297 529 3314 ‘
542 3291 614 3330 de'
633 3289 967 3343 subintelligitur).
1002 3290 1047 3328 fi-

218 3344 329 3389 denti
342 3346 470 3385 animo
490 3345 581 3391 xxii,
598 3347 623 3385 3
651 3344 724 3398 (de
737 3357 800 3390 eo,
813 3343 881 3396 qui
899 3355 947 3382 ex
963 3355 1050 3383 suc·

219 3409 337 3449 cesso*
348 3398 543 3439 animosus
562 3396 644 3450 est)

168 3451 286 3492 Fides
300 3453 365 3497 vix
395 3451 500 3493 facta
516 3452 575 3491 his
603 3457 677 3498 est,
710 3450 933 3505 Agesilaum
964 3461 1049 3489 esse

221 3518 344 3546 unum
378 3519 427 3546 em
443 3506 503 3546 his
527 3505 602 3546 διο.
631 3506 716 3559 (vix
742 3504 914 3559 persuasi
943 3508 1048 3549 sunt,

266 3561 424 3625 'Delpln
436 3577 475 3613 et
498 3572 593 3615 Ver.
614 3573 720 3614 Clas.

1895 266 1996 325 lxv

1167 411 1212 443 ut
1239 396 1462 456 crederent)
1490 402 1582 452 xvii,
1600 406 1626 445 8
1692 401 1755 446 Sic
1786 402 1996 448 Suetonius

1138 463 1143 466 “
1167 457 1291 512 Vesp.
1307 471 1396 511 cap.
1415 462 1441 498 7
1461 462 1474 482 ‘
1490 471 1578 499 cum
1596 458 1660 498 vix
1703 459 1773 499 des
1785 466 1900 507 esset,
1916 475 1997 502 rem

1136 515 1140 519 '
1166 511 1248 551 ullo
1278 513 1396 552 modo
1430 511 1718 552 successuram.5
1753 513 1858 553 Vide
1882 511 2006 570 'Dok-—

1166 566 1217 603 ad
1249 565 1351 605 Flor.
1377 566 1434 612 iii,
1464 569 1531 612 16,
1559 570 1599 606 6.
1662 565 1802 606 Refert
1830 568 1908 609 huc
1925 566 1999 608 Vir

1165 618 1411 658 doctissimus
1428 618 1526 658 illud
1545 618 1571 660 J
1574 617 1691 658 ustini
1708 613 1791 667 xiii,
1805 623 1822 661 l
1833 650 1845 668 ,
1860 624 1886 661 4
1924 627 1937 646 ‘
1954 627 1999 661 ut

1166 682 1258 710 vero
1288 672 1419 712 mortis
1447 672 1533 725 ejus
1566 672 1663 712 fides
1699 673 1826 720 affuit,
1862 687 1999 715 omnes

1165 724 1336 764 barbarae
1355 732 1491 778 gentes
1507 731 1551 764 ut
1580 731 1778 777 parentem
1797 727 2001 779 luxerunt3

1135 783 1139 785 ’
1166 783 1208 817 at
1237 793 1311 832 ego
1340 778 1396 818 ibi
1428 778 1559 827 malim
1576 778 1625 820 τὸ
1645 779 1742 820 fides
1762 793 1832 832 pro
1863 786 2000 835 'argu-

1166 833 1312 872 mento’
1331 845 1479 872 sumere
1495 832 1665 873 faciente
1682 833 1814 881 fidem,
1833 846 2000 886 quomo-

1166 886 1218 924 do
1237 898 1303 938 ap.
1320 886 1499 925 Eundem
1519 891 1559 925 et
1577 886 1629 934 ix,
1649 890 1690 933 2,
1705 888 1771 928 15.
1798 901 1931 927 sumo:
1953 902 2002 928 ea

1166 939 1332 990 primum
1351 944 1363 963 ‘
1378 939 1490 979 fides'
1507 939 1652 991 inopiae
1672 939 1871 994 Scythicae
1890 941 2004 993 fuit).

1133 1003 1137 1008 ·
1167 991 1258 1032 fidei
1278 993 1444 1045 alicujus
1462 993 1610 1046 aliquid
1630 994 1786 1034 credere
1799 994 2002 1046 (commit-

1166 1051 1246 1086 tere
1265 1046 1383 1086 alicui
1403 1047 1500 1099 quid
1520 1053 1706 1100 tanquam
1719 1048 1869 1087 homini
1883 1049 2001 1088 bonae

1163 1099 1271 1145 fidei,
1302 1106 1371 1139 aut
1399 1102 1502 1139 bona
1520 1100 1599 1140 fide
1624 1101 1875 1154 servandum)
1894 1101 2003 1151 xxiii,

1164 1156 1191 1193 9
1218 1154 1335 1193 fidem
1363 1154 1566 1193 maximam
1585 1155 1728 1195 habere
1755 1154 1876 1195 alicui
1900 1169 1941 1203 x,
1960 1161 2000 1196 5.

1165 1206 1242 1252 Χίν,
1275 1211 1323 1247 11
1371 1207 1488 1246 fidem
1508 1208 1740 1260 singularem
1758 1209 1796 1248 ei
1813 1209 1855 1247 in
1874 1209 1998 1248 omni-

1165 1260 1237 1298 bus
1266 1258 1352 1312 ejus
1384 1261 1566 1313 periculis
1584 1261 1752 1313 praebuit
1777 1276 1866 1309 ur,
1882 1265 1910 1303 4
1950 1262 1999 1301 fi-

1165 1314 1254 1352 dem
1291 1314 1324 1352 si
1355 1314 1466 1361 mihi,
1485 1328 1603 1367 quam
1639 1315 1812 1366 postulo,
1845 1316 2002 1356 dederis

1166 1367 1223 1418 (si
1253 1366 1484 1419 promiseris,
1515 1369 1624 1420 quod
1647 1367 1788 1420 cupio)
1829 1369 1937 1417 xxiii,
1970 1374 1998 1411 2

1167 1419 1285 1458 fidem
1319 1421 1370 1459 de
1401 1420 1534 1472 aliqua
1562 1434 1604 1461 re
1630 1422 1723 1461 dare
1755 1422 1890 1462 dextra
1919 1422 2000 1470 xiv,

1167 1475 1220 1512 10
1248 1473 1366 1512 fidem
1386 1474 1435 1513 de
1455 1474 1587 1529 aliqua
1614 1486 1654 1514 re
1684 1475 1880 1528 accipere,
1897 1476 1998 1516 ibid.

1166 1526 1286 1566 fidem
1317 1525 1494 1566 amittere
1522 1527 1756 1575 maluerunt,
1774 1542 1891 1582 quam
1909 1542 2002 1570 eum

1167 1593 1247 1618 non
1267 1581 1429 1632 prodere
1456 1579 1564 1628 xviii,
1597 1585 1649 1623 10
1688 1582 1768 1621 fide
1797 1581 2000 1636 praecipua

1164 1633 1240 1672 fuit
1257 1646 1307 1673 ea
1321 1633 1458 1673 civitas
1485 1646 1578 1687 erga
1590 1634 1852 1674 Athenienses
1883 1635 2002 1742 Scen-

1167 1687 1400 1725 stantissime
1419 1688 1592 1726 omnium
1622 1688 1789 1727 adhaesit
1819 1686 1896 1729 illis
1945 1689 2002 1737 vi,

1166 1743 1193 1779 2
1220 1740 1280 1793 (v.
1291 1739 1554 1792 Praecipuus).
1582 1740 1662 1780 fide
1680 1741 1783 1780 mala
1795 1741 1940 1789 facere,
1956 1749 2002 1782 ut

1165 1792 1241 1832 &c.
1269 1793 1348 1839 xiv,
1367 1797 1394 1833 6
1440 1806 1482 1832 se
1499 1793 1583 1833 fore
1601 1793 1767 1846 alicujus
1785 1794 2001 1847 proprium,

1133 1858 1136 1862 ⁴
1165 1845 1244 1886 fide
1263 1845 1491 1886 confirmare
1518 1845 1595 1899 (sc.
1625 1846 1738 1900 data)
1766 1848 1820 1896 vi,
1849 1851 1870 1888 1
1919 1849 2001 1890 fide

1132 1903 1137 1907 '
1167 1909 1318 1940 summa
1357 1899 1398 1939 in
1444 1899 1628 1952 pactione
1665 1901 1797 1954 aliqua
1842 1915 2000 1943 manere

1148 1953 1304 2000 'xvii,2
1349 1953 1443 2007 (pro
1478 1967 1558 2005 quo
1590 1954 1683 1994 alibi
1719 1955 1869 2008 integre
1885 1956 1917 2006 ι)
1956 1956 2001 1995 in

1164 2007 1244 2045 fide
1267 2018 1424 2046 manere
1451 2005 1558 2054 xviii,
1578 2011 1604 2048 4
1649 2008 1766 2047 homo
1799 2009 1884 2048 sine
1920 2009 2001 2049 fide

1163 2060 1257 2112 (τοῦ
1287 2060 1484 2110 ἀπατῆσαι
1503 2059 1584 2102 οὐδ’
1602 2061 1730 2103 ὁτιοῦν
1759 2060 1999 2117 φροντίζων)

1162 2127 1200 2160 x,
1221 2118 1247 2155 8
1346 2160 1348 2162 ,

1108 2166 1274 2207 Fiducia
1303 2165 1426 2207 nimia
1458 2180 1611 2221 magnae
1647 2167 1859 2208 calamitati
1895 2167 2001 2212 solet

1161 2233 1247 2260 esse
1274 2222 1359 2269 xvi,
1378 2224 1403 2262 3
1432 2220 1619 2274 (intellig.
1636 2222 1821 2263 securitas
1835 2236 1883 2262 ex
1902 2236 1998 2263 con·

1162 2273 1364 2327 fidentia).
1382 2273 1565 2315 fiduciam
1575 2275 1718 2315 habere
1725 2274 1785 2316 rei
1793 2276 1998 2328 potiundae

1135 2340 1138 2342 ·
1162 2327 1275 2380 (spes
1306 2334 1426 2375 certa,
1455 2335 1496 2367 et
1526 2329 1738 2381 plusquam
1764 2328 1875 2382 spes)
1903 2329 1998 2377 xvii,

1133 2390 1137 2396 ’
1163 2383 1190 2423 4
1230 2381 1377 2421 fiducia
1394 2381 1927 2436 Antiochi'Carthaginenses
1947 2384 1999 2423 ad

1164 2435 1308 2474 bellum
1322 2435 1508 2474 inducere
1536 2435 1585 2488 (i.
1604 2449 1642 2474 e.
1671 2434 1827 2476 ostensa
1845 2450 1892 2476 ex
1911 2435 2003 2477 An-

1164 2487 1286 2528 tiochi
1302 2488 1415 2528 armis
1433 2494 1475 2527 et
1491 2489 1678 2528 societate
1688 2488 1862 2542 fiducia)
1890 2489 2000 2538 xxiii,

1111 2592 1260 2632 Fidus:
1289 2605 1424 2646 pacem
1454 2604 1535 2632 non
1549 2593 1667 2633 fidam
1683 2593 1853 2634 futuram
1881 2600 1998 2647 puta-

1166 2647 1234 2686 bat
1269 2647 1369 2699 (non
1406 2652 1597 2686 servatum
1635 2646 1702 2699 iri)
1731 2648 1809 2696 xiv,
1842 2652 1868 2689 8
1933 2648 2000 2688 Ita

1165 2706 1177 2723 ⁶
1194 2701 1309 2740 fidus’
1338 2713 1416 2739 non
1438 2707 1586 2740 tantum
1606 2701 1657 2741 de
1673 2702 1846 2749 homine,
1867 2714 1909 2741 se
1956 2709 1998 2742 et

1165 2754 1215 2793 de
1232 2755 1294 2802 iis,
1313 2765 1402 2808 quae
1421 2760 1512 2794 sunt
1539 2753 1707 2795 hominis
1732 2762 1774 2795 et
1800 2756 1851 2795 ad
1872 2756 1998 2795 homi-

1163 2819 1253 2848 nem
1270 2809 1481 2861 pertinent,
1499 2808 1661 2848 dicitur:
1691 2807 1816 2860 qualis
1833 2808 1998 2861 ephiteti

1165 2861 1364 2901 translatio
1396 2862 1438 2901 in
1464 2860 1644 2901 omnibus
1672 2861 1814 2914 linguis
1843 2868 1903 2902 est
1921 2862 1997 2901 fre-

1162 2926 1300 3008 {3¹}qu
1345 2915 1477 3008 {gorsa
1524 2916 1590 3022 8ἐο
1622 2929 1687 2969 ap.
1701 2915 1840 2970 Virgil.
1870 2915 2000 2957 ‘mala

1179 2983 1202 3007 a
1219 2983 1253 3008 x.
1294 2981 1334 3008 v.
1396 2982 1541 3009 emens.

1110 3020 1252 3075 Figura
1266 3029 1431 3063 venusta
1445 3023 1517 3076 (de
1536 3035 1707 3075 congruo
1721 3020 1842 3062 totius
1857 3035 1997 3075 corpo-

1163 3077 1214 3116 ris
1232 3077 1390 3124 habitu)
1408 3077 1515 3124 xviii,
1534 3081 1582 3117 11
1614 3078 1784 3130 (oppon.
1802 3076 1868 3115 hic
1888 3088 1998 3127 mag-

1165 3143 1217 3170 no
1235 3132 1400 3183 corpori.
1442 3130 1608 3170 Faciunt
1640 3132 1690 3169 ad
1717 3135 1886 3168 mentem
1920 3126 1999 3167 loci

1163 3184 1232 3222 illa
1264 3184 1392 3223 Taciti
1420 3183 1553 3236 Agric.
1585 3186 1653 3230 44,
1672 3187 1697 3223 2
1741 3182 1801 3220 ‘si
1819 3181 1997 3221 habitum

1166 3237 1252 3289 ejus
1282 3238 1425 3290 posteri
1446 3250 1604 3276 noscere
1624 3236 1758 3280 velint.
1791 3235 1996 3276 decentior

1165 3303 1282 3340 quam
1300 3290 1498 3329 sublimior
1514 3290 1589 3327 suit
1603 3288 1614 3306 ’
1633 3289 1708 3328 διο.
1725 3287 1904 3382 Boecl'ge

1113 3342 1233 3381 Filius
1250 3357 1259 3381 ε
1280 3343 1328 3383 C.
1348 3344 1512 3389 Marius,
1529 3342 1631 3383 filius
1646 3342 1738 3395 (pro
1787 3356 1836 3382 uo
1905 3341 1996 3382 hot·

1166 3402 1228 3434 tus
1247 3396 1354 3435 nulla
1372 3397 1602 3436 necessitate
1616 3394 1712 3449 legit
1728 3411 1738 3436 ε
1797 3423 1807 3436 .
1826 3395 1994 3442 Marius,

1166 3448 1254 3490 Caii
1272 3449 1340 3502 F.)
1368 3463 1457 3497 xxv,
1478 3452 1499 3490 1
1545 3449 1753 3504 (Sciebant
1767 3449 1871 3490 enim
1888 3454 1993 3487 vete-

1163 3515 1222 3543 res
1240 3516 1327 3544 eam
1345 3517 1478 3544 vocem
1496 3504 1671 3544 absolute
1686 3517 1830 3556 ponere
1847 3518 1856 3540 :
1878 3513 1992 3554 quem

974 3571 1064 3613 Ind.
1082 3571 1187 3623 Nep.
1410 3591 1414 3594 ·
1867 3582 1883 3606 ι
