2306 3900
319 248 429 310 680

321 381 614 434 magnitudine
631 386 675 422 et
691 381 888 433 potentia
904 381 998 434 lege
1015 381 1209 435 Lipsium

320 445 366 485 in
380 443 657 496 admirandis,
676 444 886 491 Rosinum
914 445 958 485 in
978 445 1208 499 antiquita-

319 509 447 549 tibus.
502 508 640 549 Plena
657 509 830 550 laudum
847 515 893 551 et
907 510 1051 562 gloriae
1070 511 1207 552 omnis

319 571 565 625 antiquitas.
608 572 852 614 Marcianus
869 573 1002 614 instar
1020 574 1205 614 omnium

318 646 454 674 unus:
495 633 562 674 Ἐν
578 635 660 688 τοῖς
679 633 806 676 ἔθνεσι
837 635 992 678 τούτοις
1011 636 1054 678 δὲ
1080 637 1205 688 Ῥώμη

318 696 408 737 ἐστὶ
423 694 538 738 πόλις
556 697 721 749 Ἔχουσ’
739 698 959 751 ἐφάμιλλον
978 702 1031 755 τῇ
1052 700 1204 751 δυνάμει

317 759 382 800 καὶ
399 760 584 812 τοῦνομα,
601 761 775 814 ''Aera-pov
799 778 842 803 τι
859 762 988 804 κοινὸν
1010 765 1082 812 τῆς
1109 764 1205 813 ὅλης

317 821 537 874 οἰκουμένης
554 824 624 864 Ἐν
635 827 688 879 τῇ
703 825 860 879 Λατίνῃ,
872 826 1067 877 Ῥὤμυλον
1083 827 1119 867 δ’
1135 828 1202 867 αὖ·

315 887 391 937 τὴν
404 886 548 941 κτίσαι,
561 888 735 939 Θέμενον
747 889 813 942 ἀφ’
828 891 947 931 αὑτοῦ
970 891 1068 943 φασὶ
1081 893 1201 933 τοῦτο

317 952 506 1007 τοῦνομα.

376 1018 432 1058 Ut
449 1020 610 1060 eandem
631 1023 669 1059 et
686 1017 860 1070 patriam
876 1018 1054 1071 haberet,
1078 1024 1118 1060 et
1132 1021 1199 1060 do-

320 1079 489 1132 minam]
517 1080 747 1122 Subtiliter
765 1081 936 1134 quidem
957 1095 982 1122 a
997 1083 1200 1124 Lambino

316 1143 567 1195 excogitata
581 1144 727 1196 lectio,
747 1143 788 1184 in
803 1150 968 1193 textum
985 1151 1125 1187 tamen
1137 1159 1200 1187 re·

317 1205 405 1258 cipi
425 1219 510 1247 non
535 1206 718 1258 ‚debuit3
748 1207 789 1248 in
806 1208 876 1249 lib.
895 1208 1026 1262 enim,
1048 1215 1093 1249 ut
1109 1222 1200 1250 ean-

321 1272 410 1311 dem
427 1274 467 1312 et
496 1266 670 1323 patriam
693 1271 850 1314 haberet
879 1278 916 1314 et
935 1275 1116 1316 domuum
1134 1288 1198 1316 vo·

313 1336 402 1376 luit.
460 1337 569 1378 Haec
601 1338 749 1378 ultima
781 1350 861 1379 vox
886 1339 1016 1380 etiam
1043 1340 1086 1380 in
1113 1341 1198 1382 Ms.

313 1405 475 1452 exstat,
489 1406 601 1442 teste
617 1401 798 1443 schotto
815 1415 826 1442 ε
856 1415 950 1455 quae
965 1403 999 1442 si
1014 1404 1200 1444 retinen-

314 1463 371 1503 da
400 1469 483 1515 est,
514 1464 712 1506 admonet
740 1477 815 1506 nos
844 1467 896 1506 de
928 1467 1034 1507 vitio
1065 1468 1197 1508 totius

310 1527 397 1567 loci
414 1527 603 1568 mutilati
623 1534 698 1570 aut
729 1530 938 1582 corrupti.
994 1530 1197 1571 Planissi-

311 1604 382 1632 ma
400 1591 531 1644 igitur
548 1593 680 1634 lectio
698 1593 831 1635 fuerit
848 1595 884 1635 si
901 1597 1054 1636 domum
1073 1597 1197 1637 resti-

311 1660 476 1707 tuatur,
495 1661 541 1696 et
571 1657 713 1709 aptius
731 1656 844 1699 forte
872 1659 907 1705 si
928 1660 1106 1700 tollatur
1124 1672 1196 1700 vo·

312 1718 409 1758 cula
427 1723 484 1758 est
504 1724 601 1771 post
625 1724 756 1773 natus,
780 1726 826 1761 et
845 1725 889 1761 ut
909 1728 1007 1774 post
1025 1722 1195 1775 imperii.

310 1779 412 1821 Vid.
437 1781 605 1823 Schott.
635 1782 726 1824 obs.
743 1783 832 1841 ⁸lib.
852 1795 924 1826 ιιι.
946 1788 986 1826 8.
1016 1786 1195 1828 Boecler.

306 1844 454 1885 Ernst.
475 1845 659 1886 relative
677 1848 831 1887 domum
846 1847 969 1901 legit.

367 1907 468 1953 Quae
496 1908 755 1961 antiquitate]
795 1910 924 1951 Unde
962 1911 1193 1964 αὐτόχθονες

309 1982 403 2011 sese
418 1971 696 2024 appellabant
711 1972 994 2015 Athenienses
1010 1989 1022 2026 ;
1048 1977 1096 2018 id
1113 1983 1196 2030 est,

310 2040 359 2075 ut
378 2036 568 2088 explicat
586 2037 775 2087 Servius,
793 2039 1026 2089 terrigenas.
1080 2040 1196 2081 Vide

310 2097 487 2139 Suidam
521 2100 563 2139 in
609 2099 865 2152 Αὐτόχθονες.
937 2102 1196 2144 Scholiastes

311 2162 366 2202 ad
383 2162 528 2215 Equit.
550 2163 843 2216 Aristophanis
860 2180 871 2207 :
905 2166 1056 2218 Πρῶτοί
1073 2181 1119 2207 τε
1132 2166 1196 2207 καὶ

311 2222 542 2274 αὐτόχθονες
561 2226 598 2266 οἱ
615 2225 824 2274 Ἀθηναῖοι.
879 2229 1109 2281 Euripides
1126 2230 1194 2270 Io·

310 2298 392 2327 ne:
420 2287 566 2328 Ἐλθὼν
591 2288 690 2330 λαὸν
714 2289 766 2330 εἷς
788 2289 1005 2341 αὐτόχθονα
1024 2294 1195 2332 Κλεινῶν

309 2349 491 2397 Ἀθηνῶν.
548 2351 671 2392 Idem
692 2353 804 2404 apud
825 2353 1120 2406 Plutarchum,
1138 2355 1194 2396 de

309 2413 493 2454 Athenis
509 2427 519 2454 ε
538 2413 593 2454 ’Ἦ
613 2417 745 2467 πρῶτα
769 2414 842 2466 μὲν
859 2416 972 2466 λεὼς,
991 2417 1060 2457 οὐκ
1078 2417 1195 2458 ἐπακ-

309 2474 377 2516 τὸς
389 2475 572 2525 ἄλλοθεν,
585 2476 826 2528 Αὖτόχθονες
840 2479 873 2518 δ’
885 2477 1045 2531 ἔφημεν.
1076 2481 1194 2533 Lege

311 2551 400 2590 prae
419 2539 513 2580 aliis
529 2539 761 2582 Aristidem
782 2542 825 2581 in
844 2542 1193 2586 Panathaenaica.

308 2602 417 2643 Inde
438 2608 520 2654 est,
545 2603 657 2656 quod
678 2604 831 2645 Cicero
850 2605 958 2647 dicit
983 2607 1026 2647 in
1048 2607 1196 2648 Orati-

309 2678 390 2705 one
410 2678 487 2718 pro
509 2667 691 2707 Flacco:
723 2671 734 2690 ‘
749 2669 816 2708 Ex
837 2681 932 2710 sese
959 2682 1055 2711 suos
1075 2672 1192 2712 cives

310 2731 507 2780 genuisse
546 2730 774 2773 dicuntur.’
831 2733 890 2774 Et
913 2734 1112 2776 Justinus
1139 2748 1192 2777 n.

307 2794 318 2813 ‘
337 2793 435 2832 Non
454 2793 648 2846 advenae,
666 2807 806 2848 neque
825 2797 985 2848 passim
1006 2800 1194 2841 collecta

308 2857 458 2908 populi
477 2858 682 2899 colluvies
713 2860 921 2912 originem
941 2863 1035 2903 urbi
1054 2862 1192 2916 dedit,

309 2919 385 2959 sed
399 2920 444 2959 in
458 2920 607 2960 eodem
622 2921 712 2962 nati
729 2923 819 2965 solo
834 2925 949 2976 quod
965 2924 1191 2977 incedunt;

308 2988 353 3022 et
373 2995 469 3036 quae
489 2984 569 3024 illis
597 2983 738 3035 sedeS,
766 2986 916 3026 eadem
945 2989 1066 3041 origo
1096 2994 1194 3030 est.’

308 3047 380 3086 De
401 3059 485 3099 qua
519 3047 625 3087 urbe
661 3047 1015 3101 Incomparabilis
1042 3053 1192 3092 Meur-

308 3111 410 3160 sius,
429 3111 547 3151 Fort.
566 3110 703 3152 Attic.
732 3125 828 3164 cap.
852 3117 887 3154 l.
909 3120 953 3154 et
973 3119 1011 3156 8.
1042 3117 1191 3158 Keucla.

363 3173 646 3226 Humanitate]
691 3176 758 3215 De
793 3178 957 3229 ingenti
1003 3179 1190 3220 humani·

312 3242 403 3276 tate
436 3236 764 3279 Atheniensium
797 3251 901 3292 erga
932 3241 1124 3294 hospites
1143 3249 1191 3284 et

309 3300 574 3352 peregrinos,
605 3301 744 3355 deque
771 3315 846 3344 ara
880 3304 1189 3347 Misericordiae

310 3374 473 3413 eorum,
503 3364 601 3404 vide
627 3366 851 3419 Theophili
881 3369 1028 3413 Graeci
1054 3371 1190 3412 Juris-

310 3425 494 3467 consulti
527 3426 749 3477 παραίφασιν
778 3431 820 3470 iu
840 3432 875 3481 ξ.
894 3431 1190 3485 Ἀλεξανδρεῦσι

310 3487 367 3532 δέ.
404 3489 510 3532 Inst.
540 3489 593 3532 de
619 3490 725 3533 Jure
746 3494 847 3534 Nat.
869 3495 999 3538 Gent.
1030 3502 1078 3539 et
1097 3497 1188 3540 Civ.

708 262 886 302 No'rAE
927 262 1258 303 VARlORUM
1299 264 1364 303 IN
1408 265 1458 303 G.
1499 266 1760 306 NEPOTIS

1269 387 1315 424 et
1331 383 1426 425 illos
1441 384 1690 438 scriptores,
1715 395 1822 437 quos
1854 383 2015 426 ibidem
2038 387 2143 429 cita·

1268 446 1333 500 vit
1351 447 1416 487 Cl.
1435 447 1658 489 Fabrotus.
1686 448 1824 489 Ernst.

1324 509 1541 562 Doctrina]
1577 509 1702 550 Unde
1744 511 1756 533 ‘
1772 516 1894 551 catos
1926 516 1973 552 et
2008 512 2143 555 omnis

1267 572 1456 614 scientiae
1472 574 1717 626 magistros’
1739 579 1860 615 vocat
1875 573 2085 627 Apuleius
2099 576 2145 617 in

1267 636 1620 691 Metamorphosi.
1685 640 1743 680 Et
1779 640 2063 681 Mamertinus
2099 642 2143 682 in

1264 700 1562 755 Panegyrico:
1609 703 1622 727 ‘
1642 703 1756 756 Ipsae
1799 704 1884 744 illae
1931 704 2155 747 bonarum—

1263 763 1415 804 artium
1452 765 1669 817 magistrae,
1713 771 1843 819 atque
1881 767 2143 809 inventrices

1264 824 1475 867 Athenae!
1530 828 1647 870 Quas
1675 828 1771 869 ideo
1800 828 2005 870 ‘doctas'
2022 829 2144 871 dixe·

1263 898 1367 932 runt
1385 891 1550 934 Poetae.
1606 892 1733 944 Vide,
1753 905 1849 946 quae
1869 893 1963 934 fuse
1981 906 2007 934 a
2022 895 2145 936 nobis

1262 956 1406 1007 paullo
1427 963 1528 996 ante
1547 961 1696 997 notata
1713 962 1825 998 sunt.

1315 1019 1425 1059 Car.
1443 1022 1483 1060 4.
1512 1019 1607 1059 Huc
1619 1032 1672 1060 ex
1689 1020 1792 1061 Asia
1810 1020 1922 1061 Sulla
1936 1021 2141 1074 decedens]

1261 1081 1406 1122 Infra:
1436 1083 1756 1124 ‘Humanitatis
1788 1084 1948 1125 nullum
1973 1083 2144 1140 adferre

1260 1145 1397 1197 majus
1442 1145 1728 1186 testimonium
1784 1158 1970 1199 possum,
2015 1159 2143 1201 quam

1261 1208 1374 1260 quod
1394 1208 1646 1250 adolescens
1674 1208 1793 1258 idem,
1821 1209 1911 1249 seni
1928 1209 2060 1250 Sunae
2081 1200 2144 1258 fii-¹

1261 1271 1345 1312 erit
1361 1271 1711 1325 jucundissimus,
1729 1283 1863 1314 senex
1876 1272 2142 1328 adolescenti

1260 1334 1323 1376 M.
1341 1335 1503 1376 Bruto!
1531 1335 1684 1377 Schott.
1735 1331 1762 1355 ⁹
2124 1378 2131 1385 ,,

1313 1398 1579 1439 Adolescentis
1606 1399 1847 1440 humanitate
1875 1403 1914 1440 et
1941 1398 2140 1450 doctrina]

1259 1460 1412 1502 Cicero
1442 1462 1606 1502 Catone
1637 1463 1813 1515 maiore,
1834 1474 1956 1515 quem
1990 1460 2143 1503 Attico

1258 1526 1403 1567 misite
1451 1527 1464 1549 ‘
1487 1526 1603 1568 Novi
1635 1526 1973 1568 moderationem
2007 1526 2142 1567 animi

1259 1590 1322 1629 tui
1340 1595 1387 1629 et
1416 1589 1692 1642 aeqnitatem3
1720 1595 1852 1643 teque
1884 1602 1971 1631 non
1989 1601 2146 1643 cogno·

1257 1665 1354 1693 men
1387 1655 1522 1694 solum
1556 1653 1740 1695 Athenis
1771 1653 2037 1707 deportasse,
2062 1654 2142 1702 sed

1257 1717 1567 1759 humanitatem
1599 1723 1646 1759 et
1675 1717 1949 1770 prudentiam
1982 1717 2142 1765 intelli:-

1257 1781 1342 1835 go!
1397 1783 1456 1823 Et
1490 1782 1628 1835 Epist.
1664 1781 1718 1822 ad
1752 1780 1972 1822 Familiar.
2003 1791 2038 1822 r.
2074 1783 2142 1827 13,

1255 1845 1548 1897 ‘Pomponius
1592 1844 1766 1885 Atticus
1812 1844 1928 1885 omni
1950 1843 2144 1886 «liberati

1258 1907 1459 1949 doctrina
1478 1905 1786 1960 politissimus?
1815 1906 1941 1949 Idem.
2137 1905 2140 1907 “

1311 1970 1382 2011 Sic
1415 1972 1519 2011 enim
1554 1971 1693 2011 Graece
1724 1969 1971 2023 loquebatur]
2012 1969 2143 2031 Unde

1256 2035 1388 2077 Attici
1419 2041 1765 2088 cognomentum.
1825 2036 1977 2076 Cicero
2006 2048 2046 2077 v.
2083 2034 2141 2076 de

1258 2099 1460 2142 Finibus:
1498 2096 1707 2140 ‘Athenis
1739 2111 1786 2140 se
1819 2099 2062 2151 collocavit,
2091 2104 2142 2140 ut

1257 2165 1314 2204 sit
1331 2175 1457 2216 paene
1475 2175 1585 2205 unus
1606 2175 1661 2204 ex
1683 2162 1859 2214 Atticis,
1878 2168 1927 2204 ut
1946 2162 1989 2203 id
2008 2163 2143 2216 etiam

1256 2227 1510 2279 cognomine
1521 2226 1716 2267 videatur
1724 2226 1976 2267 habiturus.’
1986 2226 2142 2267 Schott.

1315 2290 1370 2329 Ut
1389 2290 1560 2330 Athenis
1588 2289 1720 2340 natus]
1749 2290 1809 2329 Ut
1837 2288 2047 2330 Antonius
2065 2289 2141 2332 ille

1256 2352 1370 2404 apud
1391 2351 1505 2391 Plin.
1525 2350 1666 2402 Epist.
1687 2349 1757 2390 lib.
1779 2361 1840 2390 ιν.
1859 2354 1898 2391 3.
1928 2351 2068 2392 Ernst.

1313 2414 1440 2454 Tanta
1468 2418 1598 2453 autem
1627 2417 1712 2452 erat
1744 2414 1920 2454 suavitas
1953 2415 2142 2456 sev-nmis

1254 2478 1412 2530 Latini]
1422 2478 1578 2519 Cicero
1598 2476 1736 2528 Epist.
1751 2476 1804 2516 ad
1817 2474 1954 2518 Attio.
1968 2477 2043 2518 lib.
2057 2487 2139 2518 xv.

1257 2547 1295 2583 1.
1321 2542 1333 2564 ‘
1347 2540 1503 2581 Oratio
1521 2539 1685 2592 scripta
1697 2540 2032 2592 elegantissimis
2046 2552 2140 2581 sen-

1257 2605 1422 2657 tentiis,
1445 2610 1493 2655 ut
1525 2604 1626 2644 nihil
1657 2611 1802 2656 posset
1834 2603 1979 2656 ultra‚’
2040 2603 2139 2656 Hoe

1256 2669 1310 2709 de
1337 2663 1503 2710 Catulis
1522 2667 1732 2719 praedicat
1762 2667 1878 2709 idem
1906 2667 2061 2718 Cicero
2083 2667 2140 2708 de

1256 2731 1386 2774 Offic.
1403 2743 1434 2772 1.
1466 2731 1682 2772 Heidman.

1313 2797 1453 2836 Graece
1468 2800 1505 2836 et
1524 2794 1688 2845 Latine]
1715 2794 1964 2846 Scripserat
1982 2794 2140 2845 Graece

1256 2859 1309 2899 de
1354 2859 1581 2899 consulatu
1617 2857 1840 2897 Ciceronis
1885 2863 2142 2900 commenta·

1255 2920 1389 2970 rium3
1435 2920 1510 2973 qui
1546 2925 1690 2959 tamen
1719 2919 1963 2961 horridulus
1995 2926 2043 2962 et
2075 2920 2140 2961 in-

1254 2989 1453 3037 comptus
1492 2982 1694 3024 Ciceroni
1730 2983 1844 3023 visus
1882 2991 1966 3035 est,
2002 2985 2140 3045 Epist?

1254 3048 1329 3088 lib.
1351 3059 1402 3087 ιι.
1425 3051 1462 3087 1.
1484 3053 1531 3087 et
1550 3045 1626 3086 inf.
1653 3045 1808 3086 Schott.

1257 3103 1259 3105 ¹
1311 3112 1520 3163 Nunquam
1539 3122 1622 3149 eum
1642 3109 1690 3149 ab
1709 3121 1751 3149 se
1769 3109 2005 3164 dimitteret]
2031 3111 2140 3167 Erat

1253 3175 1370 3215 enim
1390 3180 1436 3214 et
1468 3174 1562 3226 ipse
1591 3173 1711 3213 Sulla
1730 3173 1868 3213 literis
1888 3174 2056 3214 Graecis
2075 3179 2140 3215 at·

1253 3251 1335 3293 que
1352 3227 1515 3279 Latinis
1525 3237 1656 3289 juxta
1669 3236 1915 3277 doctissime
1927 3235 2138 3289 eruditus,

1254 3302 1394 3342 animo
1427 3301 1611 3352 ingenti,
1642 3299 1821 3351 cupidus
1847 3299 2137 3352 voluptatum,

1255 3365 1329 3406 sed
1363 3364 1510 3417 gloriae
1540 3362 1766 3414 cupidior:
1795 3360 2021 3412 facundus,
2053 3363 2136 3403 cal-

1252 3428 1383 3479 lidus,
1421 3432 1467 3468 et
1495 3425 1685 3468 amicitia
1716 3423 1867 3465 facilis.
1906 3424 2134 3468 Sallustius

1252 3491 1455 3545 Jugurth.
