2306 3900
599 263 716 302 xx.
774 261 1262 313 τιΜοιΕοΝτΕΜ,
1301 261 1440 300 GAP.
1478 247 1529 299 1.

154 388 274 428 certe
298 387 399 437 post
412 382 578 424 obitum
604 380 766 423 nullam
792 378 958 421 Atticae
978 391 1042 420 re-

154 448 307 502 gionis,
323 460 420 501 quae
450 446 616 488 ossibus
645 445 740 497 ejus
771 443 1043 496 injiceretur,

155 512 370 565 glebulam
388 510 579 560 invenit3
599 509 749 563 jussus
779 511 908 548 extra
936 505 1045 546 fines

155 575 328 628 projici,
346 575 465 617 intra
481 584 589 629 quos
618 571 808 626 optimus
828 569 934 611 civis
954 569 1046 609 vix·

608 950 793 1013 XX.

212 1094 376 1142 CARI.
396 1093 612 1148 Timoleon]
634 1093 687 1134 In
700 1093 926 1135 Plutarchi
938 1092 1055 1134 codi-

158 1158 282 1200 cibus
305 1158 502 1199 Timoleon
520 1158 732 1211 scriptum
748 1157 872 1198 video
882 1156 960 1198 ἀπὸ
976 1158 1050 1206 τῆς

155 1224 287 1273 τιμῆς.
323 1222 375 1262 tn
390 1222 550 1263 nostris
570 1222 692 1262 libris
713 1222 844 1262 editis
864 1227 912 1262 et
930 1221 1052 1263 Gifa-

157 1286 221 1327 nii·
245 1285 510 1326 Lucretiano
542 1285 695 1326 Indice
718 1285 949 1338 Thymoleon
975 1284 1052 1325 ἀπὸ

153 1350 228 1390 τοῦ
241 1348 372 1399 θυμοῦ
398 1349 523 1402 quasi
538 1349 711 1389 leonino
727 1349 884 1401 animo,
902 1347 946 1388 id
967 1354 1050 1400 est,

157 1415 349 1466 excelso,
385 1413 611 1467 praeditus.
666 1413 740 1453 De
767 1412 850 1452 hoc
886 1417 1053 1464 praeter

155 1477 440 1519 Plutarchum
469 1489 521 1517 ac
555 1476 801 1517 Diodorum
837 1474 1050 1528 Polybius

156 1541 232 1583 lib.
265 1551 321 1582 u.
357 1545 404 1581 et
437 1550 505 1581 11.
548 1539 695 1580 Livius
723 1537 800 1580 lib.
827 1548 974 1579 xxxv.
1006 1543 1053 1579 et

153 1615 320 1647 xxxix.
338 1603 580 1645 Pausanias
594 1603 639 1643 in
651 1601 892 1643 Arcadicis.
911 1601 1053 1642 Schot-

153 1673 233 1712 tus.
251 1667 384 1722 Apud
395 1666 731 1720 Aristophanem
743 1666 877 1706 Ranis
892 1670 978 1708 act.
988 1677 1054 1706 ιν.

155 1737 199 1774 2.
236 1733 446 1786 seriptum
478 1737 545 1772 est
576 1727 802 1781 Θυμολέων.
847 1729 1052 1770 Gebhard.

157 1796 445 1838 Timoleontis
471 1801 615 1836 autem
648 1799 777 1846 pater
808 1792 892 1834 fuit
912 1794 1055 1835 Time·

157 1867 316 1911 naetus,
332 1864 511 1900 auctore
524 1857 722 1899 Diodoro
739 1857 885 1898 Siculo
905 1858 936 1897 l.
954 1868 1054 1900 ΧΠ.

157 1925 252 1978 sed,
280 1929 329 1966 ut
360 1924 455 1965 vult
491 1923 755 1965 Plutarchus
794 1923 840 1963 in
871 1923 1056 1964 Timole-

157 1996 279 2043 onte,
307 1990 607 2032 Timodemus:
639 1995 780 2031 mater
799 1993 944 2030 autem
966 1989 1055 2029 De·

157 2054 353 2095 mariste.
381 2053 566 2095 Lambin.
619 2053 689 2093 De
721 2053 803 2093 hoc
831 2051 934 2092 vide
950 2052 1059 2093 Dio·

160 2116 312 2157 dorum
346 2115 421 2157 lib.
452 2127 551 2158 xvi.
591 2115 819 2156 Plutarch.
859 2112 1055 2168 Po'lyaen.

161 2181 351 2234 Strateg.
371 2181 448 2222 lib.
471 2192 503 2221 1.
525 2180 717 2221 Suidam.
739 2180 902 2220 Savoro.
936 2181 1056 2221 Prae-

160 2244 315 2296 cipuus
367 2244 463 2296 eJus
495 2243 685 2297 sci-lptor
712 2242 900 2284 Timaeus
922 2242 1057 2285 inter·

161 2307 285 2350 cidit.
939 2325 943 2329 ·

211 2373 280 2414 Aa
297 2372 389 2426 ulli]
435 2372 508 2414 Ita
540 2372 643 2413 Vet.
676 2371 788 2414 Cod.
825 2370 1055 2424 perspicue

160 2437 294 2489 magis
324 2448 453 2490 quam
484 2438 541 2476 ari
561 2435 683 2476 nulli:
713 2439 763 2476 ut
799 2433 1056 2490 frequenter

160 2500 336 2550 Cicero,
366 2499 625 2540 Graecorum
661 2498 879 2550 exemplo.
949 2498 1058 2538 Mox

159 2563 363 2616 conflictus
381 2562 424 2602 in
443 2561 596 2603 eodem
627 2573 705 2614 pro
723 2561 986 2614 conflictatus,
1005 2566 1056 2602 ut

161 2628 356 2668 exercitus
374 2639 452 2680 pro
472 2627 728 2667 exercitatus.
759 2626 929 2667 Schott.

218 2691 457 2743 Oppressum
470 2701 496 2728 o
518 2689 722 2742 Tyranno]
754 2687 795 2729 A
810 2687 949 2730 fratre
969 2700 1056 2730 ma-

154 2759 253 2810 jore
272 2761 394 2807 natu,
413 2755 694 2807 Timophane.
723 2753 906 2795 Lambini.

217 2818 332 2860 Bello
349 2817 552 2870 vexatum]
589 2817 719 2861 Quod
750 2823 921 2870 gestum
944 2822 1013 2858 est
1032 2830 1058 2858 a

164 2880 578 2934 Carthaginensibus
638 2880 797 2933 partim
845 2880 1057 2921 adversus

164 2953 394 2999 tyranuum
423 2942 682 2997 Dionysium
707 2944 931 2996 majorem,
949 2943 1060 2984 duce

164 3010 335 3051 Dione:
366 3013 413 3051 et
445 3008 589 3050 Dione
625 3006 879 3060 interfecto,
900 3007 1060 3061 Callip-

166 3087 283 3127 pum,
314 3073 387 3127 qui
421 3073 606 3114 menseis
640 3084 747 3114 xm.
782 3073 1058 3126 tyrannidem

163 3139 369 3191 obtinuit,
397 3144 446 3179 ut
466 3143 615 3179 narrat
629 3137 810 3181 Diodor.
845 3138 921 3179 lib.
955 3149 1055 3180 xvi.

163 3211 210 3246 et
257 3202 459 3255 Callippo
512 3202 708 3256 subacto,
763 3202 1058 3256 Hipparinum

165 3267 365 3321 Dionysii
386 3267 435 3307 F.
474 3266 547 3319 qui
575 3277 710 3307 annos
741 3266 849 3307 duos
879 3267 1059 3319 imperio

166 3338 346 3384 paterno
382 3329 547 3384 potitus
581 3334 676 3370 est:
707 3329 864 3370 deiude
894 3330 1059 3382 Diony-

170 3395 278 3436 sium
299 3395 455 3447 ipsum,
488 3392 560 3446 qni
594 3392 822 3446 imperium
857 3392 1060 3433 amissum

169 3456 459 3509 recuperavit.
495 3454 678 3496 Lambin.

224 3521 272 3560 In
286 3520 499 3572 pristinam
516 3520 768 3572 restitueret]
810 3520 1057 3573 Eleganter.

168 3584 309 3636 Vulgo
326 3586 474 3624 statum
494 3582 672 3627 addunt.
706 3584 905 3628 Gebhard.

1893 244 2002 298 623

1108 379 1231 420 erat!
1256 379 1421 420 Savaro.
1476 377 1591 420 Vide
1624 375 1750 417 Alex.
1781 373 1835 415 ab
1867 372 1997 415 Alex.

1110 443 1285 484 Genial.
1303 442 1469 484 dierum
1489 442 1565 483 lib.
1583 453 1651 482 vr.
1670 443 1740 481 14.

1163 506 1204 546 A
1221 506 1344 546 servis
1372 507 1544 558 sepultus
1569 504 1649 556 est]
1690 504 1840 556 Longe
1877 502 2004 544 aliter

1112 567 1196 610 ista
1212 567 1351 611 refert
1366 569 1639 611 Plutarchus.

872 951 1548 1016 TIMOLEON.

1173 1095 1276 1136 Dux
1292 1108 1317 1136 o
1338 1094 1579 1147 Corinthiis]
1607 1093 1659 1134 In
1676 1093 1790 1135 bello
1804 1093 2010 1137 adversus

1120 1157 1306 1211 Argivos
1327 1164 1374 1201 et
1391 1159 1632 1200 Cleonaeos.
1665 1156 1847 1199 Lambin.

1174 1225 1257 1266 Per
1283 1225 1433 1266 milites
1469 1222 1746 1275 mercenarios]
1795 1220 2009 1263 Corinthii

1119 1289 1266 1341 veriti,
1297 1302 1352 1331 ne
1385 1290 1500 1330 idem
1521 1288 1602 1330 sibi
1624 1287 1862 1338 accideret,
1895 1284 2011 1338 quod

1120 1358 1167 1394 et
1187 1358 1334 1403 antea,
1354 1352 1563 1393 Corintho
1583 1349 1755 1402 amissa,
1781 1354 1826 1390 et
1846 1361 1871 1389 a
1889 1348 2015 1390 sociis

1118 1416 1224 1468 ipsis
1243 1420 1473 1468 occupata,
1491 1413 1830 1468 quadringentos
1849 1411 2013 1452 milites

1119 1478 1407 1520 mercenarios
1440 1479 1557 1518 alere
1587 1477 1891 1526 decreverunt,
1925 1474 2016 1528 qui-

1120 1543 1199 1584 bus
1225 1543 1535 1595 Timophanem
1570 1539 1878 1594 praefecerunt.
1936 1537 2018 1578 Ille

1121 1612 1262 1647 autem
1283 1606 1411 1647 rebus
1433 1605 1628 1647 omnibus
1645 1604 1835 1645 honestis
1854 1607 1901 1644 et
1921 1602 2017 1655 jus-

1123 1671 1186 1710 tis·
1198 1670 1411 1722 neglectis
1441 1682 1492 1710 ac
1521 1669 1757 1721 despectis,
1782 1666 2016 1709 confestim

1124 1745 1176 1775 ea
1194 1734 1248 1774 ad
1268 1734 1433 1775 exitum
1454 1733 1672 1787 perduxit,
1693 1731 1845 1786 quibus
1862 1730 2015 1772 civita·

1124 1802 1214 1838 tem
1260 1797 1306 1837 in
1341 1809 1461 1837 suam
1505 1800 1770 1848 potestatem
1814 1794 2016 1846 redigere

1123 1865 1299 1913 posset3
1327 1865 1374 1900 et
1394 1859 1542 1901 multis
1561 1858 1727 1899 civibus
1748 1855 2019 1909 principibus

1123 1937 1176 1965 ac
1194 1923 1410 1977 primariis
1431 1923 1595 1964 indicta
1614 1933 1744 1963 causa
1763 1921 1945 1973 necatis,
1973 1931 2020 1960 se

1124 1988 1218 2040 ipse
1238 1994 1468 2040 tyrannum
1487 1986 1730 2028 constituit.
1760 1984 1942 2025 Lambin.

1181 2052 1239 2092 Et
1253 2056 1362 2103 patr.
1384 2050 1550 2102 legibus,
1569 2051 1657 2103 esa]
1689 2049 1760 2089 Sic
1773 2053 1933 2100 'noster
1946 2059 2018 2088 co-

1125 2115 1225 2156 dex.
1253 2113 1465 2166 Grifanius,
1483 2118 1523 2155 et
1537 2114 1681 2165 potriae
1698 2123 1838 2165 parere
1851 2110 2018 2162 legibus,

1122 2191 1240 2232 quam
1274 2177 1468 2230 imperare
1500 2177 1625 2217 satius
1658 2175 1834 2216 duxerit.
1902 2174 2021 2215 Quo-

1123 2243 1258 2283 modo·
1283 2247 1329 2283 et
1358 2240 1516 2293 Ultraj.
1548 2239 1726 2280 editum.
1758 2238 1939 2290 Lougoi.
1974 2242 2021 2277 et

1123 2306 1298 2358 Magius
1345 2316 1423 2359 pro
1472 2303 1600 2344 satius
1650 2292 1802 2354 legunt
1843 2300 2014 2342 santius.

1125 2371 1227 2412 Hoc
1247 2369 1404 2424 probat
1425 2368 1673 2421 Lambinus,
1690 2366 1796 2407 illud
1827 2365 2021 2406 damnat.

1129 2433 1333 2475 Senectus.

1182 2497 1266 2537 Per
1282 2494 1518 2548 aruspicem]
1563 2493 1678 2535 Huic
1711 2493 2020 2544 Theopompus

1128 2573 1284 2601 nomen
1317 2559 1499 2612 imponit
1534 2559 1706 2611 Satyro,
1738 2557 1934 2608 Ephorus
1974 2559 2022 2594 et

1126 2626 1313 2667 'rimaeus
1333 2624 1610 2676 Orthagorae.
1667 2623 1760 2674 Ego
1779 2620 1841 2660 illi
1873 2618 2020 2671 Satyri

1126 2701 1283 2730 nomen
1312 2687 1443 2728 fuisse
1475 2687 1695 2740 proprium
1717 2690 1839 2738 puto,
1859 2683 2021 2724 Ortha-

1128 2765 1245 2806 gorae
1265 2763 1369 2792 vero
1405 2749 1678 2802 adjectitium
1709 2748 1846 2788 laudis
1875 2759 2022 2797 cansa,

1128 2817 1243 2871 quod
1267 2828 1367 2857 vera
1381 2826 1437 2855 ex
1454 2813 1702 2866 aruspicina
1718 2811 2020 2865 responderet.

1130 2881 1299 2933 Longoz.

1185 2945 1509 3000 Communemque
1545 2939 1718 2997 affinem]
1785 2940 1915 2982 Hunc
1954 2938 2022 2979 AE·

1126 3008 1321 3060 schylum
1348 3012 1478 3048 vocat
1498 3005 1779 3057 Plutarchus,
1798 3009 1845 3044 et
1874 3003 2019 3044 uxoris

1126 3072 1403 3125 Timophanis
1423 3070 1604 3112 fratrem
1621 3067 1751 3109 fuisse
1772 3067 1893 3107 dicit.
1950 3066 2018 3105 De

1124 3136 1208 3177 hoc
1244 3134 1572 3188 Thymoleontis
1616 3132 1688 3184 pio
1726 3130 1851 3170 simul
1887 3134 2019 3181 atque

1126 3199 1261 3252 impio
1293 3197 1503 3249 facinore,
1533 3196 1647 3237 idem
1682 3193 1944 3234 Plutarchus
1975 3193 2021 3233 in

1128 3261 1326 3303 Politicis
1340 3260 1602 3301 mentionem
1617 3257 1740 3298 facit.
1771 3257 1888 3308 Mag.
1941 3256 2020 3307 Af·

1114 3324 1263 3380 finem]
1290 3323 1344 3364 Id
1362 3327 1443 3376 est,
1455 3322 1677 3373 sororium,
1691 3321 1850 3361 sororis
1866 3319 2018 3372 virum,

1129 3391 1368 3441 interprete
1395 3387 1490 3439 ipso
1522 3386 1711 3438 Nepote.
1765 3384 1880 3426 Vide
1908 3385 2017 3427 Not.

1129 3464 1248 3505 supr.
1269 3451 1312 3491 in
1334 3450 1494 3492 Dione.
1549 3450 1771 3491 Praeterea
1796 3449 1859 3490 sic
1888 3449 2019 3490 intel-

1127 3516 1215 3568 lige
1235 3515 1331 3557 Val.
1351 3516 1471 3556 Max.
1491 3515 1562 3557 lib.
1582 3527 1635 3556 n.
1652 3518 1694 3556 7.
1715 3525 1882 3566 exemp.
1901 3517 1940 3552 7.
1973 3516 2020 3552 et

1126 3579 1199 3622 lib.
1222 3591 1253 3621 1.
1274 3582 1311 3620 1.
1333 3590 1501 3634 exemp.
1522 3582 1563 3622 7.
1594 3578 1756 3620 Auson.
1794 3578 1836 3618 in
1871 3586 2022 3628 paren-
