2306 3900
276 255 495 315 cxxviii

302 435 305 437 ,
337 406 430 433 vum
458 391 704 455 ‘respectus’
736 403 801 444 ap.
831 390 978 432 sustin.
1018 392 1085 440 xii,

336 451 403 488 8ι
423 459 525 518 quos
543 446 627 485 sine
645 451 826 498 respectu
845 445 1028 503 amicitiae
1043 397 1173 526 necarl

330 499 479 553 jussitss
497 505 542 539 et
559 498 657 538 alios
675 498 854 560 passim)

283 553 366 598 Res
397 553 542 592 ondere
572 553 737 606 superbe
755 551 946 606 (incivilis
962 552 1091 592 animi
1099 567 1171 593 no-

337 613 378 646 ta
428 606 482 653 ir,
507 610 532 647 8
560 607 798 668 respondere
830 608 1007 660 (causam
1041 607 1170 647 dicere

335 661 377 699 in
391 635 544 712 judic.)
571 674 637 707 xv,
655 664 682 699 8
723 659 765 699 in
793 661 1056 713 respondendi
1085 661 1172 700 bre-

335 713 457 755 vitate
485 712 702 754 concinnus
729 712 800 767 (τὸ
827 714 1173 767 ἄπυφθεγμαιικὸν

336 767 543 807 dictorum
554 767 754 806 innuitur.
784 769 894 820 quod
911 775 1067 808 constat
1085 770 1171 809 bre-

335 820 473 860 vitate
484 826 537 860 et·
543 821 842 874 concinnitate)
858 835 923 870 xv,
942 827 967 862 5
997 822 1171 875 (oppon.

338 880 498 913 ornatus
515 874 558 914 in
574 879 768 927 perpetua
785 875 976 922 oratione,
986 876 1092 915 ibid
1095 875 1116 929 )

286 926 513 980 Responsio
548 927 790 968 irridentium
818 928 847 975 i,
878 933 898 970 1
942 942 1171 997 responsum

340 981 489 1021 oraculi
507 980 730 1034 (Apollinis
747 980 920 1034 Delph.)
948 982 977 1030 i,
999 986 1019 1023 1
1051 982 1171 1034 αἰνιγ-

335 1036 512 1086 ματῶδες
537 1035 581 1082 ii,
599 1039 626 1076 2
669 1035 747 1075 Dei
766 1035 955 1105 Delphici
984 1049 1171 1091 responso

337 1089 395 1136 iv,
413 1094 438 1129 5

283 1142 475 1184 Restare·
503 1143 695 1183 restiterat
710 1144 787 1183 hoc
812 1141 1070 1198 (supererat),
1107 1143 1170 1183 Fr.

284 1249 508 1291 Restituere
540 1250 658 1290 alicui
689 1263 760 1290 sua
786 1263 851 1296 xx,
870 1253 896 1290 8
935 1262 1064 1290 muros
1081 1250 1170 1304 (ex-

340 1305 517 1358 struere)
535 1303 579 1352 ii,
595 1308 623 1345 6
650 1304 744 1344 Sic.
763 1317 901 1344 muros
925 1318 974 1343 ex
999 1305 1170 1344 hostium

316 1359 472 1410 .praeda
503 1358 640 1411 patriae
675 1358 894 1397 restituerat
921 1357 1003 1405 xiii,
1035 1362 1062 1399 4
1110 1372 1169 1398 re-

339 1411 498 1451 stituere
533 1411 704 1464 aliquem
734 1412 775 1450 in
803 1425 963 1463 regnum
992 1412 1045 1459 xi,
1064 1416 1091 1452 2
1129 1412 1171 1460 in

339 1465 544 1518 pristinum
575 1465 639 1518 (in
657 1471 747 1504 stat.
764 1464 895 1518 prist.)
923 1478 988 1512 xx,
1011 1469 1031 1505 1
1061 1465 1171 1504 resti-

341 1519 479 1558 tuendi
507 1518 583 1572 (sc.
614 1517 722 1571 ejus)
752 1531 840 1570 spes
868 1519 976 1558 nulla
994 1525 1077 1558 erat
1093 1519 1171 1570 (sc.

315 1574 389 1612 ab
408 1573 554 1613 exilio
543 1586 583 1611 ιιι
602 1571 789 1626 patriam)
817 1586 906 1619 xxv,
923 1577 950 1612 9
977 1572 1061 1612 Sic:
1091 1573 1170 1611 suf·

319 1626 539 1690 fragante·
536 1626 778 1665 Theramene
797 1626 1037 1688 populiscitu
1062 1626 1171 1665 resti·

341 1680 463 1719 tuitur
488 1679 557 1726 vii,
577 1684 600 1719 5
634 1678 827 1741 plenius·
858 1680 898 1717 in
919 1680 1081 1730 patriam
1111 1692 1170 1718 re-

341 1734 501 1773 stitutus
534 1738 595 1773 est
633 1731 744 1779 iii,1
797 1733 999 1772 restituere
1037 1734 1170 1772 urbem

340 1787 502 1840 (incolis
537 1794 579 1826 et
615 1784 824 1838 disciplina
860 1799 945 1825 earn
979 1787 1171 1841 condere)

342 1841 423 1889 xvi,
439 1844 466 1882 4

286 1892 530 1939 Retardare:
561 1900 606 1933 ιιι
634 1906 714 1932 ιιοιι
746 1892 873 1932 minus
907 1892 1072 1933 totidem
1090 1893 1174 1933 die-

339 1962 424 1988 rum
444 1948 572 2001 spatio
591 1948 846 1987 retardaretur
864 1947 938 2000 (de
956 1948 1112 1987 hostis
1102 1961 1174 1987 ιιιι-

342 2009 438 2054 petu
453 2002 627 2055 tardato)
647 2001 756 2048 xviii,
766 2006 793 2042 9
817 2001 953 2054 (moxz
974 2001 1176 2041 resraenare

319 2057 464 2096 hostis
491 2056 696 2108 impetum,
717 2056 814 2094 ibid.
858 2054 981 2093 hostis
998 2056 1176 2095 celerita-

341 2117 420 2150 tem
440 2109 666 2162 impedire).
693 2109 886 2148 retardare
911 2109 1061 2147 hostis·
1050 2122 1176 2162 impe·

342 2170 404 2204 tus
432 2164 497 2210 xi,-
505 2167 532 2204 2
573 2163 691 2216 hujus
724 2175 817 2202 casu
835 2162 1080 2214 aliquantum
1111 2176 1171 2202 re·

343 2218 485 2257 tardati
511 2224 603 2256 sunt
630 2216 775 2257 Boeotii
795 2216 868 2268 (de
886 2215 1175 2268 Epaminonda,

343 2284 456 2324 sparo
475 2271 627 2310 eminus
642 2269 846 2323 percusso)
874 2283 938 2316 xv,
959 2272 987 2309 9

290 2324 411 2364 Retia
437 2324 518 2370 xvi,
535 2328 561 2364 2

290 2378 478 2418 Retinere
507 2376 821 2416 benevolentiam
852 2374 1018 2427 alicujus
1045 2389 1133 2422 xxv,
1149 2381 1173 2415 5

345 2445 459 2471 usum
473 2429 864 2481 benevolentiamque
883 2441 973 2475 xxV,
982 2432 1035 2469 20
1063 2442 1174 2468 suum

344 2484 519 2525 ordinem
539 2483 603 2537 (in
621 2495 787 2522 success.
807 2495 863 2522 sc.
880 2488 922 2521 et
934 2481 1014 2534 jur.
1031 2482 1176 2535 famil.)

345 2538 439 2585 xvii,
460 2542 482 2579 1
512 2538 634 2576 vitam
653 2535 800 2576 diutius
826 2535 936 2582 xxiii,
958 2539 1010 2576 12

290 2591 480 2633 Retinere
494 2590 644 2644 aliquid
659 2588 845 2630 memoria
870 2602 959 2636 xxv,
973 2593 1023 2630 11
1053 2602 1177 2642 usque

344 2659 395 2686 eo
413 2645 573 2687 retinuit
590 2643 760 2684 serrum
749 2656 790 2682 ιιι
809 2655 984 2695 corpore,
1004 2644 1110 2695 quod
1129 2657 1177 2683 ex

344 2699 476 2739 hastili
490 2704 724 2739 remanserat
750 2710 814 2744 xv,
830 2701 857 2736 9
885 2697 1049 2737 retinere
1063 2697 1176 2737 boni·

347 2759 428 2793 tate
463 2758 698 2805 potestatem
725 2750 940 2804 (exercere,
969 2751 1177 2804 usurpare)

345 2807 375 2854 i,
389 2811 416 2848 8
444 2806 596 2867 aliquos
611 2806 683 2845 sub
698 2810 894 2867 potestate
909 2804 973 2856 (in
987 2805 1177 2868 obsequio

346 2866 388 2900 et
413 2860 514 2913 fide)
543 2859 572 2907 i,
590 2863 615 2900 8
643 2858 803 2898 retinuit
831 2871 873 2898 se
906 2858 1012 2897 domi
1039 2872 1104 2906 xv,
1125 2862 1177 2900 10

346 2913 433 2966 (Sic
470 2889 598 2953 edidit
640 2911 877 2952 Lambinus·
866 2940 878 2961 ,
923 2910 1011 2951 Nos
1053 2913 1179 2952 secuti

347 2968 464 3007 libros
489 2967 664 3019 optimos
701 2966 909 3012 edidimus,
937 2965 1098 3005 ‘domo
1133 2979 1177 3006 se

349 3027 477 3060 tenuit

293 3020 535 3115 Retraherg:
567 3086 648 3112 uno
674 3072 809 3125 praelio
835 3071 990 3112 Thebas
1009 3072 1059 3111 ab
1076 3072 1176 3112 inte-

347 3129 423 3170 ritu
452 3127 609 3173 retraxit
637 3125 871 3180 (revocavit,
898 3125 1085 3180 servavit)
1108 3140 1176 3174 xv,

297 3233 487 3274 Reverti·
517 3233 586 3272 sed
611 3233 706 3273 illue
733 3239 900 3274 revertor
926 3246 966 3280 x,
984 3237 1011 3275 4
1038 3233 1109 3273 sed
1127 3233 1176 3272 ad

349 3288 437 3326 illos
466 3293 635 3327 revertar
659 3287 767 3335 xviii,
786 3290 813 3328 8
855 3287 1052 3341 (formulas
1089 3292 1180 3339 post

351 3341 475 3380 factas
494 3340 773 3394 digressiones)

296 3393 501 3434 Revocare
530 3394 654 3433 filium
684 3395 735 3433 ad
767 3394 946 3434 virtutem
974 3407 998 3433 a
1030 3393 1181 3434 luxuria

352 3451 435 3496 ¹,ss
480 3445 649 3499 aliquem
684 3449 844 3487 domurn
859 3447 1021 3494 «xiiia
1067 3461 1177 3492 revo-

352 3514 441 3542 care
471 3513 560 3540 suos
588 3500 683 3539 tuba
715 3500 910 3553 (inhibere
941 3502 1177 3542 incurrentes

1098 265 1300 308 mnax

1288 391 1331 430 in
1359 387 1494 454 host.)
1519 390 1590 438 xii,
1621 394 1642 432 1
1684 390 1862 431 revocari
1882 390 1923 431 in
1954 393 2114 457 patriam

1290 443 1401 498 (scil.
1419 445 1470 485 ab
1483 441 1597 498 exil.)
1623 457 1662 492 v,
1679 448 1705 485 8
1732 445 1936 485 defensum
1956 447 2117 498 patriam

1289 511 1380 546 xxv,
1399 503 1427 541 6

1229 551 1346 593 Reus
1359 552 1495 593 delicti
1521 551 1592 599 vii,
1609 555 1635 592 8
1662 551 1873 604 parricidii,
1889 552 1961 592 Fr.
1959 555 1990 593 4
2006 553 2119 605 (sub.

1290 612 1303 630 ⁰
1317 607 1368 646 de
1386 605 1573 647 crimine?
1598 612 1657 645 est
1671 607 1775 645 enim
1791 605 1916 658 ellipt.
1936 606 2118 659 locutio).

1289 673 1396 700 reum
1438 660 1566 700 facere
1602 659 1773 714 aliquem
1811 661 2010 699 absentem
2047 661 2118 708 vii,

1234 766 1325 808 Rex
1340 766 1500 807 nomine
1518 779 1599 805 non
1619 772 1814 820 potestate
1842 767 1914 820 (de
1925 766 2117 829 Agesilao

1288 819 1617 882 Lacedaemonio)
1654 821 1734 867 xxi,
1772 825 1790 861 1
1844 819 1964 860 alibi:
2008 833 2118 873 reges

1288 886 1628 967 ἲ.ἳ.““,ἶῗ,ξ..“ἰῖἔέἓι
1637 883 1753 966 21:32²
1763 886 1868 974 12¹³}
1870 873 1956 967 ²1¹2}
1975 874 2119 966 3:333.ss

1286 981 1367 1028 xiv,
1399 985 1437 1022 8
1464 980 1514 1033 (i.
1550 993 1586 1020 e.
1615 981 1816 1034 dynastes.
1849 995 1886 1022 v.
1919 980 2118 1034 Dynast.)

1287 1034 1376 1075 Rex
1396 1034 1566 1088 (ἁπλῶς,
1599 1045 1670 1086 pro
1700 1046 1791 1087 rege
1818 1034 1959 1085 Pe‘rs.)
1978 1035 2072 1081 xvii,
2089 1039 2116 1076 2

1288 1095 1330 1128 et
1364 1089 1456 1128 alibi
1494 1086 1610 1142 (Scil.
1647 1089 1864 1135 Persarum,
1907 1095 1950 1128 et
1984 1095 2122 1151 postea

1288 1143 1521 1183 Parthorum
1541 1155 1650 1193 reges
1667 1155 1748 1181 non
1767 1142 1892 1181 solum
1911 1155 1934 1181 a
1952 1141 2031 1181 suis
2049 1143 2117 1182 sed

1288 1197 1406 1236 etiam
1439 1209 1463 1235 a
1497 1195 1647 1236 Graecis
1678 1201 1721 1235 et
1751 1195 1869 1235 Rom.
1901 1195 2119 1247 scriptorib.

1289 1250 1342 1289 ob
1370 1249 1588 1302 potentiam
1621 1255 1662 1289 et
1696 1248 1846 1302 imperii
1873 1249 2120 1301 amplitudin.

1289 1316 1396 1344 nunc
1424 1302 1635 1354 ιμεγάλου
1657 1301 1867 1350 βασιλέως’
1893 1308 1974 1342 et‘
1990 1303 2120 1374 magni

1287 1357 1418 1434 regis;
1407 1357 1431 1380 ·'
1459 1371 1566 1397 nunc
1591 1357 1808 1397 absolute‘
1828 1355 2054 1403 βασιλέι-»εξ
2081 1363 2123 1396 et

1289 1411 1427 1464 ‘regis’
1444 1412 1559 1450 titulo
1572 1411 1892 1463 insigniebantur.
1921 1411 2002 1449 vid.
2017 1410 2123 1450 Bris-

1288 1477 1373 1504 son.
1408 1465 1476 1504 lib.
1503 1470 1542 1506 1.
1571 1466 1622 1503 de
1650 1477 1731 1516 reg.
1750 1465 1857 1503 Pers.
1878 1470 1918 1503 et
1933 1464 2119 1503 Scheffer.

1287 1518 1329 1557 in
1349 1518 1440 1557 Ind.
1456 1517 1644 1570 AEliani)
1683 1530 1793 1570 reges
1810 1530 1922 1557 casus
1942 1518 2122 1556 adversos

1288 1571 1525 1618 hominibus,
1557 1572 1750 1611 secundos
1770 1584 1850 1611 suae
1867 1571 2037 1610 fortunae
2055 1572 2121 1610 tri·

1289 1625 1418 1663 buunt
1444 1626 1523 1671 xiv,
1542 1629 1566 1663 5

1234 1675 1368 1729 Reges
1388 1678 1541 1730 Nepoti
1559 1677 1789 1717 memorati:
1810 1677 2015 1742 Agesilaus
2041 1679 2122 1724 xxi,

1292 1735 1310 1771 l
1373 1732 1519 1786 Cyrus,
1565 1731 1712 1771 Darius
1756 1730 1970 1785 Hystaspis
2005 1732 2124 1780 filius,

1288 1784 1388 1824 ibid.
1433 1784 1597 1832 Xerxes,
1621 1784 1868 1826 Artaxerxes·
1883 1786 2122 1832 Macrochir,

1290 1838 1493 1879 Artaxerx.
1515 1840 1724 1886 Mnemon,
1752 1839 1848 1879 ibid.
1898 1840 2002 1880 Phili
2035 1852 2108 1893 pus

1290 1893 1594 1933 AlexanderM.
1620 1892 1701 1939 xxi,
1722 1896 1749 1934 2
1791 1893 1964 1947 Pyrrhus
2017 1895 2123 1948 piro·

1293 1954 1365 1994 tes,
1381 1948 1478 1987 ibid.
1521 1922 1742 1999 Dionysius
1763 1947 1890 1994 Prior,
1908 1947 2004 1988 ibid.
2037 1946 2124 1988 An-

1293 2001 1449 2102 {igonus
1453 2000 1731 2094 ,PmeetriuQ
1753 2000 2036 2101 Lysaimgchus,
2054 2002 2124 2042 Se-

1308 2068 1428 2094 eucus
1515 2067 1538 2092 o
1555 2066 1698 2093 emaeus
1725 2067 1787 2093 xxi
1915 2067 1938 2094 c

1238 2106 1371 2160 Reges
1395 2109 1781 2170 Lacedaemoniorum
1809 2108 1862 2155 vi,
1882 2112 1907 2149 8
1953 2109 2034 2148 duo
2052 2121 2124 2147 no·

1294 2162 1399 2202 mine
1417 2175 1499 2201 non
1524 2162 1688 2214 imperio
1717 2161 1809 2207 xvii,
1831 2165 1853 2202 1
1910 2175 2020 2216 reges
2041 2163 2124 2201 bini

1276 2215 1610 2268 Carthaginiens.
1629 2216 1750 2255 annui
1775 2215 1967 2256 Romanis
1983 2223 2126 2256 consu-

1294 2269 1397 2309 libus
1415 2270 1630 2322 comparati
1660 2269 1770 2316 xxiii,
1787 2268 1814 2310 '7'
1849 2270 1909 2323 (v.
1923 2277 2008 2309 not.
2026 2269 2125 2309 Ern-

1292 2323 1371 2369 stii,
1403 2329 1444 2362 et
1475 2324 1589 2362 Grot.
1619 2298 1794 2363 deJ.1’3.
1812 2323 1918 2363 etP.
1947 2324 1975 2369 i,
1995 2327 2037 2369 8
2057 2327 2124 2363 1⁰.

1292 2374 1776 2421 βασιλεΐςειίαιιιΑιίειοι.
1794 2379 1834 2416 2.
1848 2377 2023 2428 polito.
2039 2375 2126 2415 dix

1293 2427 1361 2480 it).
1407 2441 1517 2481 reges
1533 2427 1710 2467 Thraciae
1738 2427 1806 2475 vii,
1823 2432 1849 2470 7
1906 2442 2125 2482 regumpo-

1293 2482 1376 2534 pul.
1394 2481 1515 2521 Rom.
1534 2494 1594 2520 res
1613 2488 1732 2543 gestae
1757 2482 1864 2529 xxiv,
1882 2485 1907 2522 8

1238 2534 1392 2588 Regius
1421 2539 1630 2588 apparatus
1667 2534 1724 2583 iv,
1751 2538 1777 2575 8
1834 2534 1962 2574 cultus
1989 2536 2070 2592 xiv,
2099 2540 2125 2578 3

1293 2589 1410 2629 alibi.
1429 2595 1586 2630 ornatus
1605 2587 1715 2636 xviii,
1730 2591 1780 2630 18
1808 2587 1956 2641 regium
1968 2583 2127 2637 nomen,

1294 2642 1392 2684 ibid.
1433 2642 1528 2696 regii
1557 2641 1713 2694 spiritns
1738 2642 1977 2706 (arrogantia
2000 2644 2128 2697 regia)

1294 2710 1333 2744 x,
1353 2702 1377 2737 5
1426 2697 1486 2750 (v.
1509 2695 1663 2749 Spirit.)
1692 2696 1800 2759 regii
1805 2702 1977 2759 satrapa?
2002 2698 2082 2744 xiv,
2101 2701 2126 2737 8

1293 2750 1388 2814 regii
1417 2752 1500 2804 (sc.
1525 2749 1711 2802 ministri)
1738 2749 1833 2798 xvii,
1852 2755 1878 2790 8
1901 2751 2038 2813 regia
2043 2751 2128 2814 dig-

1293 2805 1410 2852 nitas,
1429 2805 1577 2867 absque
1602 2804 1761 2844 nomine
1791 2817 1872 2857 reg.
1899 2803 1933 2852 i,
1949 2809 1976 2845 2
2021 2806 2129 2858 regia

1294 2863 1468 2913 potestas
1487 2859 1542 2905 vi,
1562 2861 1586 2898 8

1239 2910 1433 2964 Regnum
1468 2909 1697 2964 (μοναρχία,
1743 2910 1946 2964 imperium
1990 2909 2128 2963 unius)

1293 2979 1360 3013 xx,
1375 2970 1400 3006 8
1441 2978 1606 3027 regnum
1624 2963 1736 3004 Darii
1764 2965 1794 3012 i,
1810 2968 1835 3005 8
1875 2977 2036 3017 regnum
2054 2964 2128 3018 (de

1294 3018 1527 3073 tyrannide)
1554 3033 1619 3065 xx,
1640 3022 1662 3059 l
1706 3018 1813 3071 regni
1849 3019 1974 3057 honor
2001 3018 2130 3072 (regia

1295 3072 1485 3125 dignitas)
1512 3071 1606 3119 xvii,
1639 3076 1660 3112 1
1718 3084 1879 3135 regnum
1916 3073 2026 3111 vivus
2062 3085 2127 3113 rex

1295 3139 1377 3165 non
1394 3126 1515 3165 debet
1532 3125 1614 3165 filio
1633 3126 1786 3165 tradere
1813 3126 1892 3173 xxi,
1911 3129 1938 3182 8
1965 3138 2125 3180 regnum

1294 3179 1438 3219 virtute
1457 3179 1590 3232 adepti
1621 3179 1762 3232 privati
1790 3179 1868 3227 xxi,
1888 3183 1909 3219 1
1967 3188 2126 3230 regnum

1295 3233 1427 3296 partiri
1469 3247 1509 3280 x,
1545 3237 1572 3274 2
1627 3234 1678 3272 de
1715 3245 1835 3285 regno
1871 3232 2129 3273 controversia

1295 3286 1398 3327 inter
1415 3286 1699 3350 Leotychidem
1719 3293 1761 3326 et
1775 3286 1897 3339 Ages.
1924 3286 2017 3333 xvii,
2037 3289 2059 3327 1

1241 3338 1364 3393 Rhap
1365 3340 1477 3380 sodia
1510 3340 1684 3380 secunda
1709 3339 1873 3380 Homeri
1899 3340 1938 3385 κ’,
1968 3342 1995 3379 8
2037 3336 2127 3392 (lib.

1297 3395 1460 3456 secund.
1479 3393 1596 3435 Iliad.
1614 3393 1794 3434 Homeri:
1809 3393 1968 3433 namita
1983 3404 2130 3432 vocan-

1296 3453 1359 3493 tur
1375 3447 1463 3501 ejus
1479 3447 1620 3488 Ροὸιω
1637 3446 1738 3487 libri.
1779 3445 1958 3486 Lambin.
1986 3446 2128 3486 Pollux

1296 3502 1364 3542 lib.
1384 3463 1424 3543 Δ).
1437 3514 1524 3554 cap.
1542 3505 1584 3543 7.
1602 3501 1702 3540 inter
1713 3499 1873 3539 nomina
1893 3499 2125 3542 Ροὸιιιιιιιιιι
