<?xml version="1.0" encoding="UTF-8"?>
<!DOCTYPE html PUBLIC "-//W3C//DTD XHTML 1.0 Transitional//EN"
    "http://www.w3.org/TR/xhtml1/DTD/xhtml1-transitional.dtd">
<html xmlns="http://www.w3.org/1999/xhtml" xml:lang="en" lang="en">
 <head>
  <title>
</title>
<meta http-equiv="Content-Type" content="text/html;charset=utf-8" />
  <meta name='ocr-system' content='tesseract 3.04.00' />
  <meta name='ocr-capabilities' content='ocr_page ocr_carea ocr_par ocr_line ocrx_word'/>
</head>
<body>
  <div class='ocr_page' id='page_1' title='image "./vitaeexcellentiu02nepouoft_0170.png"; bbox 0 0 2306 3900; ppageno 0'>
   <div class='ocr_carea' id='block_1_1' title="bbox 337 220 445 315">
    <p class='ocr_par' dir='ltr' id='par_1_1' title="bbox 337 220 445 315">
     <span class='ocr_line' id='line_1_1' title="bbox 337 220 445 315; baseline 0.009 -1"><span class='ocrx_word' id='word_1_1' title='bbox 337 220 445 315; x_wconf 59' lang='lat' dir='ltr'><strong>soe</strong></span> 
     </span>
    </p>
   </div>
   <div class='ocr_carea' id='block_1_2' title="bbox 310 395 1217 3549">
    <p class='ocr_par' dir='ltr' id='par_1_2' title="bbox 334 395 1217 766">
     <span class='ocr_line' id='line_1_2' title="bbox 391 395 1217 447; baseline 0 -11"><span class='ocrx_word' id='word_1_2' title='bbox 391 395 455 436; x_wconf 76' lang='lat' dir='ltr'><strong>Ab</strong></span> <span class='ocrx_word' id='word_1_3' title='bbox 482 395 656 436; x_wconf 79' lang='lat' dir='ltr'><strong>exercitu</strong></span> <span class='ocrx_word' id='word_1_4' title='bbox 687 395 950 447; x_wconf 75' lang='lat' dir='ltr'><strong>removerunt]</strong></span> <span class='ocrx_word' id='word_1_5' title='bbox 1004 396 1074 436; x_wconf 88' lang='lat' dir='ltr'><strong>Ne</strong></span> <span class='ocrx_word' id='word_1_6' title='bbox 1101 395 1217 436; x_wconf 88' lang='lat' dir='ltr'><strong>vide·</strong></span> 
     </span>
     <span class='ocr_line' id='line_1_3' title="bbox 337 457 1215 509; baseline 0.001 -11"><span class='ocrx_word' id='word_1_7' title='bbox 337 465 486 498; x_wconf 82' lang='lat' dir='ltr'><strong>rentur</strong></span> <span class='ocrx_word' id='word_1_8' title='bbox 500 457 662 498; x_wconf 87' lang='lat' dir='ltr'><strong>factum</strong></span> <span class='ocrx_word' id='word_1_9' title='bbox 681 458 864 509; x_wconf 81' lang='lat' dir='ltr'><strong>probare</strong></span> <span class='ocrx_word' id='word_1_10' title='bbox 892 457 1072 499; x_wconf 89' lang='lat' dir='ltr'><strong>scilicet.</strong></span> <span class='ocrx_word' id='word_1_11' title='bbox 1129 459 1215 499; x_wconf 90' lang='lat' dir='ltr'><strong>Sed</strong></span> 
     </span>
     <span class='ocr_line' id='line_1_4' title="bbox 334 521 1216 573; baseline 0.003 -14"><span class='ocrx_word' id='word_1_12' title='bbox 334 521 517 559; x_wconf 77' lang='lat' dir='ltr'><strong>ridicule</strong></span> <span class='ocrx_word' id='word_1_13' title='bbox 533 527 662 573; x_wconf 87' lang='lat' dir='ltr'><strong>atque</strong></span> <span class='ocrx_word' id='word_1_14' title='bbox 690 521 903 561; x_wconf 83' lang='lat' dir='ltr'>absurde:</span> <span class='ocrx_word' id='word_1_15' title='bbox 947 534 1043 561; x_wconf 82' lang='lat' dir='ltr'><strong>nam</strong></span> <span class='ocrx_word' id='word_1_16' title='bbox 1072 533 1216 562; x_wconf 87' lang='lat' dir='ltr'><strong>arcem</strong></span> 
     </span>
     <span class='ocr_line' id='line_1_5' title="bbox 334 583 1216 633; baseline 0.002 -11"><span class='ocrx_word' id='word_1_17' title='bbox 334 583 585 633; x_wconf 80' lang='lat' dir='ltr'><strong>retinentes,</strong></span> <span class='ocrx_word' id='word_1_18' title='bbox 605 590 745 623; x_wconf 86' lang='lat' dir='ltr'><strong>ratum</strong></span> <span class='ocrx_word' id='word_1_19' title='bbox 770 596 817 624; x_wconf 88' lang='lat' dir='ltr'><strong>se</strong></span> <span class='ocrx_word' id='word_1_20' title='bbox 848 584 1004 624; x_wconf 88' lang='lat' dir='ltr'><strong>habere</strong></span> <span class='ocrx_word' id='word_1_21' title='bbox 1023 584 1216 625; x_wconf 90' lang='lat' dir='ltr'><strong>declara·</strong></span> 
     </span>
     <span class='ocr_line' id='line_1_6' title="bbox 334 647 1216 700; baseline -0.001 -11"><span class='ocrx_word' id='word_1_22' title='bbox 334 649 453 689; x_wconf 81' lang='lat' dir='ltr'><strong>bant.</strong></span> <span class='ocrx_word' id='word_1_23' title='bbox 525 649 622 689; x_wconf 92' lang='lat' dir='ltr'><strong>Hoc</strong></span> <span class='ocrx_word' id='word_1_24' title='bbox 653 647 785 700; x_wconf 88' lang='lat' dir='ltr'><strong>igitur</strong></span> <span class='ocrx_word' id='word_1_25' title='bbox 816 653 909 689; x_wconf 86' lang='lat' dir='ltr'><strong>era-t</strong></span> <span class='ocrx_word' id='word_1_26' title='bbox 946 648 1054 690; x_wconf 87' lang='lat' dir='ltr'><strong>dicis</strong></span> <span class='ocrx_word' id='word_1_27' title='bbox 1087 660 1216 689; x_wconf 84' lang='lat' dir='ltr'><strong>causa</strong></span> 
     </span>
     <span class='ocr_line' id='line_1_7' title="bbox 334 713 1187 766; baseline 0.001 -13"><span class='ocrx_word' id='word_1_28' title='bbox 334 714 558 754; x_wconf 82' lang='lat' dir='ltr'><strong>Phoebidae</strong></span> <span class='ocrx_word' id='word_1_29' title='bbox 578 714 740 755; x_wconf 89' lang='lat' dir='ltr'><strong>factum</strong></span> <span class='ocrx_word' id='word_1_30' title='bbox 760 714 1020 766; x_wconf 88' lang='lat' dir='ltr'><strong>improbare.</strong></span> <span class='ocrx_word' id='word_1_31' title='bbox 1049 713 1187 754; x_wconf 84' lang='lat' dir='ltr'><strong>Lamb.</strong></span> 
     </span>
    </p>

    <p class='ocr_par' dir='ltr' id='par_1_3' title="bbox 330 777 1216 1143">
     <span class='ocr_line' id='line_1_8' title="bbox 391 777 1215 830; baseline -0.001 -13"><span class='ocrx_word' id='word_1_32' title='bbox 391 779 639 830; x_wconf 83' lang='lat' dir='ltr'><strong>Pecuniaque</strong></span> <span class='ocrx_word' id='word_1_33' title='bbox 661 778 919 829; x_wconf 75' lang='lat' dir='ltr'><strong><em>mulctarunt]</em></strong></span> <span class='ocrx_word' id='word_1_34' title='bbox 975 777 1215 818; x_wconf 90' lang='lat' dir='ltr'><strong>Drachma-</strong></span> 
     </span>
     <span class='ocr_line' id='line_1_9' title="bbox 334 841 1216 893; baseline -0.003 -11"><span class='ocrx_word' id='word_1_35' title='bbox 334 855 427 882; x_wconf 90' lang='lat' dir='ltr'><strong>rum</strong></span> <span class='ocrx_word' id='word_1_36' title='bbox 449 842 598 882; x_wconf 87' lang='lat' dir='ltr'><strong>decem</strong></span> <span class='ocrx_word' id='word_1_37' title='bbox 620 841 900 893; x_wconf 84' lang='lat' dir='ltr'>myriadibus,</span> <span class='ocrx_word' id='word_1_38' title='bbox 915 845 962 880; x_wconf 90' lang='lat' dir='ltr'><strong>ut</strong></span> <span class='ocrx_word' id='word_1_39' title='bbox 981 845 1132 880; x_wconf 83' lang='lat' dir='ltr'><strong>auctor</strong></span> <span class='ocrx_word' id='word_1_40' title='bbox 1147 844 1216 880; x_wconf 90' lang='lat' dir='ltr'><strong>est</strong></span> 
     </span>
     <span class='ocr_line' id='line_1_10' title="bbox 333 901 1215 954; baseline -0.003 -10"><span class='ocrx_word' id='word_1_41' title='bbox 333 904 608 947; x_wconf 83' lang='lat' dir='ltr'><strong>Plutarchus.</strong></span> <span class='ocrx_word' id='word_1_42' title='bbox 663 905 828 954; x_wconf 83' lang='lat' dir='ltr'><strong>Longol.</strong></span> <span class='ocrx_word' id='word_1_43' title='bbox 869 902 1070 942; x_wconf 78' lang='lat' dir='ltr'><strong><em>Gebhard.</em></strong></span> <span class='ocrx_word' id='word_1_44' title='bbox 1139 901 1215 942; x_wconf 78' lang='grc' dir='ltr'><strong>Καὶ</strong></span> 
     </span>
     <span class='ocr_line' id='line_1_11' title="bbox 333 964 1215 1019; baseline -0.001 -11"><span class='ocrx_word' id='word_1_45' title='bbox 333 966 427 1008; x_wconf 85' lang='grc' dir='ltr'>δέκα</span> <span class='ocrx_word' id='word_1_46' title='bbox 444 969 623 1019; x_wconf 75' lang='grc' dir='ltr'>δραχμῶν</span> <span class='ocrx_word' id='word_1_47' title='bbox 637 965 810 1018; x_wconf 77' lang='grc' dir='ltr'>μυριάσιν</span> <span class='ocrx_word' id='word_1_48' title='bbox 832 964 1063 1017; x_wconf 65' lang='grc' dir='ltr'>ἐζημίωσαν.</span> <span class='ocrx_word' id='word_1_49' title='bbox 1119 967 1215 1007; x_wconf 88' lang='lat' dir='ltr'><strong>Me-</strong></span> 
     </span>
     <span class='ocr_line' id='line_1_12' title="bbox 331 1029 1215 1081; baseline -0.001 -10"><span class='ocrx_word' id='word_1_50' title='bbox 331 1033 455 1072; x_wconf 84' lang='lat' dir='ltr'><strong>minit</strong></span> <span class='ocrx_word' id='word_1_51' title='bbox 485 1032 614 1072; x_wconf 86' lang='lat' dir='ltr'><strong>etiam</strong></span> <span class='ocrx_word' id='word_1_52' title='bbox 653 1029 859 1081; x_wconf 82' lang='lat' dir='ltr'><strong>Polybius</strong></span> <span class='ocrx_word' id='word_1_53' title='bbox 896 1029 1012 1069; x_wconf 87' lang='lat' dir='ltr'><strong>Hist.</strong></span> <span class='ocrx_word' id='word_1_54' title='bbox 1047 1029 1122 1071; x_wconf 89' lang='lat' dir='ltr'><strong>lib.</strong></span> <span class='ocrx_word' id='word_1_55' title='bbox 1152 1041 1215 1070; x_wconf 79' lang='lat' dir='ltr'><strong>lv.</strong></span> 
     </span>
     <span class='ocr_line' id='line_1_13' title="bbox 330 1093 1177 1143; baseline -0.002 -8"><span class='ocrx_word' id='word_1_56' title='bbox 330 1094 405 1135; x_wconf 84' lang='lat' dir='ltr'><strong>sed</strong></span> <span class='ocrx_word' id='word_1_57' title='bbox 426 1106 632 1135; x_wconf 89' lang='lat' dir='ltr'><strong>summam</strong></span> <span class='ocrx_word' id='word_1_58' title='bbox 653 1093 825 1133; x_wconf 86' lang='lat' dir='ltr'><strong>mulctae</strong></span> <span class='ocrx_word' id='word_1_59' title='bbox 845 1104 930 1132; x_wconf 90' lang='lat' dir='ltr'><strong>non</strong></span> <span class='ocrx_word' id='word_1_60' title='bbox 949 1093 1177 1143; x_wconf 79' lang='lat' dir='ltr'><strong>expressit.</strong></span> 
     </span>
    </p>

    <p class='ocr_par' dir='ltr' id='par_1_4' title="bbox 310 1154 1215 1906">
     <span class='ocr_line' id='line_1_14' title="bbox 387 1154 1215 1208; baseline 0 -12"><span class='ocrx_word' id='word_1_61' title='bbox 387 1157 495 1196; x_wconf 88' lang='lat' dir='ltr'><strong>Nam</strong></span> <span class='ocrx_word' id='word_1_62' title='bbox 511 1160 598 1207; x_wconf 85' lang='lat' dir='ltr'><strong>post</strong></span> <span class='ocrx_word' id='word_1_63' title='bbox 618 1155 934 1207; x_wconf 80' lang='lat' dir='ltr'><strong>Peloponnesium</strong></span> <span class='ocrx_word' id='word_1_64' title='bbox 949 1154 1109 1208; x_wconf 74' lang='lat' dir='ltr'><strong>beleum]</strong></span> <span class='ocrx_word' id='word_1_65' title='bbox 1132 1157 1215 1197; x_wconf 85' lang='lat' dir='ltr'><strong>Cu·</strong></span> 
     </span>
     <span class='ocr_line' id='line_1_15' title="bbox 310 1218 1214 1272; baseline 0.001 -13"><span class='ocrx_word' id='word_1_66' title='bbox 310 1220 398 1272; x_wconf 27' lang='lat' dir='ltr'><strong>&#39;jus</strong></span> <span class='ocrx_word' id='word_1_67' title='bbox 418 1225 464 1259; x_wconf 92' lang='lat' dir='ltr'><strong>et</strong></span> <span class='ocrx_word' id='word_1_68' title='bbox 484 1230 613 1271; x_wconf 89' lang='lat' dir='ltr'><strong>supra</strong></span> <span class='ocrx_word' id='word_1_69' title='bbox 631 1218 675 1258; x_wconf 89' lang='lat' dir='ltr'><strong>in</strong></span> <span class='ocrx_word' id='word_1_70' title='bbox 695 1218 911 1258; x_wconf 81' lang='lat' dir='ltr'><strong>Pausania</strong></span> <span class='ocrx_word' id='word_1_71' title='bbox 931 1223 977 1258; x_wconf 91' lang='lat' dir='ltr'><strong>et</strong></span> <span class='ocrx_word' id='word_1_72' title='bbox 992 1219 1214 1271; x_wconf 83' lang='lat' dir='ltr'><strong>Lysandro</strong></span> 
     </span>
     <span class='ocr_line' id='line_1_16' title="bbox 330 1281 1215 1335; baseline 0.001 -12"><span class='ocrx_word' id='word_1_73' title='bbox 330 1283 509 1335; x_wconf 86' lang='lat' dir='ltr'><strong>mentio,</strong></span> <span class='ocrx_word' id='word_1_74' title='bbox 535 1287 791 1335; x_wconf 86' lang='lat' dir='ltr'><strong>gestumque</strong></span> <span class='ocrx_word' id='word_1_75' title='bbox 819 1281 938 1322; x_wconf 86' lang='lat' dir='ltr'><strong>annis</strong></span> <span class='ocrx_word' id='word_1_76' title='bbox 971 1288 1140 1334; x_wconf 85' lang='lat' dir='ltr'><strong>septem</strong></span> <span class='ocrx_word' id='word_1_77' title='bbox 1167 1289 1215 1324; x_wconf 90' lang='lat' dir='ltr'><strong>et</strong></span> 
     </span>
     <span class='ocr_line' id='line_1_17' title="bbox 330 1345 1212 1399; baseline 0.001 -14"><span class='ocrx_word' id='word_1_78' title='bbox 330 1346 502 1399; x_wconf 85' lang='lat' dir='ltr'><strong>viginti,</strong></span> <span class='ocrx_word' id='word_1_79' title='bbox 521 1345 764 1386; x_wconf 83' lang='lat' dir='ltr'><strong>inchoatum</strong></span> <span class='ocrx_word' id='word_1_80' title='bbox 797 1345 973 1397; x_wconf 88' lang='lat' dir='ltr'><strong>Olymp.</strong></span> <span class='ocrx_word' id='word_1_81' title='bbox 997 1356 1212 1387; x_wconf 68' lang='lat' dir='ltr'><strong>Lxxxvu.</strong></span> 
     </span>
     <span class='ocr_line' id='line_1_18' title="bbox 330 1408 1210 1463; baseline 0.002 -14"><span class='ocrx_word' id='word_1_82' title='bbox 330 1409 387 1450; x_wconf 87' lang='lat' dir='ltr'><strong>de</strong></span> <span class='ocrx_word' id='word_1_83' title='bbox 405 1422 487 1463; x_wconf 91' lang='lat' dir='ltr'><strong>quo</strong></span> <span class='ocrx_word' id='word_1_84' title='bbox 507 1409 703 1461; x_wconf 85' lang='lat' dir='ltr'><strong>Thucyd.</strong></span> <span class='ocrx_word' id='word_1_85' title='bbox 723 1421 773 1449; x_wconf 90' lang='lat' dir='ltr'><strong>ac</strong></span> <span class='ocrx_word' id='word_1_86' title='bbox 796 1408 1028 1449; x_wconf 85' lang='lat' dir='ltr'><strong>Diodorus.</strong></span> <span class='ocrx_word' id='word_1_87' title='bbox 1058 1410 1210 1452; x_wconf 75' lang='lat' dir='ltr'><strong>Schott.</strong></span> 
     </span>
     <span class='ocr_line' id='line_1_19' title="bbox 329 1472 1211 1526; baseline 0.002 -14"><span class='ocrx_word' id='word_1_88' title='bbox 329 1472 501 1513; x_wconf 83' lang='lat' dir='ltr'><strong>Plinius</strong></span> <span class='ocrx_word' id='word_1_89' title='bbox 518 1473 593 1513; x_wconf 90' lang='lat' dir='ltr'><strong>lib.</strong></span> <span class='ocrx_word' id='word_1_90' title='bbox 616 1483 729 1514; x_wconf 86' lang='lat' dir='ltr'><strong>xxx.</strong></span> <span class='ocrx_word' id='word_1_91' title='bbox 756 1475 793 1513; x_wconf 88' lang='lat'><strong>1.</strong></span> <span class='ocrx_word' id='word_1_92' title='bbox 826 1477 996 1524; x_wconf 87' lang='lat' dir='ltr'><strong>tempus</strong></span> <span class='ocrx_word' id='word_1_93' title='bbox 1023 1474 1118 1526; x_wconf 89' lang='lat' dir='ltr'><strong>ejus</strong></span> <span class='ocrx_word' id='word_1_94' title='bbox 1147 1482 1211 1514; x_wconf 82' lang='lat' dir='ltr'><strong>re-</strong></span> 
     </span>
     <span class='ocr_line' id='line_1_20' title="bbox 329 1534 1210 1588; baseline 0.001 -12"><span class='ocrx_word' id='word_1_95' title='bbox 329 1534 420 1576; x_wconf 75' lang='lat' dir='ltr'><strong>fert</strong></span> <span class='ocrx_word' id='word_1_96' title='bbox 439 1536 492 1575; x_wconf 91' lang='lat' dir='ltr'><strong>ad</strong></span> <span class='ocrx_word' id='word_1_97' title='bbox 515 1535 765 1588; x_wconf 82' lang='lat' dir='ltr'><strong>olympiad.</strong></span> <span class='ocrx_word' id='word_1_98' title='bbox 802 1546 965 1577; x_wconf 73' lang='lat' dir='ltr'><strong>Lxxn.</strong></span> <span class='ocrx_word' id='word_1_99' title='bbox 993 1549 1149 1578; x_wconf 87' lang='lat' dir='ltr'><strong>annum</strong></span> <span class='ocrx_word' id='word_1_100' title='bbox 1168 1541 1210 1578; x_wconf 86' lang='grc'><strong>4.</strong></span> 
     </span>
     <span class='ocr_line' id='line_1_21' title="bbox 329 1598 1212 1642; baseline 0.002 -2"><span class='ocrx_word' id='word_1_101' title='bbox 329 1598 471 1640; x_wconf 88' lang='lat' dir='ltr'><strong>Aulus</strong></span> <span class='ocrx_word' id='word_1_102' title='bbox 492 1599 654 1639; x_wconf 84' lang='lat' dir='ltr'><strong>Gellius</strong></span> <span class='ocrx_word' id='word_1_103' title='bbox 674 1611 774 1640; x_wconf 85' lang='lat' dir='ltr'><strong>vero</strong></span> <span class='ocrx_word' id='word_1_104' title='bbox 807 1599 883 1642; x_wconf 89' lang='lat' dir='ltr'><strong>lib.</strong></span> <span class='ocrx_word' id='word_1_105' title='bbox 915 1611 1032 1642; x_wconf 84' lang='lat' dir='ltr'><strong>xvn.</strong></span> <span class='ocrx_word' id='word_1_106' title='bbox 1056 1604 1123 1642; x_wconf 81' lang='lat'><strong>21.</strong></span> <span class='ocrx_word' id='word_1_107' title='bbox 1157 1601 1212 1642; x_wconf 89' lang='lat' dir='ltr'><strong>ad</strong></span> 
     </span>
     <span class='ocr_line' id='line_1_22' title="bbox 331 1664 1212 1717; baseline 0.003 -13"><span class='ocrx_word' id='word_1_108' title='bbox 331 1664 581 1717; x_wconf 78' lang='lat' dir='ltr'><strong>olympiad.</strong></span> <span class='ocrx_word' id='word_1_109' title='bbox 603 1676 799 1706; x_wconf 74' lang='lat' dir='ltr'><strong>Lxxxrx.</strong></span> <span class='ocrx_word' id='word_1_110' title='bbox 819 1670 858 1708; x_wconf 89' lang='lat'><strong>1.</strong></span> <span class='ocrx_word' id='word_1_111' title='bbox 912 1665 1129 1707; x_wconf 86' lang='lat' dir='ltr'><strong>Diodorus</strong></span> <span class='ocrx_word' id='word_1_112' title='bbox 1147 1667 1212 1707; x_wconf 85' lang='lat' dir='ltr'><strong>Si-</strong></span> 
     </span>
     <span class='ocr_line' id='line_1_23' title="bbox 330 1728 1211 1770; baseline 0.003 -3"><span class='ocrx_word' id='word_1_113' title='bbox 330 1728 453 1768; x_wconf 91' lang='lat' dir='ltr'><strong>culus</strong></span> <span class='ocrx_word' id='word_1_114' title='bbox 485 1729 668 1769; x_wconf 89' lang='lat' dir='ltr'><strong>collocat</strong></span> <span class='ocrx_word' id='word_1_115' title='bbox 705 1728 747 1768; x_wconf 91' lang='lat' dir='ltr'><strong>id</strong></span> <span class='ocrx_word' id='word_1_116' title='bbox 787 1729 945 1770; x_wconf 90' lang='lat' dir='ltr'><strong>bellum</strong></span> <span class='ocrx_word' id='word_1_117' title='bbox 979 1728 1022 1768; x_wconf 90' lang='lat' dir='ltr'><strong>in</strong></span> <span class='ocrx_word' id='word_1_118' title='bbox 1056 1741 1211 1770; x_wconf 83' lang='lat' dir='ltr'><strong>annum</strong></span> 
     </span>
     <span class='ocr_line' id='line_1_24' title="bbox 329 1790 1212 1844; baseline 0.002 -14"><span class='ocrx_word' id='word_1_119' title='bbox 329 1790 442 1831; x_wconf 89' lang='lat' dir='ltr'><strong>Urb.</strong></span> <span class='ocrx_word' id='word_1_120' title='bbox 478 1792 612 1833; x_wconf 91' lang='lat' dir='ltr'><strong>Cond.</strong></span> <span class='ocrx_word' id='word_1_121' title='bbox 645 1803 864 1833; x_wconf 85' lang='lat' dir='ltr'><strong>cccxxm.</strong></span> <span class='ocrx_word' id='word_1_122' title='bbox 897 1792 940 1832; x_wconf 91' lang='lat' dir='ltr'><strong>id</strong></span> <span class='ocrx_word' id='word_1_123' title='bbox 961 1798 1043 1844; x_wconf 90' lang='lat' dir='ltr'><strong>est,</strong></span> <span class='ocrx_word' id='word_1_124' title='bbox 1072 1792 1115 1832; x_wconf 91' lang='lat' dir='ltr'><strong>in</strong></span> <span class='ocrx_word' id='word_1_125' title='bbox 1151 1791 1212 1832; x_wconf 89' lang='lat'><strong>0-</strong></span> 
     </span>
     <span class='ocr_line' id='line_1_25' title="bbox 328 1853 1014 1906; baseline 0.004 -13"><span class='ocrx_word' id='word_1_126' title='bbox 328 1853 460 1906; x_wconf 87' lang='lat' dir='ltr'><strong>lymp.</strong></span> <span class='ocrx_word' id='word_1_127' title='bbox 481 1865 691 1895; x_wconf 79' lang='lat' dir='ltr'><strong>Lxxxvn.</strong></span> <span class='ocrx_word' id='word_1_128' title='bbox 711 1858 751 1895; x_wconf 80' lang='lat'><strong>3.</strong></span> <span class='ocrx_word' id='word_1_129' title='bbox 783 1855 1014 1906; x_wconf 76' lang='lat' dir='ltr'><strong>chronolog.</strong></span> 
     </span>
    </p>

    <p class='ocr_par' dir='ltr' id='par_1_5' title="bbox 325 1916 1213 2095">
     <span class='ocr_line' id='line_1_26' title="bbox 386 1916 1212 1971; baseline 0.005 -15"><span class='ocrx_word' id='word_1_130' title='bbox 386 1916 470 1963; x_wconf 78' lang='lat' dir='ltr'><strong>Qui</strong></span> <span class='ocrx_word' id='word_1_131' title='bbox 484 1919 670 1958; x_wconf 77' lang='lat' dir='ltr'><strong>adversus</strong></span> <span class='ocrx_word' id='word_1_132' title='bbox 685 1918 866 1958; x_wconf 79' lang='lat' dir='ltr'><strong>resistere</strong></span> <span class='ocrx_word' id='word_1_133' title='bbox 881 1919 1087 1971; x_wconf 78' lang='lat' dir='ltr'><strong>auderent]</strong></span> <span class='ocrx_word' id='word_1_134' title='bbox 1133 1919 1212 1960; x_wconf 88' lang='lat' dir='ltr'><strong>Ni-</strong></span> 
     </span>
     <span class='ocr_line' id='line_1_27' title="bbox 325 1979 1213 2034; baseline 0.005 -15"><span class='ocrx_word' id='word_1_135' title='bbox 325 1979 389 2020; x_wconf 85' lang='lat' dir='ltr'><strong>hil</strong></span> <span class='ocrx_word' id='word_1_136' title='bbox 407 1980 688 2021; x_wconf 84' lang='lat' dir='ltr'><strong>mutandum:</strong></span> <span class='ocrx_word' id='word_1_137' title='bbox 729 1981 844 2034; x_wconf 87' lang='lat' dir='ltr'><strong>quod</strong></span> <span class='ocrx_word' id='word_1_138' title='bbox 873 1981 1104 2023; x_wconf 82' lang='lat' dir='ltr'><strong>Lambinus</strong></span> <span class='ocrx_word' id='word_1_139' title='bbox 1135 1983 1213 2023; x_wconf 91' lang='lat' dir='ltr'><strong>im-</strong></span> 
     </span>
     <span class='ocr_line' id='line_1_28' title="bbox 326 2043 911 2095; baseline 0.005 -13"><span class='ocrx_word' id='word_1_140' title='bbox 326 2043 468 2095; x_wconf 83' lang='lat' dir='ltr'><strong>perite</strong></span> <span class='ocrx_word' id='word_1_141' title='bbox 488 2047 680 2084; x_wconf 86' lang='lat' dir='ltr'><strong>conatur.</strong></span> <span class='ocrx_word' id='word_1_142' title='bbox 710 2043 911 2085; x_wconf 80' lang='lat' dir='ltr'><strong>Gebhard.</strong></span> 
     </span>
    </p>

    <p class='ocr_par' dir='ltr' id='par_1_6' title="bbox 324 2107 1211 2982">
     <span class='ocr_line' id='line_1_29' title="bbox 380 2107 1211 2160; baseline 0.002 -12"><span class='ocrx_word' id='word_1_143' title='bbox 380 2107 534 2149; x_wconf 74' lang='lat' dir='ltr'><strong>,Amicis</strong></span> <span class='ocrx_word' id='word_1_144' title='bbox 563 2107 663 2159; x_wconf 82' lang='lat' dir='ltr'><strong>suis]</strong></span> <span class='ocrx_word' id='word_1_145' title='bbox 718 2108 937 2149; x_wconf 81' lang='lat' dir='ltr'><strong>Potentiae</strong></span> <span class='ocrx_word' id='word_1_146' title='bbox 978 2121 1211 2160; x_wconf 83' lang='lat' dir='ltr'><strong>paucorum</strong></span> 
     </span>
     <span class='ocr_line' id='line_1_30' title="bbox 325 2169 1210 2214; baseline 0.005 -5"><span class='ocrx_word' id='word_1_147' title='bbox 325 2169 581 2211; x_wconf 81' lang='lat' dir='ltr'><strong>fautoribus.</strong></span> <span class='ocrx_word' id='word_1_148' title='bbox 636 2171 795 2213; x_wconf 81' lang='lat' dir='ltr'><strong>Quales</strong></span> <span class='ocrx_word' id='word_1_149' title='bbox 814 2177 938 2212; x_wconf 89' lang='lat' dir='ltr'><strong>erant</strong></span> <span class='ocrx_word' id='word_1_150' title='bbox 954 2173 1111 2214; x_wconf 81' lang='lat' dir='ltr'><strong>Thebis</strong></span> <span class='ocrx_word' id='word_1_151' title='bbox 1129 2172 1210 2213; x_wconf 90' lang='lat' dir='ltr'><strong>Ar-</strong></span> 
     </span>
     <span class='ocr_line' id='line_1_31' title="bbox 326 2233 1209 2286; baseline 0.006 -14"><span class='ocrx_word' id='word_1_152' title='bbox 326 2233 461 2284; x_wconf 84' lang='lat' dir='ltr'><strong>chias,</strong></span> <span class='ocrx_word' id='word_1_153' title='bbox 482 2233 732 2284; x_wconf 88' lang='lat' dir='ltr'><strong>Leontidas,</strong></span> <span class='ocrx_word' id='word_1_154' title='bbox 750 2234 991 2286; x_wconf 84' lang='lat' dir='ltr'><strong>Philippus,</strong></span> <span class='ocrx_word' id='word_1_155' title='bbox 1027 2235 1209 2278; x_wconf 74' lang='lat' dir='ltr'><strong>Lambin.</strong></span> 
     </span>
     <span class='ocr_line' id='line_1_32' title="bbox 326 2296 1209 2349; baseline 0.003 -13"><span class='ocrx_word' id='word_1_156' title='bbox 326 2296 521 2337; x_wconf 80' lang='lat' dir='ltr'><strong>Quorum</strong></span> <span class='ocrx_word' id='word_1_157' title='bbox 541 2296 739 2347; x_wconf 88' lang='lat' dir='ltr'><strong>impulsu,</strong></span> <span class='ocrx_word' id='word_1_158' title='bbox 759 2302 808 2336; x_wconf 90' lang='lat' dir='ltr'><strong>ut</strong></span> <span class='ocrx_word' id='word_1_159' title='bbox 836 2297 1000 2337; x_wconf 89' lang='lat' dir='ltr'><strong>dictum</strong></span> <span class='ocrx_word' id='word_1_160' title='bbox 1033 2304 1115 2349; x_wconf 86' lang='lat' dir='ltr'><strong>est,</strong></span> <span class='ocrx_word' id='word_1_161' title='bbox 1142 2310 1209 2338; x_wconf 89' lang='lat' dir='ltr'><strong>ar-</strong></span> 
     </span>
     <span class='ocr_line' id='line_1_33' title="bbox 327 2358 1208 2413; baseline 0.002 -15"><span class='ocrx_word' id='word_1_162' title='bbox 327 2369 422 2398; x_wconf 88' lang='lat' dir='ltr'><strong>cem</strong></span> <span class='ocrx_word' id='word_1_163' title='bbox 456 2363 678 2409; x_wconf 87' lang='lat' dir='ltr'><strong>ceperant.</strong></span> <span class='ocrx_word' id='word_1_164' title='bbox 721 2358 886 2408; x_wconf 85' lang='lat' dir='ltr'><strong>Longol.</strong></span> <span class='ocrx_word' id='word_1_165' title='bbox 950 2359 1093 2411; x_wconf 84' lang='lat' dir='ltr'><strong>Supra</strong></span> <span class='ocrx_word' id='word_1_166' title='bbox 1124 2361 1208 2413; x_wconf 87' lang='lat' dir='ltr'><strong>Ly-</strong></span> 
     </span>
     <span class='ocr_line' id='line_1_34' title="bbox 326 2420 1208 2481; baseline 0.003 -21"><span class='ocrx_word' id='word_1_167' title='bbox 326 2420 470 2461; x_wconf 86' lang='lat' dir='ltr'><strong>sandr.</strong></span> <span class='ocrx_word' id='word_1_168' title='bbox 501 2425 513 2443; x_wconf 91' lang='lat'>‘</span> <span class='ocrx_word' id='word_1_169' title='bbox 534 2420 755 2473; x_wconf 83' lang='lat' dir='ltr'><strong>delegerat</strong></span> <span class='ocrx_word' id='word_1_170' title='bbox 769 2421 817 2461; x_wconf 83' lang='lat' dir='ltr'><strong>in</strong></span> <span class='ocrx_word' id='word_1_171' title='bbox 838 2434 1091 2481; x_wconf 54' lang='lat' dir='ltr'><strong>unaquaque</strong></span> <span class='ocrx_word' id='word_1_172' title='bbox 1105 2423 1208 2463; x_wconf 87' lang='lat' dir='ltr'><strong>civi-</strong></span> 
     </span>
     <span class='ocr_line' id='line_1_35' title="bbox 327 2484 1208 2539; baseline 0.002 -14"><span class='ocrx_word' id='word_1_173' title='bbox 327 2490 420 2525; x_wconf 82' lang='lat' dir='ltr'><strong>tate</strong></span> <span class='ocrx_word' id='word_1_174' title='bbox 450 2484 602 2538; x_wconf 75' lang='lat' dir='ltr'><strong>quibas</strong></span> <span class='ocrx_word' id='word_1_175' title='bbox 636 2497 842 2525; x_wconf 88' lang='lat' dir='ltr'><strong>summum</strong></span> <span class='ocrx_word' id='word_1_176' title='bbox 874 2486 1115 2537; x_wconf 83' lang='lat' dir='ltr'><strong>imperium,</strong></span> <span class='ocrx_word' id='word_1_177' title='bbox 1134 2499 1208 2539; x_wconf 92' lang='lat' dir='ltr'><strong>po-</strong></span> 
     </span>
     <span class='ocr_line' id='line_1_36' title="bbox 324 2548 1207 2590; baseline 0.002 -2"><span class='ocrx_word' id='word_1_178' title='bbox 324 2551 530 2588; x_wconf 76' lang='lat' dir='ltr'><strong>testatem</strong></span> <span class='ocrx_word' id='word_1_179' title='bbox 541 2548 731 2588; x_wconf 48' lang='lat' dir='ltr'><strong>‚omnium</strong></span> <span class='ocrx_word' id='word_1_180' title='bbox 740 2560 884 2588; x_wconf 83' lang='lat' dir='ltr'><strong>rerum</strong></span> <span class='ocrx_word' id='word_1_181' title='bbox 904 2549 1207 2590; x_wconf 85' lang='lat' dir='ltr'><strong>committeret.</strong></span> 
     </span>
     <span class='ocr_line' id='line_1_37' title="bbox 326 2611 1207 2653; baseline 0.003 -3"><span class='ocrx_word' id='word_1_182' title='bbox 326 2611 493 2651; x_wconf 83' lang='lat' dir='ltr'><strong>I-lorum</strong></span> <span class='ocrx_word' id='word_1_183' title='bbox 523 2611 564 2650; x_wconf 93' lang='lat' dir='ltr'><strong>in</strong></span> <span class='ocrx_word' id='word_1_184' title='bbox 594 2622 770 2651; x_wconf 87' lang='lat' dir='ltr'><strong>numero</strong></span> <span class='ocrx_word' id='word_1_185' title='bbox 804 2623 926 2652; x_wconf 89' lang='lat' dir='ltr'><strong>nemo</strong></span> <span class='ocrx_word' id='word_1_186' title='bbox 953 2612 1207 2653; x_wconf 86' lang='lat' dir='ltr'><strong>admitteba-</strong></span> 
     </span>
     <span class='ocr_line' id='line_1_38' title="bbox 325 2675 1208 2728; baseline 0.003 -14"><span class='ocrx_word' id='word_1_187' title='bbox 325 2680 412 2726; x_wconf 89' lang='lat' dir='ltr'><strong>tur,</strong></span> <span class='ocrx_word' id='word_1_188' title='bbox 432 2675 506 2713; x_wconf 85' lang='lat' dir='ltr'><strong>nisi</strong></span> <span class='ocrx_word' id='word_1_189' title='bbox 523 2675 594 2727; x_wconf 89' lang='lat' dir='ltr'><strong>qui</strong></span> <span class='ocrx_word' id='word_1_190' title='bbox 614 2681 687 2714; x_wconf 89' lang='lat' dir='ltr'><strong>aut</strong></span> <span class='ocrx_word' id='word_1_191' title='bbox 707 2675 798 2727; x_wconf 88' lang='lat' dir='ltr'><strong>ejus</strong></span> <span class='ocrx_word' id='word_1_192' title='bbox 815 2676 996 2728; x_wconf 89' lang='lat' dir='ltr'><strong>hospitio</strong></span> <span class='ocrx_word' id='word_1_193' title='bbox 1015 2677 1208 2717; x_wconf 85' lang='lat' dir='ltr'><strong>contine-</strong></span> 
     </span>
     <span class='ocr_line' id='line_1_39' title="bbox 328 2738 1208 2790; baseline 0.002 -13"><span class='ocrx_word' id='word_1_194' title='bbox 328 2738 477 2778; x_wconf 62' lang='lat' dir='ltr'><strong>retur)</strong></span> <span class='ocrx_word' id='word_1_195' title='bbox 525 2739 765 2790; x_wconf 85' lang='lat' dir='ltr'><strong>Xenophon</strong></span> <span class='ocrx_word' id='word_1_196' title='bbox 783 2739 942 2787; x_wconf 78' lang='grc' dir='ltr'>Ἕλλην.</span> <span class='ocrx_word' id='word_1_197' title='bbox 963 2739 1037 2780; x_wconf 89' lang='lat' dir='ltr'><strong>lib.</strong></span> <span class='ocrx_word' id='word_1_198' title='bbox 1050 2751 1094 2780; x_wconf 88' lang='lat' dir='ltr'><strong>v.</strong></span> <span class='ocrx_word' id='word_1_199' title='bbox 1113 2739 1208 2779; x_wconf 83' lang='grc' dir='ltr'>Τού-</span> 
     </span>
     <span class='ocr_line' id='line_1_40' title="bbox 326 2802 1209 2856; baseline 0.003 -14"><span class='ocrx_word' id='word_1_200' title='bbox 326 2818 398 2843; x_wconf 76' lang='grc' dir='ltr'><strong>του</strong></span> <span class='ocrx_word' id='word_1_201' title='bbox 410 2802 616 2854; x_wconf 75' lang='grc' dir='ltr'>γενομένου</span> <span class='ocrx_word' id='word_1_202' title='bbox 639 2803 768 2856; x_wconf 72' lang='grc' dir='ltr'>νόμιζε</span> <span class='ocrx_word' id='word_1_203' title='bbox 779 2804 850 2845; x_wconf 70' lang='grc' dir='ltr'>τ’ὰς</span> <span class='ocrx_word' id='word_1_204' title='bbox 868 2803 1001 2853; x_wconf 80' lang='grc' dir='ltr'>Θήβας</span> <span class='ocrx_word' id='word_1_205' title='bbox 1012 2803 1209 2845; x_wconf 63' lang='lat' dir='ltr'><strong>vaurdam·</strong></span> 
     </span>
     <span class='ocr_line' id='line_1_41' title="bbox 326 2868 1209 2919; baseline 0.003 -13"><span class='ocrx_word' id='word_1_206' title='bbox 326 2880 388 2907; x_wconf 87' lang='grc' dir='ltr'><strong>σιν</strong></span> <span class='ocrx_word' id='word_1_207' title='bbox 412 2868 484 2907; x_wconf 73' lang='grc' dir='ltr'><strong>ὑπὸ</strong></span> <span class='ocrx_word' id='word_1_208' title='bbox 510 2870 591 2908; x_wconf 80' lang='grc' dir='ltr'>τοῖς</span> <span class='ocrx_word' id='word_1_209' title='bbox 618 2868 918 2915; x_wconf 78' lang='grc' dir='ltr'>Λακεδαιμονίοις</span> <span class='ocrx_word' id='word_1_210' title='bbox 934 2868 997 2909; x_wconf 74' lang='grc' dir='ltr'><strong>καὶ</strong></span> <span class='ocrx_word' id='word_1_211' title='bbox 1015 2868 1104 2919; x_wconf 79' lang='grc' dir='ltr'>ἡμῖν</span> <span class='ocrx_word' id='word_1_212' title='bbox 1127 2870 1209 2910; x_wconf 78' lang='grc' dir='ltr'>τοῖς</span> 
     </span>
     <span class='ocr_line' id='line_1_42' title="bbox 328 2928 850 2982; baseline 0.004 -15"><span class='ocrx_word' id='word_1_213' title='bbox 328 2928 517 2982; x_wconf 77' lang='grc' dir='ltr'>ὑμετέροις</span> <span class='ocrx_word' id='word_1_214' title='bbox 543 2929 667 2982; x_wconf 72' lang='grc' dir='ltr'>φίλως</span> <span class='ocrx_word' id='word_1_215' title='bbox 686 2930 850 2972; x_wconf 79' lang='grc' dir='ltr'>ἔσεσθαι.</span> 
     </span>
    </p>

    <p class='ocr_par' dir='ltr' id='par_1_7' title="bbox 325 2993 1208 3549">
     <span class='ocr_line' id='line_1_43' title="bbox 383 2993 1208 3047; baseline 0.006 -16"><span class='ocrx_word' id='word_1_216' title='bbox 383 2993 561 3032; x_wconf 78' lang='lat' dir='ltr'><strong>Alterius</strong></span> <span class='ocrx_word' id='word_1_217' title='bbox 581 2993 772 3042; x_wconf 81' lang='lat' dir='ltr'><strong>factionis</strong></span> <span class='ocrx_word' id='word_1_218' title='bbox 800 2995 1013 3047; x_wconf 76' lang='lat' dir='ltr'><strong>principes]</strong></span> <span class='ocrx_word' id='word_1_219' title='bbox 1074 2996 1208 3036; x_wconf 90' lang='lat' dir='ltr'><strong>Isme-</strong></span> 
     </span>
     <span class='ocr_line' id='line_1_44' title="bbox 325 3054 1205 3105; baseline 0.005 -12"><span class='ocrx_word' id='word_1_220' title='bbox 325 3054 440 3094; x_wconf 88' lang='lat' dir='ltr'><strong>niam</strong></span> <span class='ocrx_word' id='word_1_221' title='bbox 459 3055 615 3105; x_wconf 88' lang='lat' dir='ltr'><strong>capitis</strong></span> <span class='ocrx_word' id='word_1_222' title='bbox 644 3062 889 3096; x_wconf 88' lang='lat' dir='ltr'><strong>accusatum</strong></span> <span class='ocrx_word' id='word_1_223' title='bbox 924 3058 1205 3097; x_wconf 86' lang='lat' dir='ltr'><strong>damnarunt:</strong></span> 
     </span>
     <span class='ocr_line' id='line_1_45' title="bbox 326 3117 1206 3171; baseline 0.001 -14"><span class='ocrx_word' id='word_1_224' title='bbox 326 3117 627 3167; x_wconf 88' lang='lat' dir='ltr'><strong>Androclides,</strong></span> <span class='ocrx_word' id='word_1_225' title='bbox 649 3119 898 3170; x_wconf 83' lang='lat' dir='ltr'><strong>Pelopidas,</strong></span> <span class='ocrx_word' id='word_1_226' title='bbox 925 3119 1206 3171; x_wconf 88' lang='lat' dir='ltr'><strong>Pherenicus,</strong></span> 
     </span>
     <span class='ocr_line' id='line_1_46' title="bbox 327 3179 1208 3233; baseline 0.003 -15"><span class='ocrx_word' id='word_1_227' title='bbox 327 3185 374 3219; x_wconf 92' lang='lat' dir='ltr'><strong>et</strong></span> <span class='ocrx_word' id='word_1_228' title='bbox 393 3179 515 3219; x_wconf 89' lang='lat' dir='ltr'><strong>multi</strong></span> <span class='ocrx_word' id='word_1_229' title='bbox 536 3180 623 3232; x_wconf 87' lang='lat' dir='ltr'><strong>alii,</strong></span> <span class='ocrx_word' id='word_1_230' title='bbox 642 3181 735 3232; x_wconf 91' lang='lat' dir='ltr'><strong>plus</strong></span> <span class='ocrx_word' id='word_1_231' title='bbox 757 3181 1057 3233; x_wconf 83' lang='lat' dir='ltr'><strong>quadringenti</strong></span> <span class='ocrx_word' id='word_1_232' title='bbox 1077 3181 1208 3222; x_wconf 89' lang='lat' dir='ltr'><strong>Athe-</strong></span> 
     </span>
     <span class='ocr_line' id='line_1_47' title="bbox 326 3241 1207 3297; baseline 0.006 -18"><span class='ocrx_word' id='word_1_233' title='bbox 326 3253 404 3280; x_wconf 86' lang='lat' dir='ltr'><strong>nas</strong></span> <span class='ocrx_word' id='word_1_234' title='bbox 424 3241 722 3294; x_wconf 84' lang='lat' dir='ltr'><strong>profugerunt,</strong></span> <span class='ocrx_word' id='word_1_235' title='bbox 741 3256 793 3283; x_wconf 89' lang='lat' dir='ltr'><strong>ex</strong></span> <span class='ocrx_word' id='word_1_236' title='bbox 815 3244 965 3297; x_wconf 90' lang='lat' dir='ltr'><strong>quibus</strong></span> <span class='ocrx_word' id='word_1_237' title='bbox 982 3243 1207 3284; x_wconf 88' lang='lat' dir='ltr'><strong>Androcli-</strong></span> 
     </span>
     <span class='ocr_line' id='line_1_48' title="bbox 328 3304 1205 3348; baseline 0.008 -7"><span class='ocrx_word' id='word_1_238' title='bbox 328 3304 424 3342; x_wconf 91' lang='lat' dir='ltr'><strong>dem</strong></span> <span class='ocrx_word' id='word_1_239' title='bbox 463 3306 694 3346; x_wconf 85' lang='lat' dir='ltr'><strong>Leontidas</strong></span> <span class='ocrx_word' id='word_1_240' title='bbox 728 3307 826 3347; x_wconf 89' lang='lat' dir='ltr'><strong>dolo</strong></span> <span class='ocrx_word' id='word_1_241' title='bbox 862 3307 1205 3348; x_wconf 89' lang='lat' dir='ltr'><strong>interficiendum</strong></span> 
     </span>
     <span class='ocr_line' id='line_1_49' title="bbox 328 3368 1204 3421; baseline 0.007 -16"><span class='ocrx_word' id='word_1_242' title='bbox 328 3368 513 3417; x_wconf 84' lang='lat' dir='ltr'><strong>curavit,</strong></span> <span class='ocrx_word' id='word_1_243' title='bbox 532 3374 579 3407; x_wconf 91' lang='lat' dir='ltr'><strong>ut</strong></span> <span class='ocrx_word' id='word_1_244' title='bbox 598 3370 835 3421; x_wconf 84' lang='lat' dir='ltr'><strong>Xenophon</strong></span> <span class='ocrx_word' id='word_1_245' title='bbox 869 3377 913 3411; x_wconf 85' lang='lat' dir='ltr'><strong>et</strong></span> <span class='ocrx_word' id='word_1_246' title='bbox 948 3371 1204 3412; x_wconf 75' lang='lat' dir='ltr'><strong>Plutarchus</strong></span> 
     </span>
     <span class='ocr_line' id='line_1_50' title="bbox 327 3433 1204 3485; baseline 0.009 -18"><span class='ocrx_word' id='word_1_247' title='bbox 327 3436 518 3469; x_wconf 81' lang='lat' dir='ltr'><strong>narrant.</strong></span> <span class='ocrx_word' id='word_1_248' title='bbox 576 3433 888 3482; x_wconf 78' lang='lat' dir='ltr'><strong>Epaminondas</strong></span> <span class='ocrx_word' id='word_1_249' title='bbox 903 3435 1120 3485; x_wconf 81' lang='lat' dir='ltr'><strong>remansit,</strong></span> <span class='ocrx_word' id='word_1_250' title='bbox 1133 3447 1204 3475; x_wconf 84' lang='lat' dir='ltr'><strong>ne-</strong></span> 
     </span>
     <span class='ocr_line' id='line_1_51' title="bbox 329 3492 1205 3549; baseline 0.007 -18"><span class='ocrx_word' id='word_1_251' title='bbox 329 3504 411 3543; x_wconf 85' lang='lat' dir='ltr'><strong>que</strong></span> <span class='ocrx_word' id='word_1_252' title='bbox 447 3492 658 3543; x_wconf 80' lang='lat' dir='ltr'><strong>relegatus</strong></span> <span class='ocrx_word' id='word_1_253' title='bbox 694 3501 769 3544; x_wconf 76' lang='lat' dir='ltr'><strong>est,</strong></span> <span class='ocrx_word' id='word_1_254' title='bbox 797 3507 848 3533; x_wconf 87' lang='lat' dir='ltr'><strong>eo</strong></span> <span class='ocrx_word' id='word_1_255' title='bbox 883 3496 992 3547; x_wconf 85' lang='lat' dir='ltr'><strong>quod</strong></span> <span class='ocrx_word' id='word_1_256' title='bbox 1026 3503 1205 3549; x_wconf 84' lang='lat' dir='ltr'><strong>propter</strong></span> 
     </span>
    </p>
   </div>
   <div class='ocr_carea' id='block_1_3' title="bbox 720 266 1780 344">
    <p class='ocr_par' dir='ltr' id='par_1_8' title="bbox 720 266 1780 344">
     <span class='ocr_line' id='line_1_52' title="bbox 720 266 1780 344; baseline 0.005 -29"><span class='ocrx_word' id='word_1_257' title='bbox 720 275 899 315; x_wconf 81' lang='lat' dir='ltr'>NOTAE</span> <span class='ocrx_word' id='word_1_258' title='bbox 941 266 1271 318; x_wconf 77' lang='lat' dir='ltr'>VARIORU&#39;M</span> <span class='ocrx_word' id='word_1_259' title='bbox 1308 279 1381 344; x_wconf 66' lang='lat' dir='ltr'><strong>JN</strong></span> <span class='ocrx_word' id='word_1_260' title='bbox 1422 281 1474 320; x_wconf 84' lang='lat' dir='ltr'><strong>C.</strong></span> <span class='ocrx_word' id='word_1_261' title='bbox 1516 280 1780 320; x_wconf 79' lang='lat' dir='ltr'><strong>NEPo&#39;rls</strong></span> 
     </span>
    </p>
   </div>
   <div class='ocr_carea' id='block_1_4' title="bbox 1261 397 2160 450">
    <p class='ocr_par' dir='ltr' id='par_1_9' title="bbox 1261 397 2160 450">
     <span class='ocr_line' id='line_1_53' title="bbox 1261 397 2160 450; baseline 0.004 -13"><span class='ocrx_word' id='word_1_262' title='bbox 1261 403 1583 450; x_wconf 83' lang='lat' dir='ltr'><strong>-paupertatem</strong></span> <span class='ocrx_word' id='word_1_263' title='bbox 1629 403 1675 439; x_wconf 92' lang='lat' dir='ltr'><strong>et</strong></span> <span class='ocrx_word' id='word_1_264' title='bbox 1719 397 1908 439; x_wconf 86' lang='lat' dir='ltr'><strong>studium</strong></span> <span class='ocrx_word' id='word_1_265' title='bbox 1953 398 2160 442; x_wconf 75' lang='lat' dir='ltr'><strong>doctrinae</strong></span> 
     </span>
    </p>
   </div>
   <div class='ocr_carea' id='block_1_5' title="bbox 1266 460 2212 3552">
    <p class='ocr_par' dir='ltr' id='par_1_10' title="bbox 1280 460 2162 563">
     <span class='ocr_line' id='line_1_54' title="bbox 1281 460 2162 512; baseline 0.006 -13"><span class='ocrx_word' id='word_1_266' title='bbox 1281 461 1653 512; x_wconf 81' lang='lat' dir='ltr'><strong>contemnebatur,</strong></span> <span class='ocrx_word' id='word_1_267' title='bbox 1670 466 1719 501; x_wconf 87' lang='lat' dir='ltr'><strong>ut</strong></span> <span class='ocrx_word' id='word_1_268' title='bbox 1751 460 1896 512; x_wconf 87' lang='lat' dir='ltr'><strong>paullo</strong></span> <span class='ocrx_word' id='word_1_269' title='bbox 1925 465 2027 503; x_wconf 80' lang='lat' dir='ltr'><strong>ante</strong></span> <span class='ocrx_word' id='word_1_270' title='bbox 2054 462 2162 503; x_wconf 83' lang='lat' dir='ltr'><strong>dixi-</strong></span> 
     </span>
     <span class='ocr_line' id='line_1_55' title="bbox 1280 524 1553 563; baseline 0.007 -3"><span class='ocrx_word' id='word_1_271' title='bbox 1280 533 1387 561; x_wconf 88' lang='lat' dir='ltr'><strong>mus.</strong></span> <span class='ocrx_word' id='word_1_272' title='bbox 1416 524 1553 563; x_wconf 84' lang='lat' dir='ltr'><strong>Lamb.</strong></span> 
     </span>
    </p>

    <p class='ocr_par' dir='ltr' id='par_1_11' title="bbox 1277 584 2167 1130">
     <span class='ocr_line' id='line_1_56' title="bbox 1334 584 2163 640; baseline 0.006 -17"><span class='ocrx_word' id='word_1_273' title='bbox 1334 584 1446 624; x_wconf 77' lang='lat' dir='ltr'><strong>CAP.</strong></span> <span class='ocrx_word' id='word_1_274' title='bbox 1465 589 1508 624; x_wconf 88' lang='lat'><strong>2.</strong></span> <span class='ocrx_word' id='word_1_275' title='bbox 1541 587 1808 627; x_wconf 83' lang='lat' dir='ltr'><strong>Communiter</strong></span> <span class='ocrx_word' id='word_1_276' title='bbox 1837 600 1923 628; x_wconf 88' lang='lat' dir='ltr'><strong>cum</strong></span> <span class='ocrx_word' id='word_1_277' title='bbox 1940 587 2022 640; x_wconf 69' lang='lat' dir='ltr'><strong>his]</strong></span> <span class='ocrx_word' id='word_1_278' title='bbox 2074 587 2163 628; x_wconf 85' lang='lat' dir='ltr'><strong>Xe-</strong></span> 
     </span>
     <span class='ocr_line' id='line_1_57' title="bbox 1277 647 2162 702; baseline 0.005 -15"><span class='ocrx_word' id='word_1_279' title='bbox 1277 647 1450 699; x_wconf 88' lang='lat' dir='ltr'><strong>nophon</strong></span> <span class='ocrx_word' id='word_1_280' title='bbox 1463 648 1579 690; x_wconf 53' lang='lat' dir='ltr'><strong>‘EMc</strong></span> <span class='ocrx_word' id='word_1_281' title='bbox 1592 649 1668 690; x_wconf 85' lang='lat' dir='ltr'><strong>lib.</strong></span> <span class='ocrx_word' id='word_1_282' title='bbox 1687 662 1732 691; x_wconf 84' lang='lat' dir='ltr'><strong>v.</strong></span> <span class='ocrx_word' id='word_1_283' title='bbox 1761 651 1912 702; x_wconf 83' lang='lat' dir='ltr'><strong>tradit,</strong></span> <span class='ocrx_word' id='word_1_284' title='bbox 1929 651 2162 702; x_wconf 86' lang='lat' dir='ltr'><strong>Melonem,</strong></span> 
     </span>
     <span class='ocr_line' id='line_1_58' title="bbox 1279 713 2164 768; baseline 0.007 -18"><span class='ocrx_word' id='word_1_285' title='bbox 1279 723 1408 751; x_wconf 88' lang='lat' dir='ltr'><strong>unum</strong></span> <span class='ocrx_word' id='word_1_286' title='bbox 1426 724 1479 752; x_wconf 88' lang='lat' dir='ltr'><strong>ex</strong></span> <span class='ocrx_word' id='word_1_287' title='bbox 1493 713 1710 754; x_wconf 84' lang='lat' dir='ltr'><strong>Thebanis</strong></span> <span class='ocrx_word' id='word_1_288' title='bbox 1725 714 2037 766; x_wconf 84' lang='lat' dir='ltr'><strong>exulibus,cum</strong></span> <span class='ocrx_word' id='word_1_289' title='bbox 2056 727 2164 768; x_wconf 84' lang='lat' dir='ltr'><strong>quo·</strong></span> 
     </span>
     <span class='ocr_line' id='line_1_59' title="bbox 1279 773 2165 830; baseline 0.006 -18"><span class='ocrx_word' id='word_1_290' title='bbox 1279 773 1376 813; x_wconf 86' lang='lat' dir='ltr'><strong>dam</strong></span> <span class='ocrx_word' id='word_1_291' title='bbox 1409 775 1610 827; x_wconf 83' lang='lat' dir='ltr'><strong>Phyllida</strong></span> <span class='ocrx_word' id='word_1_292' title='bbox 1641 778 1826 826; x_wconf 90' lang='lat' dir='ltr'><strong>nomine,</strong></span> <span class='ocrx_word' id='word_1_293' title='bbox 1872 778 1943 830; x_wconf 87' lang='lat' dir='ltr'><strong>qui</strong></span> <span class='ocrx_word' id='word_1_294' title='bbox 1988 776 2165 818; x_wconf 70' lang='lat' dir='ltr'><strong>Archia».</strong></span> 
     </span>
     <span class='ocr_line' id='line_1_60' title="bbox 1280 837 2158 887; baseline 0.006 -12"><span class='ocrx_word' id='word_1_295' title='bbox 1280 837 1543 886; x_wconf 87' lang='lat' dir='ltr'><strong>polemarchi</strong></span> <span class='ocrx_word' id='word_1_296' title='bbox 1571 837 1762 878; x_wconf 80' lang='lat' dir='ltr'><strong>Tbebani</strong></span> <span class='ocrx_word' id='word_1_297' title='bbox 1795 839 1938 880; x_wconf 84' lang='lat' dir='ltr'><strong>scriba</strong></span> <span class='ocrx_word' id='word_1_298' title='bbox 1966 844 2080 887; x_wconf 80' lang='lat' dir='ltr'><strong>erat,</strong></span> <span class='ocrx_word' id='word_1_299' title='bbox 2107 845 2158 880; x_wconf 85' lang='lat' dir='ltr'><strong>ac</strong></span> 
     </span>
     <span class='ocr_line' id='line_1_61' title="bbox 1279 899 2160 954; baseline 0.007 -17"><span class='ocrx_word' id='word_1_300' title='bbox 1279 910 1364 938; x_wconf 91' lang='lat' dir='ltr'><strong>nou</strong></span> <span class='ocrx_word' id='word_1_301' title='bbox 1396 899 1460 939; x_wconf 85' lang='lat' dir='ltr'><strong>ita</strong></span> <span class='ocrx_word' id='word_1_302' title='bbox 1489 899 1658 951; x_wconf 89' lang='lat' dir='ltr'><strong>pridem</strong></span> <span class='ocrx_word' id='word_1_303' title='bbox 1679 901 1871 942; x_wconf 80' lang='lat' dir='ltr'><strong>Athenas</strong></span> <span class='ocrx_word' id='word_1_304' title='bbox 1892 909 2085 954; x_wconf 87' lang='lat' dir='ltr'><strong>venerat,</strong></span> <span class='ocrx_word' id='word_1_305' title='bbox 2113 909 2160 943; x_wconf 88' lang='lat' dir='ltr'><strong>et</strong></span> 
     </span>
     <span class='ocr_line' id='line_1_62' title="bbox 1280 961 2167 1022; baseline 0.006 -21"><span class='ocrx_word' id='word_1_306' title='bbox 1280 961 1483 1002; x_wconf 82' lang='lat' dir='ltr'><strong>Archiam</strong></span> <span class='ocrx_word' id='word_1_307' title='bbox 1510 968 1777 1016; x_wconf 87' lang='lat' dir='ltr'><strong>caeterosque</strong></span> <span class='ocrx_word' id='word_1_308' title='bbox 1820 970 2024 1015; x_wconf 82' lang='lat' dir='ltr'><strong>tyrannos</strong></span> <span class='ocrx_word' id='word_1_309' title='bbox 2057 965 2167 1022; x_wconf 60' lang='lat' dir='ltr'><strong>‹nle-⁴</strong></span> 
     </span>
     <span class='ocr_line' id='line_1_63' title="bbox 1279 1025 2160 1079; baseline 0.006 -15"><span class='ocrx_word' id='word_1_310' title='bbox 1279 1030 1365 1075; x_wconf 86' lang='lat' dir='ltr'><strong>rat,</strong></span> <span class='ocrx_word' id='word_1_311' title='bbox 1385 1036 1478 1066; x_wconf 89' lang='lat' dir='ltr'><strong>esse</strong></span> <span class='ocrx_word' id='word_1_312' title='bbox 1511 1025 1565 1065; x_wconf 90' lang='lat' dir='ltr'><strong>de</strong></span> <span class='ocrx_word' id='word_1_313' title='bbox 1597 1026 1888 1079; x_wconf 78' lang='lat' dir='ltr'><strong>opprimendis</strong></span> <span class='ocrx_word' id='word_1_314' title='bbox 1905 1027 2160 1069; x_wconf 72' lang='lat' dir='ltr'><strong>adversariis</strong></span> 
     </span>
     <span class='ocr_line' id='line_1_64' title="bbox 1278 1089 1707 1130; baseline 0.005 -2"><span class='ocrx_word' id='word_1_315' title='bbox 1278 1089 1554 1130; x_wconf 85' lang='lat' dir='ltr'><strong>collocutum.</strong></span> <span class='ocrx_word' id='word_1_316' title='bbox 1582 1091 1707 1130; x_wconf 84' lang='lat' dir='ltr'><strong>Idem.</strong></span> 
     </span>
    </p>

    <p class='ocr_par' dir='ltr' id='par_1_12' title="bbox 1273 1152 2212 2145">
     <span class='ocr_line' id='line_1_65' title="bbox 1333 1152 2159 1210; baseline 0.011 -19"><span class='ocrx_word' id='word_1_317' title='bbox 1333 1152 1453 1204; x_wconf 87' lang='lat' dir='ltr'><strong>Eum,</strong></span> <span class='ocrx_word' id='word_1_318' title='bbox 1464 1166 1543 1206; x_wconf 78' lang='lat' dir='ltr'><strong>qao</strong></span> <span class='ocrx_word' id='word_1_319' title='bbox 1561 1154 1724 1194; x_wconf 76' lang='lat' dir='ltr'><strong>maximi</strong></span> <span class='ocrx_word' id='word_1_320' title='bbox 1739 1156 2016 1210; x_wconf 71' lang='lat' dir='ltr'><strong>magistratus]</strong></span> <span class='ocrx_word' id='word_1_321' title='bbox 2071 1158 2159 1200; x_wconf 88' lang='lat' dir='ltr'><strong>Xe-</strong></span> 
     </span>
     <span class='ocr_line' id='line_1_66' title="bbox 1278 1216 2158 1274; baseline 0.009 -20"><span class='ocrx_word' id='word_1_322' title='bbox 1278 1216 1448 1267; x_wconf 89' lang='lat' dir='ltr'><strong>nophon</strong></span> <span class='ocrx_word' id='word_1_323' title='bbox 1469 1216 1620 1258; x_wconf 88' lang='lat' dir='ltr'><strong>eodem</strong></span> <span class='ocrx_word' id='word_1_324' title='bbox 1634 1218 1744 1259; x_wconf 88' lang='lat' dir='ltr'><strong>libro</strong></span> <span class='ocrx_word' id='word_1_325' title='bbox 1763 1219 1839 1270; x_wconf 87' lang='lat' dir='ltr'><strong>ait,</strong></span> <span class='ocrx_word' id='word_1_326' title='bbox 1862 1219 1978 1260; x_wconf 86' lang='lat' dir='ltr'><strong>diem</strong></span> <span class='ocrx_word' id='word_1_327' title='bbox 2009 1219 2158 1274; x_wconf 87' lang='lat' dir='ltr'><strong>fuisse,</strong></span> 
     </span>
     <span class='ocr_line' id='line_1_67' title="bbox 1278 1279 2158 1337; baseline 0.01 -20"><span class='ocrx_word' id='word_1_328' title='bbox 1278 1290 1364 1331; x_wconf 91' lang='lat' dir='ltr'><strong>quo</strong></span> <span class='ocrx_word' id='word_1_329' title='bbox 1377 1279 1649 1332; x_wconf 81' lang='lat' dir='ltr'><strong>magistratus</strong></span> <span class='ocrx_word' id='word_1_330' title='bbox 1672 1282 1983 1336; x_wconf 86' lang='lat' dir='ltr'><strong>imperiumque</strong></span> <span class='ocrx_word' id='word_1_331' title='bbox 1998 1283 2158 1337; x_wconf 86' lang='lat' dir='ltr'><strong>deponi</strong></span> 
     </span>
     <span class='ocr_line' id='line_1_68' title="bbox 1276 1343 2158 1400; baseline 0.008 -17"><span class='ocrx_word' id='word_1_332' title='bbox 1276 1343 1455 1386; x_wconf 88' lang='lat' dir='ltr'><strong>solebat.</strong></span> <span class='ocrx_word' id='word_1_333' title='bbox 1510 1346 1742 1398; x_wconf 86' lang='lat' dir='ltr'><strong>Polyaenus</strong></span> <span class='ocrx_word' id='word_1_334' title='bbox 1771 1346 1995 1400; x_wconf 69' lang='grc' dir='ltr'>Ἀφροδίσια</span> <span class='ocrx_word' id='word_1_335' title='bbox 2022 1349 2158 1391; x_wconf 81' lang='lat' dir='ltr'><strong>fuisse</strong></span> 
     </span>
     <span class='ocr_line' id='line_1_69' title="bbox 1277 1408 2158 1467; baseline 0.009 -21"><span class='ocrx_word' id='word_1_336' title='bbox 1277 1408 1425 1459; x_wconf 81' lang='lat' dir='ltr'><strong>tradit,</strong></span> <span class='ocrx_word' id='word_1_337' title='bbox 1443 1413 1491 1448; x_wconf 91' lang='lat' dir='ltr'><strong>et</strong></span> <span class='ocrx_word' id='word_1_338' title='bbox 1518 1409 1630 1450; x_wconf 91' lang='lat' dir='ltr'><strong>diem</strong></span> <span class='ocrx_word' id='word_1_339' title='bbox 1649 1409 1821 1451; x_wconf 54' lang='lat' dir='ltr'><strong>›festnm</strong></span> <span class='ocrx_word' id='word_1_340' title='bbox 1850 1413 2053 1465; x_wconf 76' lang='lat' dir='ltr'><strong>Veneris,</strong></span> <span class='ocrx_word' id='word_1_341' title='bbox 2073 1425 2158 1467; x_wconf 88' lang='lat' dir='ltr'><strong>quo</strong></span> 
     </span>
     <span class='ocr_line' id='line_1_70' title="bbox 1275 1470 2158 1525; baseline 0.011 -16"><span class='ocrx_word' id='word_1_342' title='bbox 1275 1470 1476 1511; x_wconf 87' lang='lat' dir='ltr'><strong>mulieres</strong></span> <span class='ocrx_word' id='word_1_343' title='bbox 1511 1473 1682 1525; x_wconf 90' lang='lat' dir='ltr'><strong>quidem</strong></span> <span class='ocrx_word' id='word_1_344' title='bbox 1715 1476 1824 1516; x_wconf 86' lang='lat' dir='ltr'><strong>Deae</strong></span> <span class='ocrx_word' id='word_1_345' title='bbox 1856 1475 2004 1517; x_wconf 89' lang='lat' dir='ltr'><strong>ludum</strong></span> <span class='ocrx_word' id='word_1_346' title='bbox 2037 1477 2158 1518; x_wconf 83' lang='lat' dir='ltr'><strong>lude·</strong></span> 
     </span>
     <span class='ocr_line' id='line_1_71' title="bbox 1275 1532 2158 1583; baseline 0.014 -12"><span class='ocrx_word' id='word_1_347' title='bbox 1275 1532 1406 1574; x_wconf 80' lang='lat' dir='ltr'><strong>bant:</strong></span> <span class='ocrx_word' id='word_1_348' title='bbox 1451 1534 1530 1574; x_wconf 83' lang='lat' dir='ltr'><strong>viri</strong></span> <span class='ocrx_word' id='word_1_349' title='bbox 1550 1541 1694 1577; x_wconf 85' lang='lat' dir='ltr'><strong>autem</strong></span> <span class='ocrx_word' id='word_1_350' title='bbox 1718 1538 1881 1580; x_wconf 88' lang='lat' dir='ltr'><strong>circum</strong></span> <span class='ocrx_word' id='word_1_351' title='bbox 1911 1552 1983 1581; x_wconf 86' lang='lat' dir='ltr'><strong>eas</strong></span> <span class='ocrx_word' id='word_1_352' title='bbox 2013 1552 2158 1583; x_wconf 77' lang='lat' dir='ltr'><strong>versa-</strong></span> 
     </span>
     <span class='ocr_line' id='line_1_72' title="bbox 1277 1596 2212 1671; baseline 0.012 -35"><span class='ocrx_word' id='word_1_353' title='bbox 1277 1596 1444 1638; x_wconf 79' lang='lat' dir='ltr'><strong>bantur.</strong></span> <span class='ocrx_word' id='word_1_354' title='bbox 1498 1598 1647 1639; x_wconf 83' lang='lat' dir='ltr'><strong>Visum</strong></span> <span class='ocrx_word' id='word_1_355' title='bbox 1668 1607 1737 1641; x_wconf 90' lang='lat' dir='ltr'><strong>est</strong></span> <span class='ocrx_word' id='word_1_356' title='bbox 1755 1601 1944 1653; x_wconf 85' lang='lat' dir='ltr'><strong>praesidii</strong></span> <span class='ocrx_word' id='word_1_357' title='bbox 1961 1602 2166 1671; x_wconf 50' lang='lat' dir='ltr'><strong>Praefeq</strong></span> <span class='ocrx_word' id='word_1_358' title='bbox 2207 1643 2212 1646; x_wconf 82' lang='lat'><strong>.</strong></span> 
     </span>
     <span class='ocr_line' id='line_1_73' title="bbox 1275 1659 2163 1711; baseline 0.008 -10"><span class='ocrx_word' id='word_1_359' title='bbox 1275 1665 1321 1701; x_wconf 91' lang='lat' dir='ltr'><strong>to</strong></span> <span class='ocrx_word' id='word_1_360' title='bbox 1337 1661 1497 1710; x_wconf 77' lang='grc' dir='ltr'>τιμῆσαι</span> <span class='ocrx_word' id='word_1_361' title='bbox 1511 1659 1583 1708; x_wconf 79' lang='grc' dir='ltr'><strong>τὴν</strong></span> <span class='ocrx_word' id='word_1_362' title='bbox 1595 1662 1702 1704; x_wconf 84' lang='grc' dir='ltr'>Θεόν.</span> <span class='ocrx_word' id='word_1_363' title='bbox 1746 1664 1920 1706; x_wconf 87' lang='lat' dir='ltr'><strong>Puellas</strong></span> <span class='ocrx_word' id='word_1_364' title='bbox 1934 1666 2135 1711; x_wconf 64' lang='lat' dir='ltr'><strong>evocavit</strong></span> <span class='ocrx_word' id='word_1_365' title='bbox 2146 1667 2163 1708; x_wconf 70' lang='grc' dir='ltr'><strong><em>Ξ</em></strong></span> 
     </span>
     <span class='ocr_line' id='line_1_74' title="bbox 1275 1723 2156 1778; baseline 0.01 -15"><span class='ocrx_word' id='word_1_366' title='bbox 1275 1723 1507 1776; x_wconf 87' lang='lat' dir='ltr'><strong>Pelopidas</strong></span> <span class='ocrx_word' id='word_1_367' title='bbox 1550 1726 1778 1778; x_wconf 84' lang='lat' dir='ltr'><strong>gladiolum</strong></span> <span class='ocrx_word' id='word_1_368' title='bbox 1821 1730 2039 1771; x_wconf 83' lang='lat' dir='ltr'><strong>occultum</strong></span> <span class='ocrx_word' id='word_1_369' title='bbox 2082 1731 2156 1772; x_wconf 84' lang='lat' dir='ltr'><strong>ha-</strong></span> 
     </span>
     <span class='ocr_line' id='line_1_75' title="bbox 1275 1786 2158 1846; baseline 0.01 -19"><span class='ocrx_word' id='word_1_370' title='bbox 1275 1786 1381 1828; x_wconf 89' lang='lat' dir='ltr'><strong>bens</strong></span> <span class='ocrx_word' id='word_1_371' title='bbox 1399 1787 1653 1841; x_wconf 86' lang='lat' dir='ltr'><strong>ingreditur,</strong></span> <span class='ocrx_word' id='word_1_372' title='bbox 1672 1796 1717 1832; x_wconf 88' lang='lat' dir='ltr'><strong>et</strong></span> <span class='ocrx_word' id='word_1_373' title='bbox 1745 1791 1978 1834; x_wconf 81' lang='lat' dir='ltr'><strong>interfecto</strong></span> <span class='ocrx_word' id='word_1_374' title='bbox 2010 1796 2158 1846; x_wconf 79' lang='lat' dir='ltr'><strong>praesi-</strong></span> 
     </span>
     <span class='ocr_line' id='line_1_76' title="bbox 1275 1849 2154 1906; baseline 0.009 -17"><span class='ocrx_word' id='word_1_375' title='bbox 1275 1849 1338 1890; x_wconf 83' lang='lat' dir='ltr'><strong>dii</strong></span> <span class='ocrx_word' id='word_1_376' title='bbox 1369 1850 1603 1903; x_wconf 82' lang='lat' dir='ltr'><strong>Praefecto,</strong></span> <span class='ocrx_word' id='word_1_377' title='bbox 1635 1851 1872 1906; x_wconf 75' lang='grc' dir='ltr'>ἠλευθέρωσε</span> <span class='ocrx_word' id='word_1_378' title='bbox 1907 1855 1979 1896; x_wconf 74' lang='grc' dir='ltr'>τὰς</span> <span class='ocrx_word' id='word_1_379' title='bbox 2009 1856 2154 1906; x_wconf 79' lang='grc' dir='ltr'>Θήβας.</span> 
     </span>
     <span class='ocr_line' id='line_1_77' title="bbox 1277 1912 2154 1968; baseline 0.009 -16"><span class='ocrx_word' id='word_1_380' title='bbox 1277 1912 1389 1953; x_wconf 86' lang='lat' dir='ltr'><strong>Haec</strong></span> <span class='ocrx_word' id='word_1_381' title='bbox 1409 1914 1640 1966; x_wconf 73' lang='lat' dir='ltr'><strong>Polyaenus</strong></span> <span class='ocrx_word' id='word_1_382' title='bbox 1656 1916 1844 1968; x_wconf 83' lang='lat' dir='ltr'><strong>Strateg.</strong></span> <span class='ocrx_word' id='word_1_383' title='bbox 1863 1927 1915 1958; x_wconf 79' lang='grc' dir='ltr'><strong>ιι.</strong></span> <span class='ocrx_word' id='word_1_384' title='bbox 1961 1919 2075 1960; x_wconf 86' lang='lat' dir='ltr'><strong>Vide</strong></span> <span class='ocrx_word' id='word_1_385' title='bbox 2094 1921 2154 1960; x_wconf 85' lang='lat' dir='ltr'><strong>sis</strong></span> 
     </span>
     <span class='ocr_line' id='line_1_78' title="bbox 1276 1976 2155 2032; baseline 0.009 -16"><span class='ocrx_word' id='word_1_386' title='bbox 1276 1976 1662 2032; x_wconf 77' lang='lat' dir='ltr'><strong>Plutarchum,-qui</strong></span> <span class='ocrx_word' id='word_1_387' title='bbox 1677 1980 1856 2021; x_wconf 84' lang='lat' dir='ltr'><strong>eandem</strong></span> <span class='ocrx_word' id='word_1_388' title='bbox 1887 1981 1997 2022; x_wconf 82' lang='lat' dir='ltr'><strong>hanc</strong></span> <span class='ocrx_word' id='word_1_389' title='bbox 2020 1982 2155 2024; x_wconf 87' lang='lat' dir='ltr'><strong>histo-</strong></span> 
     </span>
     <span class='ocr_line' id='line_1_79' title="bbox 1275 2040 2155 2096; baseline 0.008 -16"><span class='ocrx_word' id='word_1_390' title='bbox 1275 2040 1382 2080; x_wconf 88' lang='lat' dir='ltr'><strong>riam</strong></span> <span class='ocrx_word' id='word_1_391' title='bbox 1402 2048 1721 2096; x_wconf 87' lang='lat' dir='ltr'><strong>commemorat,</strong></span> <span class='ocrx_word' id='word_1_392' title='bbox 1749 2043 1825 2084; x_wconf 82' lang='lat' dir='ltr'><strong>sed</strong></span> <span class='ocrx_word' id='word_1_393' title='bbox 1853 2044 1946 2085; x_wconf 86' lang='lat' dir='ltr'><strong>aliis</strong></span> <span class='ocrx_word' id='word_1_394' title='bbox 1973 2046 2155 2086; x_wconf 85' lang='lat' dir='ltr'><strong>circum-</strong></span> 
     </span>
     <span class='ocr_line' id='line_1_80' title="bbox 1273 2104 1454 2145; baseline 0 0"><span class='ocrx_word' id='word_1_395' title='bbox 1273 2104 1454 2145; x_wconf 88' lang='lat' dir='ltr'><strong>stantiis.</strong></span> 
     </span>
    </p>

    <p class='ocr_par' dir='ltr' id='par_1_13' title="bbox 1269 2168 2155 2594">
     <span class='ocr_line' id='line_1_81' title="bbox 1328 2168 2155 2224; baseline 0.008 -17"><span class='ocrx_word' id='word_1_396' title='bbox 1328 2168 1437 2209; x_wconf 83' lang='lat' dir='ltr'><strong>Nam</strong></span> <span class='ocrx_word' id='word_1_397' title='bbox 1453 2169 1654 2211; x_wconf 78' lang='lat' dir='ltr'><strong>duodecim</strong></span> <span class='ocrx_word' id='word_1_398' title='bbox 1671 2171 1965 2224; x_wconf 75' lang='lat' dir='ltr'><strong>adolescentuli]</strong></span> <span class='ocrx_word' id='word_1_399' title='bbox 2006 2173 2155 2214; x_wconf 81' lang='lat' dir='ltr'><strong>xeno-</strong></span> 
     </span>
     <span class='ocr_line' id='line_1_82' title="bbox 1273 2231 2154 2284; baseline 0.007 -14"><span class='ocrx_word' id='word_1_400' title='bbox 1273 2231 1386 2282; x_wconf 88' lang='lat' dir='ltr'><strong>phon</strong></span> <span class='ocrx_word' id='word_1_401' title='bbox 1406 2233 1555 2284; x_wconf 86' lang='lat' dir='ltr'><strong>tradit,</strong></span> <span class='ocrx_word' id='word_1_402' title='bbox 1574 2245 1649 2274; x_wconf 85' lang='lat' dir='ltr'><strong>sex</strong></span> <span class='ocrx_word' id='word_1_403' title='bbox 1676 2234 1892 2276; x_wconf 74' lang='lat' dir='ltr'><strong>duntaxat</strong></span> <span class='ocrx_word' id='word_1_404' title='bbox 1924 2236 2071 2276; x_wconf 83' lang='lat' dir='ltr'><strong>exules</strong></span> <span class='ocrx_word' id='word_1_405' title='bbox 2089 2235 2154 2276; x_wconf 83' lang='lat' dir='ltr'><strong>fu·</strong></span> 
     </span>
     <span class='ocr_line' id='line_1_83' title="bbox 1269 2292 2151 2350; baseline 0.007 -17"><span class='ocrx_word' id='word_1_406' title='bbox 1269 2292 1353 2334; x_wconf 89' lang='lat' dir='ltr'><strong>isse</strong></span> <span class='ocrx_word' id='word_1_407' title='bbox 1372 2306 1467 2335; x_wconf 90' lang='lat' dir='ltr'><strong>cum</strong></span> <span class='ocrx_word' id='word_1_408' title='bbox 1487 2292 1681 2346; x_wconf 87' lang='lat' dir='ltr'><strong>Melone,</strong></span> <span class='ocrx_word' id='word_1_409' title='bbox 1700 2298 1775 2350; x_wconf 83' lang='lat' dir='ltr'><strong>qui</strong></span> <span class='ocrx_word' id='word_1_410' title='bbox 1806 2305 1900 2338; x_wconf 89' lang='lat' dir='ltr'><strong>erat</strong></span> <span class='ocrx_word' id='word_1_411' title='bbox 1930 2299 2151 2350; x_wconf 76' lang='lat' dir='ltr'><strong>septimus.</strong></span> 
     </span>
     <span class='ocr_line' id='line_1_84' title="bbox 1271 2357 2154 2414; baseline 0.007 -18"><span class='ocrx_word' id='word_1_412' title='bbox 1271 2357 1525 2398; x_wconf 82' lang='lat' dir='ltr'><strong>Plutarchus</strong></span> <span class='ocrx_word' id='word_1_413' title='bbox 1543 2371 1639 2399; x_wconf 90' lang='lat' dir='ltr'><strong>cum</strong></span> <span class='ocrx_word' id='word_1_414' title='bbox 1661 2361 1803 2400; x_wconf 88' lang='lat' dir='ltr'><strong>Probo</strong></span> <span class='ocrx_word' id='word_1_415' title='bbox 1821 2362 2045 2414; x_wconf 84' lang='lat' dir='ltr'><strong>congruit:</strong></span> <span class='ocrx_word' id='word_1_416' title='bbox 2083 2360 2154 2412; x_wconf 69' lang='grc' dir='ltr'><strong>γέ·</strong></span> 
     </span>
     <span class='ocr_line' id='line_1_85' title="bbox 1270 2422 2149 2474; baseline 0.003 -11"><span class='ocrx_word' id='word_1_417' title='bbox 1270 2437 1417 2473; x_wconf 85' lang='grc' dir='ltr'>νομενοι</span> <span class='ocrx_word' id='word_1_418' title='bbox 1433 2422 1475 2464; x_wconf 79' lang='grc' dir='ltr'><strong>δὲ</strong></span> <span class='ocrx_word' id='word_1_419' title='bbox 1493 2423 1531 2463; x_wconf 82' lang='grc' dir='ltr'><strong>οἷ</strong></span> <span class='ocrx_word' id='word_1_420' title='bbox 1546 2423 1765 2474; x_wconf 74' lang='grc' dir='ltr'>σύμπαντες</span> <span class='ocrx_word' id='word_1_421' title='bbox 1780 2424 1938 2465; x_wconf 74' lang='grc' dir='ltr'>δώδεκα.</span> <span class='ocrx_word' id='word_1_422' title='bbox 1968 2425 2149 2468; x_wconf 72' lang='lat' dir='ltr'><strong>Lambin.</strong></span> 
     </span>
     <span class='ocr_line' id='line_1_86' title="bbox 1272 2480 2149 2541; baseline 0.002 -15"><span class='ocrx_word' id='word_1_423' title='bbox 1272 2486 1325 2526; x_wconf 86' lang='lat' dir='ltr'><strong>In</strong></span> <span class='ocrx_word' id='word_1_424' title='bbox 1355 2487 1422 2526; x_wconf 87' lang='lat' dir='ltr'><strong>his</strong></span> <span class='ocrx_word' id='word_1_425' title='bbox 1469 2487 1742 2527; x_wconf 86' lang='lat' dir='ltr'><strong>Damoclides</strong></span> <span class='ocrx_word' id='word_1_426' title='bbox 1773 2492 1820 2527; x_wconf 90' lang='lat' dir='ltr'><strong>et</strong></span> <span class='ocrx_word' id='word_1_427' title='bbox 1850 2480 2149 2541; x_wconf 81' lang='lat' dir='ltr'><strong>Theopompus</strong></span> 
     </span>
     <span class='ocr_line' id='line_1_87' title="bbox 1270 2551 2053 2594; baseline 0.003 -3"><span class='ocrx_word' id='word_1_428' title='bbox 1270 2562 1434 2593; x_wconf 87' lang='lat' dir='ltr'><strong>summo</strong></span> <span class='ocrx_word' id='word_1_429' title='bbox 1452 2551 1549 2591; x_wconf 91' lang='lat' dir='ltr'><strong>loco</strong></span> <span class='ocrx_word' id='word_1_430' title='bbox 1569 2552 1674 2592; x_wconf 87' lang='lat' dir='ltr'><strong>nati.</strong></span> <span class='ocrx_word' id='word_1_431' title='bbox 1702 2551 1822 2592; x_wconf 90' lang='lat' dir='ltr'><strong>Plut.</strong></span> <span class='ocrx_word' id='word_1_432' title='bbox 1877 2551 2053 2594; x_wconf 76' lang='lat' dir='ltr'><strong>Schott..</strong></span> 
     </span>
    </p>

    <p class='ocr_par' dir='ltr' id='par_1_14' title="bbox 1266 2613 2150 3552">
     <span class='ocr_line' id='line_1_88' title="bbox 1327 2613 2150 2665; baseline 0.006 -13"><span class='ocrx_word' id='word_1_433' title='bbox 1327 2613 1415 2659; x_wconf 85' lang='lat' dir='ltr'><strong>Qua</strong></span> <span class='ocrx_word' id='word_1_434' title='bbox 1443 2613 1644 2664; x_wconf 82' lang='lat' dir='ltr'><strong>paucitate</strong></span> <span class='ocrx_word' id='word_1_435' title='bbox 1671 2626 1853 2665; x_wconf 83' lang='lat' dir='ltr'><strong>percussa</strong></span> <span class='ocrx_word' id='word_1_436' title='bbox 1877 2619 1936 2655; x_wconf 81' lang='lat' dir='ltr'><strong>est</strong></span> <span class='ocrx_word' id='word_1_437' title='bbox 1968 2616 2150 2657; x_wconf 66' lang='lat' dir='ltr'><strong>lacede-</strong></span> 
     </span>
     <span class='ocr_line' id='line_1_89' title="bbox 1268 2675 2150 2730; baseline 0.003 -15"><span class='ocrx_word' id='word_1_438' title='bbox 1268 2676 1480 2716; x_wconf 85' lang='lat' dir='ltr'><strong>moniorum</strong></span> <span class='ocrx_word' id='word_1_439' title='bbox 1493 2675 1690 2728; x_wconf 81' lang='lat' dir='ltr'><strong>potentia]</strong></span> <span class='ocrx_word' id='word_1_440' title='bbox 1718 2675 1808 2717; x_wconf 88' lang='lat' dir='ltr'><strong>Alii</strong></span> <span class='ocrx_word' id='word_1_441' title='bbox 1825 2680 1999 2729; x_wconf 81' lang='lat' dir='ltr'><strong>perculsa</strong></span> <span class='ocrx_word' id='word_1_442' title='bbox 2015 2682 2089 2730; x_wconf 75' lang='lat' dir='ltr'><strong>est,</strong></span> <span class='ocrx_word' id='word_1_443' title='bbox 2105 2678 2150 2718; x_wconf 91' lang='lat' dir='ltr'><strong>id</strong></span> 
     </span>
     <span class='ocr_line' id='line_1_90' title="bbox 1271 2741 2150 2792; baseline 0.006 -15"><span class='ocrx_word' id='word_1_444' title='bbox 1271 2743 1355 2789; x_wconf 86' lang='lat' dir='ltr'><strong>est,</strong></span> <span class='ocrx_word' id='word_1_445' title='bbox 1371 2749 1521 2779; x_wconf 79' lang='lat' dir='ltr'><strong>eversa</strong></span> <span class='ocrx_word' id='word_1_446' title='bbox 1536 2745 1631 2779; x_wconf 82' lang='lat' dir='ltr'><strong>est:</strong></span> <span class='ocrx_word' id='word_1_447' title='bbox 1672 2751 1798 2791; x_wconf 84' lang='lat' dir='ltr'><strong>quam</strong></span> <span class='ocrx_word' id='word_1_448' title='bbox 1819 2741 2074 2792; x_wconf 83' lang='lat' dir='ltr'><strong>scripturam</strong></span> <span class='ocrx_word' id='word_1_449' title='bbox 2093 2753 2150 2782; x_wconf 80' lang='lat' dir='ltr'><strong>ae·</strong></span> 
     </span>
     <span class='ocr_line' id='line_1_91' title="bbox 1271 2801 2150 2853; baseline 0.006 -13"><span class='ocrx_word' id='word_1_450' title='bbox 1271 2812 1354 2853; x_wconf 91' lang='lat' dir='ltr'><strong>que</strong></span> <span class='ocrx_word' id='word_1_451' title='bbox 1375 2801 1526 2853; x_wconf 90' lang='lat' dir='ltr'><strong>probo.</strong></span> <span class='ocrx_word' id='word_1_452' title='bbox 1553 2801 1734 2843; x_wconf 84' lang='lat' dir='ltr'><strong>Lambin.</strong></span> <span class='ocrx_word' id='word_1_453' title='bbox 1790 2803 1973 2844; x_wconf 85' lang='lat' dir='ltr'><strong>Gemina</strong></span> <span class='ocrx_word' id='word_1_454' title='bbox 1990 2804 2055 2844; x_wconf 87' lang='lat' dir='ltr'><strong>his</strong></span> <span class='ocrx_word' id='word_1_455' title='bbox 2074 2811 2150 2845; x_wconf 87' lang='lat' dir='ltr'><strong>aut</strong></span> 
     </span>
     <span class='ocr_line' id='line_1_92' title="bbox 1271 2864 2150 2916; baseline 0.006 -13"><span class='ocrx_word' id='word_1_456' title='bbox 1271 2864 1420 2904; x_wconf 87' lang='lat' dir='ltr'><strong>eadem</strong></span> <span class='ocrx_word' id='word_1_457' title='bbox 1439 2865 1581 2916; x_wconf 88' lang='lat' dir='ltr'><strong>potius</strong></span> <span class='ocrx_word' id='word_1_458' title='bbox 1600 2871 1646 2906; x_wconf 92' lang='lat' dir='ltr'><strong>et</strong></span> <span class='ocrx_word' id='word_1_459' title='bbox 1660 2866 1918 2907; x_wconf 89' lang='lat' dir='ltr'><strong>Plutarchus</strong></span> <span class='ocrx_word' id='word_1_460' title='bbox 1951 2867 1995 2907; x_wconf 88' lang='lat' dir='ltr'><strong>in</strong></span> <span class='ocrx_word' id='word_1_461' title='bbox 2026 2867 2150 2908; x_wconf 87' lang='lat' dir='ltr'><strong>Pelo·</strong></span> 
     </span>
     <span class='ocr_line' id='line_1_93' title="bbox 1271 2928 2149 2980; baseline 0.005 -13"><span class='ocrx_word' id='word_1_462' title='bbox 1271 2928 1401 2980; x_wconf 72' lang='lat' dir='ltr'><strong>pidaz</strong></span> <span class='ocrx_word' id='word_1_463' title='bbox 1444 2929 1518 2970; x_wconf 91' lang='lat' dir='ltr'><strong>ubi</strong></span> <span class='ocrx_word' id='word_1_464' title='bbox 1553 2930 1681 2970; x_wconf 85' lang='lat' dir='ltr'><strong>etiam</strong></span> <span class='ocrx_word' id='word_1_465' title='bbox 1709 2930 1860 2972; x_wconf 87' lang='lat' dir='ltr'><strong>scribit</strong></span> <span class='ocrx_word' id='word_1_466' title='bbox 1886 2936 2028 2971; x_wconf 84' lang='lat' dir='ltr'><strong>tantas</strong></span> <span class='ocrx_word' id='word_1_467' title='bbox 2048 2937 2149 2971; x_wconf 84' lang='lat' dir='ltr'><strong>ante</strong></span> 
     </span>
     <span class='ocr_line' id='line_1_94' title="bbox 1272 2991 2149 3046; baseline 0.005 -16"><span class='ocrx_word' id='word_1_468' title='bbox 1272 2991 1539 3031; x_wconf 84' lang='lat' dir='ltr'><strong>Leuctricam</strong></span> <span class='ocrx_word' id='word_1_469' title='bbox 1573 3004 1755 3044; x_wconf 84' lang='lat' dir='ltr'><strong>pugnam</strong></span> <span class='ocrx_word' id='word_1_470' title='bbox 1789 2993 1901 3033; x_wconf 84' lang='lat' dir='ltr'><strong>vires</strong></span> <span class='ocrx_word' id='word_1_471' title='bbox 1917 2994 2149 3046; x_wconf 79' lang='lat' dir='ltr'><strong>Spartano-</strong></span> 
     </span>
     <span class='ocr_line' id='line_1_95' title="bbox 1270 3057 2147 3104; baseline 0.006 -8"><span class='ocrx_word' id='word_1_472' title='bbox 1270 3069 1361 3096; x_wconf 89' lang='lat' dir='ltr'><strong>rum</strong></span> <span class='ocrx_word' id='word_1_473' title='bbox 1381 3057 1526 3104; x_wconf 87' lang='lat' dir='ltr'><strong>fuisse‚</strong></span> <span class='ocrx_word' id='word_1_474' title='bbox 1539 3063 1591 3098; x_wconf 82' lang='lat' dir='ltr'><strong>-et</strong></span> <span class='ocrx_word' id='word_1_475' title='bbox 1610 3063 1696 3098; x_wconf 88' lang='lat' dir='ltr'><strong>tam</strong></span> <span class='ocrx_word' id='word_1_476' title='bbox 1718 3058 1849 3098; x_wconf 79' lang='lat' dir='ltr'><strong>firmis</strong></span> <span class='ocrx_word' id='word_1_477' title='bbox 1878 3059 2059 3101; x_wconf 88' lang='lat' dir='ltr'><strong>vinculis</strong></span> <span class='ocrx_word' id='word_1_478' title='bbox 2078 3071 2147 3100; x_wconf 85' lang='lat' dir='ltr'><strong>eo·</strong></span> 
     </span>
     <span class='ocr_line' id='line_1_96' title="bbox 1271 3119 2148 3171; baseline 0.005 -13"><span class='ocrx_word' id='word_1_479' title='bbox 1271 3131 1363 3158; x_wconf 90' lang='lat' dir='ltr'><strong>rum</strong></span> <span class='ocrx_word' id='word_1_480' title='bbox 1383 3120 1616 3170; x_wconf 83' lang='lat' dir='ltr'><strong>potentiam</strong></span> <span class='ocrx_word' id='word_1_481' title='bbox 1646 3119 1781 3160; x_wconf 84' lang='lat' dir='ltr'><strong>fuisse</strong></span> <span class='ocrx_word' id='word_1_482' title='bbox 1812 3120 2079 3171; x_wconf 81' lang='lat' dir='ltr'><strong>adstrictam,</strong></span> <span class='ocrx_word' id='word_1_483' title='bbox 2100 3127 2148 3162; x_wconf 82' lang='lat' dir='ltr'><strong>nt</strong></span> 
     </span>
     <span class='ocr_line' id='line_1_97' title="bbox 1270 3181 2148 3235; baseline 0.006 -15"><span class='ocrx_word' id='word_1_484' title='bbox 1270 3181 1397 3233; x_wconf 85' lang='lat' dir='ltr'><strong>vulgo</strong></span> <span class='ocrx_word' id='word_1_485' title='bbox 1417 3194 1562 3222; x_wconf 81' lang='lat' dir='ltr'><strong>omnes</strong></span> <span class='ocrx_word' id='word_1_486' title='bbox 1581 3183 1892 3235; x_wconf 83' lang='lat' dir='ltr'><strong>existimarent,</strong></span> <span class='ocrx_word' id='word_1_487' title='bbox 1911 3186 2085 3226; x_wconf 39' lang='lat' dir='ltr'><strong>solvere*</strong></span> <span class='ocrx_word' id='word_1_488' title='bbox 2098 3186 2148 3225; x_wconf 91' lang='lat' dir='ltr'><strong>il-</strong></span> 
     </span>
     <span class='ocr_line' id='line_1_98' title="bbox 1268 3243 2145 3300; baseline 0.007 -18"><span class='ocrx_word' id='word_1_489' title='bbox 1268 3243 1352 3283; x_wconf 86' lang='lat' dir='ltr'><strong>lam</strong></span> <span class='ocrx_word' id='word_1_490' title='bbox 1379 3250 1459 3284; x_wconf 79' lang='lat' dir='ltr'><strong>-aut</strong></span> <span class='ocrx_word' id='word_1_491' title='bbox 1487 3244 1686 3297; x_wconf 82' lang='lat' dir='ltr'><strong>frangere</strong></span> <span class='ocrx_word' id='word_1_492' title='bbox 1717 3247 1926 3287; x_wconf 86' lang='lat' dir='ltr'><strong>neminem</strong></span> <span class='ocrx_word' id='word_1_493' title='bbox 1960 3258 2145 3300; x_wconf 86' lang='lat' dir='ltr'><strong>unquam</strong></span> 
     </span>
     <span class='ocr_line' id='line_1_99' title="bbox 1269 3308 2148 3350; baseline 0.005 -4"><span class='ocrx_word' id='word_1_494' title='bbox 1269 3308 1511 3348; x_wconf 84' lang='lat' dir='ltr'><strong>valiturum.</strong></span> <span class='ocrx_word' id='word_1_495' title='bbox 1576 3309 1648 3349; x_wconf 82' lang='lat' dir='ltr'><strong>Sic</strong></span> <span class='ocrx_word' id='word_1_496' title='bbox 1669 3309 1767 3350; x_wconf 88' lang='lat' dir='ltr'><strong>ille:</strong></span> <span class='ocrx_word' id='word_1_497' title='bbox 1795 3310 1844 3347; x_wconf 68' lang='grc' dir='ltr'>Ὀ</span> <span class='ocrx_word' id='word_1_498' title='bbox 1866 3308 2089 3350; x_wconf 75' lang='grc' dir='ltr'>καταλύσας</span> <span class='ocrx_word' id='word_1_499' title='bbox 2102 3310 2148 3350; x_wconf 75' lang='grc' dir='ltr'><strong>τὸ</strong></span> 
     </span>
     <span class='ocr_line' id='line_1_100' title="bbox 1266 3369 2147 3424; baseline 0.001 -12"><span class='ocrx_word' id='word_1_500' title='bbox 1266 3372 1337 3419; x_wconf 75' lang='grc' dir='ltr'>τῆς</span> <span class='ocrx_word' id='word_1_501' title='bbox 1356 3369 1534 3423; x_wconf 67' lang='grc' dir='ltr'>Σπάρτης</span> <span class='ocrx_word' id='word_1_502' title='bbox 1567 3371 1723 3422; x_wconf 75' lang='grc' dir='ltr'>ἀξίωμα,</span> <span class='ocrx_word' id='word_1_503' title='bbox 1741 3371 1805 3411; x_wconf 77' lang='grc' dir='ltr'><strong>καὶ</strong></span> <span class='ocrx_word' id='word_1_504' title='bbox 1827 3370 1980 3412; x_wconf 74' lang='grc' dir='ltr'>παύσας</span> <span class='ocrx_word' id='word_1_505' title='bbox 2005 3371 2147 3424; x_wconf 71' lang='grc' dir='ltr'>ἄρχον-</span> 
     </span>
     <span class='ocr_line' id='line_1_101' title="bbox 1266 3433 2146 3486; baseline 0.005 -13"><span class='ocrx_word' id='word_1_506' title='bbox 1266 3449 1339 3475; x_wconf 79' lang='grc' dir='ltr'>τας</span> <span class='ocrx_word' id='word_1_507' title='bbox 1357 3434 1495 3475; x_wconf 77' lang='grc' dir='ltr'>αὐτοὺς</span> <span class='ocrx_word' id='word_1_508' title='bbox 1511 3436 1586 3485; x_wconf 75' lang='grc' dir='ltr'>’γῆς</span> <span class='ocrx_word' id='word_1_509' title='bbox 1605 3450 1652 3474; x_wconf 80' lang='grc' dir='ltr'><strong>τε</strong></span> <span class='ocrx_word' id='word_1_510' title='bbox 1669 3434 1733 3474; x_wconf 78' lang='grc' dir='ltr'><strong>καὶ</strong></span> <span class='ocrx_word' id='word_1_511' title='bbox 1747 3433 1948 3482; x_wconf 74' lang='grc' dir='ltr'>θαλάσσης</span> <span class='ocrx_word' id='word_1_512' title='bbox 1963 3434 2146 3486; x_wconf 75' lang='grc' dir='ltr'>πόλεμος,</span> 
     </span>
     <span class='ocr_line' id='line_1_102' title="bbox 1268 3496 2145 3552; baseline 0.002 -15"><span class='ocrx_word' id='word_1_513' title='bbox 1268 3498 1308 3548; x_wconf 75' lang='grc' dir='ltr'><strong>ἐξ</strong></span> <span class='ocrx_word' id='word_1_514' title='bbox 1322 3497 1467 3548; x_wconf 72' lang='grc' dir='ltr'>ἐκείνης</span> <span class='ocrx_word' id='word_1_515' title='bbox 1485 3496 1639 3547; x_wconf 70' lang='grc' dir='ltr'>ἐγένετο</span> <span class='ocrx_word' id='word_1_516' title='bbox 1658 3499 1731 3544; x_wconf 82' lang='grc' dir='ltr'>τῆς</span> <span class='ocrx_word' id='word_1_517' title='bbox 1749 3497 1878 3538; x_wconf 77' lang='grc' dir='ltr'>νυκτὸς</span> <span class='ocrx_word' id='word_1_518' title='bbox 1898 3498 1938 3538; x_wconf 77' lang='grc' dir='ltr'><strong>ἐν</strong></span> <span class='ocrx_word' id='word_1_519' title='bbox 1969 3496 1996 3552; x_wconf 79' lang='grc' dir='ltr'><strong><em>ᾗ</em></strong></span> <span class='ocrx_word' id='word_1_520' title='bbox 2022 3505 2145 3539; x_wconf 80' lang='grc' dir='ltr'>Πελο-</span> 
     </span>
    </p>
   </div>
  </div>
 </body>
</html>
