2306 3900
704 279 865 320 xxv.
931 279 1239 331 ATTlcUM,
1279 280 1411 322 cap.
1447 266 1538 320 20.

203 402 323 442 Deos
340 399 470 441 relati·
484 403 636 440 essent.
691 399 750 439 Et
766 397 828 438 sic
848 397 940 439 fere
961 398 1084 440 Grae·

204 477 349 506 corum
382 464 516 514 natio,
546 462 676 504 etiam
709 461 752 501 iu
774 462 1084 514 posterioribus

203 526 550 580 imperatoribus,
583 531 632 566 ut
658 524 786 577 Dion,
805 530 851 565 et
871 537 925 564 ex
945 525 1086 566 Dione

203 591 446 644 Xipbilinus
466 594 513 630 et
537 589 727 628 AEliauus
745 589 800 629 de
818 589 911 629 acie
931 588 1086 629 instru-

203 655 314 694 enda
342 653 398 694 ad
434 652 669 693 Adrianum
701 651 812 704 Aug.
845 652 1006 692 Nervae
1038 651 1086 692 fi-

201 717 328 757 lium:
354 713 601 767 Αὔτόκρατορ
630 715 798 766 Καῖσαρ,
821 711 878 754 υἱὲ
895 715 998 766 θεοῦ,
1023 715 1086 755 Ἀ-

201 777 328 833 epm}
344 776 535 826 σεβαστέ.
563 778 718 818 Schott.

259 843 455 883 Caesurem
499 844 558 881 est
597 839 828 891 comesum]
883 839 1087 881 Schottus

202 908 350 950 laudat
362 908 511 948 Veter.
530 905 761 946 lectionem
783 905 985 945 Cesar-um
1002 916 1089 945 eum

202 974 432 1014 conseeuta:
479 969 542 1009 ait
578 966 672 1009 Gif.
709 967 795 1008 Ms.
833 966 1087 1008 confirmare

203 1038 450 1079 lectionem.
535 1034 644 1075 Mihi
686 1033 812 1075 valde
856 1033 1088 1076 absurdum

203 1101 376 1144 videtur
405 1100 571 1150 dicere,
603 1102 718 1139 tanta
742 1098 982 1150 prosperitus
1003 1099 1089 1138 Coe·

203 1178 335 1207 mm
367 1167 567 1205 consecuta
597 1166 656 1203 est
686 1163 814 1215 illum,
846 1173 938 1214 pro,
965 1166 1089 1203 tanto

205 1229 424 1269 Caesarum
441 1225 590 1267 favore
608 1224 778 1266 floruit:
809 1224 887 1266 sed
905 1224 1006 1266 inde
1025 1230 1088 1266 ta-

203 1302 305 1333 meu
337 1290 559 1332 crederem
593 1290 735 1330 locum
755 1287 817 1329 ita
841 1287 1089 1341 legendum,

208 1355 335 1396 Tanta
366 1354 471 1395 enim
486 1353 726 1406 prosperitas
751 1364 839 1392 eum
869 1356 1088 1394 consecuta.

205 1418 276 1458 De
294 1417 446 1458 Attico
477 1417 683 1469 loquitur,
701 1415 815 1468 quod
843 1416 1007 1456 clarum
1033 1426 1089 1457 ex

204 1492 256 1521 eo
276 1479 391 1534 quod
410 1479 618 1532 sequitur,
642 1479 655 1501 ⁴
674 1479 787 1530 quod
808 1478 915 1519 civis
934 1479 1089 1520 Roma-

203 1555 284 1584 nus
301 1542 440 1597 quivit
458 1539 690 1595 consequi.’
731 1541 913 1582 Boecler.

261 1607 376 1648 Nutu
406 1610 465 1647 est
495 1609 628 1646 autem
645 1604 783 1646 Attico
813 1605 945 1658 neptis
962 1617 1014 1646 ex
1031 1605 1090 1646 A·

200 1670 368 1724 grippu]
410 1670 590 1711 Sueton.
624 1669 668 1710 iu
703 1669 882 1710 Tiberio
911 1681 1010 1722 cap.
1047 1673 1091 1711 7.

203 1737 216 1756 ‘
238 1734 527 1788 Agrippinam
558 1733 624 1774 M.
656 1732 853 1786 Agrippa
885 1733 1092 1786 genitam,

206 1803 384 1850 neptem
404 1796 571 1838 Caecilii
589 1794 746 1848 Attici,
772 1795 827 1836 ad
846 1808 971 1849 quem
991 1802 1092 1838 sunt

206 1859 427 1900 Ciceronis
472 1858 685 1912 epistolae,
730 1857 857 1899 duxit
901 1870 1092 1911 uxorem,

206 1921 461 1975 sublatoque
492 1933 549 1962 ex
579 1933 630 1962 ea
647 1920 740 1962 filio
769 1922 932 1973 Druso,
962 1934 1092 1975 quau·

205 1996 334 2038 quam
351 1983 463 2025 bene
478 1984 824 2037 convenientem,
841 1996 1092 2038 rursumque

206 2047 444 2101 gravidam,
474 2047 712 2099 dimittere,
729 2059 779 2089 ac
810 2047 971 2090 Juliam
1003 2047 1091 2090 Au-

206 2111 320 2164 gusti
336 2109 465 2151 filiam
484 2109 714 2152 confestim
731 2117 907 2153 coactus
926 2117 993 2154 est
1012 2112 1091 2153 du-

207 2173 333 2215 cere!
388 2173 474 2215 Ubi
506 2178 603 2226 post
629 2175 830 2216 avunculi
859 2179 1091 2218 testamen·

208 2240 299 2277 tum
317 2235 516 2278 Caecilius
534 2241 729 2288 vocatur,
746 2236 819 2290 qui
837 2237 943 2279 alias
962 2239 1093 2280 Pom·

208 2300 373 2352 ponius.
427 2300 678 2341 Notandum
709 2300 855 2353 etiam,
886 2303 998 2356 quod
1034 2302 1092 2344 A·

208 2363 450 2417 grippinam
500 2368 628 2404 vocat
670 2364 918 2417 Suetonius,
964 2378 1093 2420 quam

207 2427 387 2468 Tacitus
404 2426 673 2480 Vipsanium,
705 2432 755 2468 ut
783 2428 935 2469 eadem
955 2429 1092 2482 patris

208 2503 293 2532 non
311 2503 467 2532 nomen
488 2496 671 2544 tantum,
690 2492 767 2533 sed
786 2497 833 2533 et
853 2505 1094 2545 cognomen

209 2555 372 2597 tulerit.
443 2555 556 2596 Vide
595 2554 779 2595 eundem
816 2555 861 2596 in
894 2555 1095 2610 Augusto

208 2628 313 2658 mxv.
357 2618 619 2659 Kena-laenius.

267 2680 423 2721 Tiberio
444 2680 609 2721 Claudio
636 2680 805 2733 Neroni,
828 2682 1008 2724 Drusilla
1025 2695 1095 2723 nu-

209 2743 270 2795 to]
299 2743 424 2784 Livia
441 2743 634 2784 Drusilla
662 2743 842 2784 duorum
872 2745 1095 2788 Neronum

211 2811 351 2847 mater
386 2811 496 2858 erat,
532 2806 606 2859 qui
643 2807 908 2858 proenomiue
946 2809 1096 2862 Drusi,

210 2868 463 2922 cognomine
493 2868 662 2909 Tiberii
696 2882 722 2910 a
747 2881 793 2911 se
810 2870 993 2912 invicem
1013 2871 1098 2913 dis·

211 2932 510 2974 cernebantur.
592 2930 808 2986 Antiquus
853 2934 1094 2976 Nummus:

213 3004 411 3036 uenosi.
441 3005 655 3036 cuvmo.
685 3006 850 3038 navs0.
881 3007 1097 3040 sennan.

213 3067 305 3100 cos.
324 3069 420 3101 nes.
464 3059 537 3111 Et,
565 3070 707 3102 nuno.
734 3070 966 3102 cmvmvs.
985 3072 1098 3102 nuv-

214 3132 302 3162 svs.
332 3132 546 3162 oenum.
584 3133 690 3163 rue.
749 3122 863 3165 Vide
905 3125 1098 3167 Stemma

212 3184 375 3225 Domus
408 3182 663 3237 Augusteae,
693 3185 808 3238 quod
826 3186 987 3229 Tacito
1020 3200 1098 3229 suo

214 3246 351 3288 affixit
370 3247 585 3301 quondam
605 3246 759 3290 Justus
779 3248 962 3301 Lipsius.

268 3311 604 3353 Necessitudinem
621 3323 751 3352 eorum
767 3312 922 3365 sanxit]
942 3313 997 3355 ld
1016 3318 1100 3367 est,

215 3373 498 3425 confirmavit,
515 3373 742 3415 stabilivit.
788 3375 1018 3418 Lambinus
1036 3377 1098 3418 le-

216 3437 399 3489 gendum
419 3444 561 3493 putat,
579 3437 714 3482 auxit:
736 3439 880 3481 Ernst.

1920 267 2028 321 697

1201 401 1316 442 Car.
1349 403 1418 441 20.
1460 400 1552 441 Non
1585 400 1706 440 solum
1741 411 1829 440 cum
1858 398 1908 440 ab
1934 400 2030 441 urbe

1146 463 1314 516 abesset]
1338 465 1484 505 Mstns
1501 463 1695 505 Schotti:
1725 463 1774 504 ab
1793 462 1886 504 urbe
1903 469 2003 505 esset
2015 478 2029 504 .-

1149 525 1255 566 Mox
1289 525 1404 566 idem
1431 526 1518 567 Ms.
1539 526 1599 566 sic
1619 526 1910 578 interpungit:
1939 527 2033 567 mit-

1146 592 1263 641 teret,
1281 589 1374 640 quid
1401 594 1537 639 ageret
1568 590 1783 640 imprimis.-
1807 590 1905 642 quid
1928 591 2031 641 lege-

1147 655 1230 692 ret.-
1260 651 1334 691 ubi
1350 652 1543 704 mitteret,
1571 652 1686 692 idem
1716 658 1784 693 est
1803 665 1854 693 ac
1872 652 2032 693 scribe·

1149 720 1232 767 ret,
1277 715 1516 766 nunciaret,
1563 715 1759 768 elliptica
1801 717 2032 759 locutione.

1148 778 1209 818 Ut
1225 777 1340 829 apud
1362 778 1530 818 Livium
1551 789 1715 820 xxxvi.
1742 779 1755 801 ‘
1778 778 1832 820 ad
1853 780 1918 820 M.
1937 781 2035 820 Bae·

1148 839 1263 881 bium
1308 839 1440 892 misit,
1484 839 1747 882 Antiochum
1776 842 1820 882 in
1859 843 2031 883 Italiam

1147 903 1356 955 impetum
1401 901 1584 955 fecisse,'
1627 905 1711 945 &c.
1777 904 1930 946 Cicero
1977 905 2032 946 ad

1149 966 1269 1007 Fam.
1289 977 1340 1006 u.
1361 968 1400 1007 1.
1429 966 1442 988 ‘
1462 965 1587 1006 Polla
1616 966 1747 1018 misit,
1765 972 1815 1008 ut
1846 966 1900 1007 ad
1920 971 1980 1018 te,
1997 968 2033 1008 si

1149 1029 1252 1081 quid
1269 1028 1438 1078 vellem,
1459 1028 1606 1069 darem
1624 1029 1877 1070 literarum!
1920 1030 2034 1071 Vide

1150 1091 1359 1133 Gronovii
1394 1098 1486 1133 not.
1525 1091 1580 1132 ad
1614 1092 1782 1134 Livium
1815 1104 1918 1135 vm.
1964 1097 2033 1135 22.

1150 1156 1311 1198 Rosius.

1206 1219 1295 1265 Quo
1311 1231 1390 1260 non
1406 1219 1556 1272 αιὶφιίἀ
1571 1220 1621 1262 de
1635 1219 1878 1272 antiquitate
1908 1219 1958 1260 ab
1991 1233 2034 1261 eo

1149 1282 1384 1335 requireret]
1412 1283 1465 1325 Id
1484 1288 1568 1336 est,
1593 1284 1662 1324 vel
1688 1295 1745 1324 ex
1760 1276 2037 1337 antiquitate,

1149 1350 1200 1386 ut
1218 1358 1337 1398 saepe
1354 1347 1448 1388 haec
1480 1347 1734 1400 praepositio
1753 1348 1946 1400 ponitur,
1964 1350 2036 1389 vel

1150 1407 1206 1448 de
1224 1409 1483 1462 antiquitate
1500 1409 1563 1449 rei
1581 1409 1800 1462 cujusdam
1819 1410 1889 1450 vel
1907 1411 2036 1451 moris

1150 1473 1351 1514 Romani.
1376 1475 1624 1515 But-linem.

1205 1538 1393 1590 Aliquam
1411 1538 1661 1591 questionem
1682 1538 1896 1593 poeticam]
1922 1539 2037 1580 Vide

1150 1601 1410 1643 Wowerium
1438 1602 1495 1643 de
1530 1602 1807 1656 Polymathia
1837 1615 1936 1656 cap.
1971 1607 2037 1644 10.

1151 1677 1249 1718 pag.
1266 1668 1334 1707 ⁷3.
1353 1670 1400 1706 et
1418 1677 1511 1719 seq.

1211 1727 1458 1769 Verbosiores
1472 1728 1628 1770 eliceret
1644 1688 1847 1781 epistolas]
1883 1729 1947 1770 Ut
1964 1729 2037 1771 Ci-

1152 1803 1254 1832 cero
1277 1803 1447 1845 quoque
1481 1792 1536 1833 ad
1569 1791 1709 1834 Attic.
1741 1794 1823 1846 Ep.
1847 1792 1923 1834 lib.
1943 1803 2038 1833 xvi.

1153 1858 1218 1897 11.
1245 1855 1401 1896 Schott.

1205 1919 1329 1959 AEdes
1355 1919 1471 1959 Jovis
1503 1919 1678 1960 Feretrii
1704 1919 1747 1959 in
1775 1919 1974 1972 Capitolio
1988 1919 2038 1960 ub

1153 1980 1320 2022 Romulo
1350 1982 1584 2035 constituta]
1613 1984 1681 2023 De
1701 1996 1787 2036 qua
1810 1984 2039 2036 insigniter

1152 2056 1243 2096 prae
1257 2045 1352 2086 aliis
1367 2046 1513 2087 Livius
1527 2047 1601 2087 lib.
1618 2058 1651 2087 1.
1663 2047 1886 2098 Romulus,
1899 2048 1913 2070 ‘
1928 2047 2040 2088 duce

1150 2107 1336 2149 hostium
1354 2109 1514 2162 occiso,
1535 2110 1683 2151 urbem
1712 2110 1849 2162 primo
1873 2111 2039 2162 impetu

1153 2171 1298 2224 capit:
1320 2172 1422 2214 iude
1439 2173 1638 2215 exercitu
1658 2173 1819 2218 victore
1840 2173 2041 2226 reducto,

1151 2235 1262 2287 ipse,
1281 2248 1378 2277 cum
1396 2235 1528 2282 factis
1557 2237 1622 2278 vir
1652 2235 1924 2290 magnificus,
1947 2243 2040 2278 tum

1153 2298 1369 2341 factorum
1388 2305 1629 2341 ostentator
1645 2300 1759 2341 haud
1774 2300 1928 2353 minor,
1944 2312 2040 2354 spo-

1152 2362 1211 2403 lia
1240 2362 1362 2404 ducis
1391 2363 1577 2404 hostium
1607 2363 1710 2405 caesi
1737 2375 1947 2416 suspensa
1977 2363 2041 2405 fa·

1152 2426 1321 2468 bricato
1340 2425 1395 2467 ad
1414 2427 1458 2467 id
1477 2433 1580 2480 apte
1611 2426 1777 2469 feretro
1805 2439 1974 2480 gerens,
1994 2429 2040 2470 in

1155 2490 1418 2543 Capitolium
1447 2491 1669 2541 ascendit;
1707 2491 1852 2545 ibique
1868 2503 1922 2532 ea
1944 2503 2042 2533 cum

1156 2552 1211 2592 ad
1230 2563 1436 2605 quercum
1456 2553 1702 2605 pastoribus
1729 2566 1894 2595 sacram
1909 2554 2042 2606 depo·

1155 2614 1322 2666 suisset,
1355 2615 1479 2656 simul
1514 2628 1612 2657 cum
1647 2616 1763 2658 dono
1799 2616 2044 2670 designavit

1156 2677 1319 2730 templo
1335 2678 1364 2721 J
1369 2677 1459 2719 ovis
1478 2677 1599 2726 fines,
1628 2691 1948 2734 cognomenque
1967 2679 2042 2720 ad·

1155 2740 1268 2781 didit
1303 2741 1415 2782 Deo.
1451 2741 1630 2795 Jupiter
1667 2743 1851 2795 Feretri,
1884 2743 2042 2797 inquit,

1155 2802 1251 2845 haec
1287 2804 1366 2845 tibi
1404 2804 1544 2846 victor
1581 2806 1786 2847 Romulus
1814 2817 1894 2847 rex
1923 2807 2045 2859 regia

1158 2877 1275 2907 arma
1310 2865 1424 2918 fero,
1464 2869 1759 2923 templumque
1806 2869 1857 2910 iis
1904 2871 2043 2923 regio-

1156 2929 1298 2982 nibus,
1311 2942 1416 2984 quas
1434 2929 1562 2971 modo
1577 2931 1719 2972 animo
1733 2938 1920 2974 metatus
1936 2945 2044 2986 sum,

1156 2992 1328 3046 dedico,
1361 2993 1508 3035 sedem
1543 2994 1696 3047 opimis
1735 2995 1898 3048 spoliis,
1929 3008 2043 3048 quae,

1155 3057 1329 3111 tegibus
1341 3056 1610 3112 ducibusque
1624 3058 1809 3099 hostium
1825 3059 1963 3110 caesis,
1974 3070 2043 3099 me

1157 3126 1379 3162 auctorem
1408 3127 1651 3175 sequentes,
1686 3121 1850 3173 posteri
1870 3119 2045 3163 ferent?

1157 3184 1270 3225 Vide
1289 3185 1419 3225 etiam
1440 3185 1709 3237 Dionysium.
1763 3184 1904 3225 Situm
1934 3184 2041 3226 illud

1157 3248 1364 3299 templum
1390 3246 1477 3288 fuit
1495 3247 1538 3287 in
1567 3258 1652 3289 ux.
1684 3247 1813 3289 Urbis
1844 3248 2038 3302 regione,

1157 3309 1232 3351 ubi
1250 3323 1277 3350 a
1295 3309 1348 3351 P.
1366 3310 1545 3351 Victore
1563 3310 1815 3354 collocatur.
1842 3312 2040 3365 Spatium

1157 3374 1252 3426 ejus
1272 3385 1355 3415 non
1375 3373 1435 3414 ita
1453 3374 1592 3427 magni
1611 3375 1810 3419 ambitus.
1865 3377 2041 3430 Quippe

1159 3436 1298 3479 adhuc
1316 3442 1512 3480 servatur
1531 3443 1655 3481 vetus
1673 3438 1768 3493 ejus
1795 3439 2041 3493 vestigium,
