2306 3900
746 272 968 311 RERUM

257 393 425 442 Mercat.
444 393 488 442 ii,
505 397 548 442 8,
564 397 591 435 4
621 399 634 419 ·
647 393 843 448 proprium
858 407 909 434 ne
939 394 996 433 uit
1010 394 1081 433 mi-

254 449 297 490 hi
314 447 484 495 evenire,
501 450 609 501 quod
637 447 785 500 cupio!
831 447 884 486 Et
932 447 1014 487 'rim
1041 461 1080 494 v,

255 506 298 550 2,
316 507 343 543 6
397 509 409 526 ‘
423 502 666 542 Beneficium
700 500 850 541 homini
883 501 1080 554 proprium

251 557 362 608 quod
378 557 508 603 datur,
522 568 695 608 prorsum
714 555 814 607 perit
829 567 842 603 ;
884 557 991 607 quod
1011 556 1082 594 da-

256 615 339 649 tum
354 610 542 649 utendum
562 614 640 655 est,
658 609 699 647 id
727 608 934 660 repetundi
965 608 1080 660 copia

251 669 330 710 est,
347 664 506 715 quando
526 661 648 702 velis?
689 662 806 701 Adde
818 662 934 702 Thes.
948 661 1082 701 Buch-

252 716 337 756 neri
354 723 396 756 et
413 716 593 756 Boecler.
610 716 831 756 Chrestom.
843 714 955 768 Ter.)

197 770 366 821 Propter
381 769 565 808 invidiam
582 770 653 822 (ex
669 768 812 822 invid.)
829 783 894 817 xv,
907 773 933 810 ‘1
962 781 1080 821 prop·

252 829 313 863 ter
337 822 518 863 notitiam
545 825 674 876 (quod
704 823 788 862 noti
814 822 967 876 essent)
995 836 1035 868 x,
1054 826 1082 863 9

254 883 415 930 propter
427 882 596 916 veterem
614 878 823 917 amicitiam
837 877 966 929 (quod
986 875 1081 916 ami·

252 932 291 970 ci
323 937 470 971 veteres
505 930 655 983 essent)
689 931 797 978 xviii,
829 934 876 971 11
924 936 1084 983 propter

251 986 450 1024 avaritiam
482 984 722 1026 Cretensium
756 985 886 1036 (quod
905 985 1008 1023 avari
1025 983 1080 1023 illi

252 1039 403 1090 essent)
430 1039 537 1085 xxiii,
554 1042 583 1079 9
616 1045 774 1090 propter
791 1037 1016 1077 affinitatem
1032 1037 1081 1076 P.

250 1091 414 1144 Sulpicii
431 1092 542 1184 gajus
573 1092 698 1131 affinis
729 1092 917 1142 existens)
946 1105 1034 1138 xxv,
1055 1095 1080 1132 2

224 1169 226 1172 >
248 1153 412 1199 propter
475 1145 730 1185 miliat-itatem
750 1146 860 1200 (cum
885 1145 1081 1184 familiaris

227 1223 230 1226 ·
249 1198 338 1252 ejus
358 1199 517 1249 fuerim)
542 1213 632 1247 xxv,
652 1203 703 1240 13

198 1253 555 1305 Propugnaculum
569 1253 793 1305 oppositum
821 1252 989 1292 barbaris
1007 1251 1080 1305 (de

253 1307 348 1346 urbe
363 1306 544 1352 Athenis,
555 1305 879 1359 interpretatione
894 1306 990 1345 situs
1009 1318 1080 1358 po·

253 1361 362 1400 litica
378 1360 456 1413 sc.)
481 1362 524 1407 ii,
549 1364 573 1401 7
618 1361 914 1413 propugnacula
945 1366 1080 1414 tyran-

228 1432 230 1434 ·
251 1413 355 1453 nidis
371 1414 546 1453 demoliri
573 1414 683 1466 (quae
707 1415 926 1465 tyrannidis
950 1426 1081 1460 causa,

250 1473 436 1520 tanquam
479 1468 735 1507 instrumenta
775 1467 1080 1508 coercendorum

248 1520 394 1561 civium
408 1527 584 1560 extructa
601 1521 712 1574 sunt)
739 1535 804 1570 xx,
822 1524 846 1562 3
883 1519 917 1576 (‘
933 1521 1081 1567 fraena,'

250 1575 452 1614 ‘claustra‘
472 1576 773 1628 oppressorum,'
801 1576 939 1614 ‘sedes
956 1582 998 1614 et
1016 1588 1080 1614 arx

226 1646 228 1649 ’
251 1628 473 1676 servitutis:
500 1628 596 1667 alias
624 1631 698 1668 hoc
734 1642 848 1668 sensu
886 1629 1080 1682 leguntur.

252 1682 431 1722 Boecler.
466 1682 546 1721 vid.
564 1696 608 1721 su
641 1710 652 1720 .
669 1681 772 1734 Arx)

198 1739 471 1789 Propugnator
488 1736 594 1789 (scil.
610 1695 815 1776 iiberomm
843 1735 1081 1789 Alexandri)

252 1790 363 1835 xviii,
378 1794 428 1831 13
962 1824 969 1826 .

197 1845 478 1897 Prorumpere:
517 1844 577 1883 vis
603 1843 727 1884 morbi
757 1843 934 1897 prorupit
961 1843 1002 1883 in
1021 1843 1082 1883 in-

251 1898 384 1938 testin.
410 1911 501 1946 xxv,
519 1902 571 1939 21

198 1951 414 2005 Proscripti
439 1966 529 2000 xxv,
553 1956 603 1993 10
642 1951 971 2005 conquirebaatur
998 1950 1081 1990 Ro-

253 2018 327 2045 mre
353 2019 443 2053 xxv,
464 2010 513 2046 11

197 2059 434 2111 Proscriptio
451 2060 627 2112 equitum
656 2073 745 2107 xxv,
767 2064 818 2100 10
871 2058 1079 2112 (intelligi-

251 2120 314 2153 tur
330 2114 394 2153 hic
410 2115 568 2154 crudele
584 2113 682 2154 illud
694 2113 900 2166 flagitium,
913 2126 993 2165 quo
1007 2114 1078 2152 do-

252 2165 456 2206 minationi
474 2167 673 2206 firmanda
689 2167 831 2207 civium
849 2166 1079 2205 clarissimo-

252 2233 335 2259 rum
351 2221 482 2272 capita
494 2227 537 2260 et
548 2222 665 2268 bona,
682 2222 767 2260 haec
780 2220 940 2273 quidem
957 2221 1079 2259 hastae

252 2273 444 2326 subjecta,
464 2274 531 2313 illa
548 2280 680 2314 autem
698 2274 852 2314 libidini
870 2279 912 2314 et
928 2273 1078 2325 suppli-

251 2327 324 2367 ciis
356 2327 514 2380 publice
544 2329 722 2380 exposita
757 2330 807 2366 ad
841 2328 1079 2380 promiscuas

251 2393 367 2421 neces
399 2381 707 2429 destinabantur,
737 2381 946 2435 propositis
977 2382 1080 2433 pub·

251 2435 328 2475 lice
355 2436 510 2476 edictis.
565 2435 718 2475 Primus
753 2435 909 2476 sceleris
943 2441 1080 2474 auctor

249 2489 376 2542 Syna,
394 2489 557 2528 testibus
572 2488 729 2528 Velleio
755 2496 796 2527 et
814 2488 943 2527 Floro.
995 2488 1079 2527 Sci-

250 2542 346 2581 licet
362 2542 403 2581 id
420 2543 591 2594 agebant
606 2541 778 2595 tyranni,
797 2547 843 2580 ut
859 2553 958 2594 quos
975 2541 1080 2580 acies

233 2600 294 2634 -et
314 2594 429 2635 civile
447 2595 590 2635 bellurn
612 2608 694 2634 non
722 2596 973 2641 absumserat,
990 2608 1079 2648 pro·

252 2649 464 2701 scriptione
495 2649 787 2702 interciderent,
804 2649 1078 2702 aecurinriqne,

249 2703 418 2742 demotis
433 2703 592 2755 optimis
617 2703 852 2756 quibusque,
869 2703 1073 2742 dominatu

248 2755 325 2808 ipsi
344 2762 552 2798 uterentur.
570 2756 730 2811 Boecl.)

197 2810 440 2862 Proserpinae
457 2811 563 2850 aedes
591 2824 630 2857 x,
648 2814 674 2851 8

195 2863 385 2917 Prosequi
417 2864 585 2917 aliquem
622 2864 835 2918 (comitari,
863 2863 1080 2917 deducere)

251 2918 323 2965 vii,
341 2922 370 2958 6
414 2918 493 2970 (sic
517 2917 645 2971 accip.
670 2931 763 2966 xxv,
779 2921 820 2957 4.
864 2918 895 2957 si
918 2917 1077 2971 quidem

251 2971 460 3024 recipimus
478 2971 687 3012 lectionem
715 2971 899 3024 Rutgers.
917 2977 930 2995 ‘
946 2984 1077 3025 prose-

250 3025 322 3077 qui
352 3025 617 3066 discedentem
633 3026 660 3065 :'
687 3025 763 3074 sin,
795 3031 806 3049 ⁸
823 3025 926 3065 diem
946 3038 1076 3078 prose·

250 3076 350 3130 qui‚’
369 3080 594 3127 retinemus,
622 3078 722 3118 nibil
741 3078 895 3119 videtur
920 3080 1076 3119 absurdi

251 3131 395 3171 habere
421 3132 596 3173 locutio:
625 3133 699 3172 isto
728 3133 874 3173 affectu
899 3146 953 3172 sc.
972 3133 1076 3172 diem

281 3184 646 3290 roselquigddiyqup
677 3199 768 3226 mox
800 3186 975 3239 sequitur
1002 3185 1077 3226 &c-

378 3264 390 3277 .
416 3251 455 3277 vr
485 3265 496 3276 .
558 3251 614 3278 res

198 3292 438 3345 Προσκννεῒν
464 3292 516 3338 ix,
547 3295 572 3332 8
618 3289 838 3343 (veneratio
875 3290 1077 3331 Persarum

239 3346 408 3399 tegibus
435 3345 568 3385 delata
588 3346 663 3384 hoc
682 3344 872 3384 vocabulo
889 3345 1078 3395 exprime·

1013 271 1089 310 ET
1129 271 1497 312 VERBORUM.

1889 258 2025 313 cxxi

1194 393 1322 448 Igitur
1340 396 1536 435 ‚honorem
1596 407 1725 448 noque
1751 394 1926 438 divinum
1957 397 2026 435 ha-

1199 450 1390 498 buerunt;
1433 449 1538 488 unde
1562 459 1587 488 τ
1628 450 1868 502 προσκυνεῖν,
1899 452 1910 472 '⁴
1929 450 2027 489 ado·

1196 501 1309 546 rare‚'
1327 502 1567 542 translatum.
1595 502 1741 543 Noster
1755 517 1824 556 per
1838 510 1849 527 ‘
1867 516 2028 552 venera·

1188 555 1241 603 ‚ri’
1267 555 1413 595 ibidem
1433 555 1634 608 expressit,
1654 557 1803 597 scilicet
1821 570 1899 596 non
1918 558 2026 609 capi·

1198 613 1238 647 te
1252 615 1402 647 tantum
1415 609 1533 655 flexo,
1551 609 1826 662 submissisque
1846 611 2026 662 genibus,

1198 662 1267 701 sed
1287 668 1478 714 prostrato
1497 662 1604 701 humi
1626 676 1800 715 corpore.
1820 664 1982 715 Boecl.)

1145 717 1335 768 Prospere
1351 715 1389 755 ei
1407 723 1607 755 cesserunt
1624 716 1709 756 haec
1725 717 1798 771 (de
1816 718 1928 757 rebus
1945 717 2027 757 bel-

1197 769 1236 808 lo
1255 769 1420 809 feliciter
1438 768 1577 821 gestis)
1605 770 1685 818 xiv,
1706 775 1723 811 1

1145 823 1385 875 Prosperitas
1419 836 1560 875 magna
1595 837 1683 863 eum
1722 830 1935 864 consecuta
1967 831 2028 863 est

1198 877 1271 968 gad
1291 883 1439 916 tantam
1473 884 1608 928 postea
1626 878 1920 930 prosperitatem
1939 891 2028 931 pro-

1213 931 1306 977 ecit,
1325 937 1386 970 est
1413 937 1569 970 evectus
1597 931 1697 984 &c.)
1726 945 1816 979 xxv,
1838 935 1890 971 19
1937 946 2034 984 pro—¹

1196 985 1360 1036 speritas
1378 984 1613 1023 valetudinis
1646 985 1851 1036 (constans
1870 991 1910 1024 et
1938 986 2025 1027 diu-

1201 1045 1313 1077 turna
1325 1038 1491 1090 sanitas)
1519 1051 1608 1085 xxv,
1622 1035 1673 1080 2‘1
1705 1039 1936 1092 prosperitas
1955 1041 2026 1079 ho-

1197 1098 1390 1131 nestarum
1409 1105 1547 1140 rerum,
1568 1092 1630 1131 Fr.
1648 1097 1672 1132 5

1145 1143 1371 1198 Prospicere
1391 1145 1440 1184 ab
1454 1145 1580 1197 janua
1605 1146 1711 1192 xxiii,
1731 1149 1781 1187 12
1827 1138 1886 1199 (v.
1911 1145 2027 1198 Jan.)

1198 1199 1418 1251 prospicere
1442 1199 1572 1238 liberis
1597 1201 1834 1253 (consulere,
1854 1213 2026 1240 commo-

1198 1253 1259 1292 dis
1277 1265 1411 1293 eorum
1430 1250 1592 1307 servire)
1620 1254 1698 1302 xix,
1719 1259 1738 1295 l

1144 1305 1390 1346 Prosternere
1411 1319 1568 1359 magnas
1594 1321 1690 1360 opes
1721 1307 1947 1360 (profligare
1965 1307 2024 1346 in-

1198 1367 1354 1413 gentem
1387 1361 1556 1400 hostium
1576 1361 1799 1414 numerum)
1828 1362 1855 1408 i,
1876 1367 1899 1401 5
1949 1362 2023 1400 vim

1197 1415 1444 1453 barbarorum
1473 1429 1512 1460 v,
1529 1418 1556 1455 2
1585 1415 1818 1468 phalangem
1847 1415 1926 1462 xvi,
1945 1419 1970 1456 4

1143 1464 1326 1507 Protinus
1353 1468 1436 1514 viii,
1455 1472 1480 1508 2

1143 1520 1356 1562 provectus
1369 1528 1485 1562 aetate
1514 1535 1576 1569 xx,
1595 1526 1621 1563 4

1145 1574 1354 1615 Providere
1373 1591 1381 1614 z
1411 1589 1499 1615 cum
1531 1576 1766 1628 provideret,
1786 1589 1837 1615 ne
1854 1589 2023 1616 comme-

1199 1630 1326 1668 atibus
1358 1630 1494 1669 civitas
1526 1632 1738 1682 privaretur
1766 1630 1843 1677 xix,
1869 1635 1895 1671 2
1950 1631 2024 1669 nisi

1199 1684 1294 1736 quid
1314 1683 1545 1735 providisset
1563 1684 1640 1735 (sic
1659 1684 1762 1723 enim
1783 1684 1860 1723 vid.
1890 1684 2023 1737 legen-

1199 1736 1315 1788 dum)
1346 1737 1453 1782 xxiii,
1472 1742 1499 1778 9

1145 1789 1381 1830 Provincia:
1412 1798 1611 1843 paternam
1638 1791 1756 1831 alicui
1786 1791 2024 1844 provinciam

1198 1845 1350 1884 tradere
1396 1845 1474 1892 xiv,
1515 1848 1536 1884 1
1586 1845 1734 1888 ,habuit
1768 1846 2024 1898 provinciam,

1199 1904 1348 1951 partem
1369 1898 1534 1945 Ciliciae,
1552 1898 1648 1937 ibid.
1694 1906 1836 1952 praetor
1867 1900 2025 1951 provin-

1199 1953 1298 1991 ciam
1315 1953 1484 1992 obtinuit
1501 1953 1717 1992 Sardiniam
1745 1953 1849 1999 xxiv,
1871 1957 1893 1994 1
1937 1966 2025 2006 pro-

1201 2006 1367 2046 vinciam
1387 2012 1490 2046 sorte
1508 2007 1681 2046 nancisci
1702 2007 1936 2061 (provinciae
1955 2008 2025 2046 ad-

1198 2059 1540 2112 ministrationem)
1566 2061 1671 2108 xxiv,
1702 2065 1729 2102 2
1786 2060 2025 2114 provinciam

1197 2114 1290 2154 dare
1307 2114 1422 2154 alicui
1451 2128 1541 2162 xxv,
1567 2118 1593 2155 8

1142 2166 1266 2206 Prout
1294 2168 1378 2220 ipse
1411 2169 1566 2207 amabat
1596 2167 1726 2207 literas
1755 2169 1845 2221 (pro
1875 2181 1925 2207 eo
1957 2168 2023 2219 ut)

1196 2235 1285 2267 xxv,
1308 2226 1326 2262 1
1363 2221 1502 2275 (causa
1518 2227 1559 2260 et
1576 2221 1814 2274 comparatio
1846 2222 2024 2274 notatur)

1142 2274 1346 2314 Proximus
1376 2281 1491 2314 aetate
1523 2276 1612 2329 (qui
1646 2276 1819 2328 proxime
1852 2276 2027 2329 postilla

1197 2336 1372 2381 tempora
1409 2330 1569 2376 vixerat,
1601 2330 1742 2381 quibus
1767 2330 1852 2369 haec
1870 2330 2027 2369 accide-

1197 2381 1307 2435 runt)
1335 2382 1379 2430 ii,
1414 2387 1442 2423 9
1498 2381 1694 2435 proximus
1734 2383 2025 2436 propinquitate

1195 2434 1469 2488 (cognatione)
1496 2437 1590 2482 xvii,
1609 2440 1630 2476 l
1661 2435 1838 2488 proximo
1858 2438 2024 2476 triennio

1196 2489 1367 2541 (scilicet
1383 2490 1491 2542 quod
1518 2489 1735 2529 insecutum
1761 2489 1843 2543 est)
1870 2489 1979 2535 xxiii,
1998 2494 2024 2531 8

1195 2542 1286 2582 Sic:
1333 2543 1508 2596 proxima
1539 2549 1672 2582 aestate
1701 2543 1753 2590 ix,
1772 2546 1798 2584 4
1843 2541 2026 2596 (refertur

1196 2595 1301 2635 enim
1319 2597 1403 2636 haec
1421 2610 1497 2636 vox
1514 2601 1592 2636 tam
1611 2597 1661 2635 ad
1674 2602 1822 2642 secuta,
1870 2609 1958 2643 uam
1973 2599 2025 2637 ad

1195 2649 1452 2704 antegressa).
1497 2663 1546 2690 ex
1591 2650 1767 2704 proximo
1803 2649 1849 2704 (a
1875 2651 2023 2704 solute)

1196 2703 1313 2750 xvi,2

1142 2757 1321 2799 Prudens
1346 2757 1400 2797 rei
1420 2756 1592 2797 militaris
1619 2757 1672 2805 ix,
1694 2762 1715 2798 1
1761 2757 1848 2812 (Sic
1865 2757 2025 2800 Tacitus

1195 2810 1249 2850 H.
1268 2811 1311 2859 ii,
1330 2816 1399 2859 25,
1420 2816 1441 2853 1
1477 2817 1490 2835 ‘
1507 2811 1645 2852 celsus
1663 2811 1742 2851 doli
1764 2811 1970 2867 prudens’)

1142 2866 1358 2906 Prudentia
1383 2864 1482 2918 juris
1499 2864 1639 2911 civilis,
1667 2866 1722 2906 rei
1739 2865 1911 2905 militaris
1937 2878 1977 2911 v,
1996 2868 2023 2906 2

1194 2920 1402 2972 prudentia
1418 2918 1530 2963 armis
1556 2918 1689 2959 fortior
1729 2919 1837 2965 xxiii,
1854 2922 1900 2960 11
1953 2918 2023 2957 mi-

1195 2985 1269 3012 nus
1295 2979 1425 3013 tamen
1444 2973 1484 3015 in
1509 2972 1643 3024 praelio
1659 2979 1790 3026 potest
1806 2972 1918 3012 ducis
1931 2985 2023 3026 pru-

1196 3027 1344 3073 dentia,
1364 3039 1479 3085 quam
1499 3026 1653 3066 fortuna
1681 3027 1764 3074 viii,
1782 3030 1802 3066 1
1851 3027 2022 3079 pruden-

1194 3081 1250 3119 tia
1277 3080 1353 3133 (de
1382 3081 1528 3120 artibus
1553 3080 1793 3131 imperatoris
1810 3080 1852 3118 in
1870 3078 2024 3118 univer·

1196 3133 1303 3188 sum)
1330 3133 1436 3180 xxiii,
1456 3136 1477 3173 1
1509 3132 1714 3185 prudentia
1745 3139 1805 3172 est
1832 3132 2022 3172 divinatio

1194 3188 1374 3239 quaedam
1405 3187 1476 3239 (de
1500 3186 1660 3238 politica
1680 3183 1905 3278 prudentiat)
1932 3198 2022 3233 xxv,

1197 3243 1249 3280 16
1278 3240 1494 3291 prudentiae
1509 3240 1707 3291 specimen
1726 3253 1815 3286 xxv,
1830 3242 1855 3279 3
1905 3239 2022 3293 uplex

1193 3293 1361 3332 officium
1395 3293 1437 3339 ii,
1458 3296 1479 3332 1

1142 3346 1296 3385 Prusias
1314 3344 1516 3399 Bithyniae
1540 3358 1605 3385 rex
1633 3346 1742 3394 xxiii,
1763 3349 1814 3388 10
1846 3345 1906 3386 'us
1931 3348 2021 3387 hos-

254 3399 383 3438 batnr.
436 3398 557 3438 Ratio
594 3399 695 3437 ista:
724 3397 899 3447 divinum
929 3397 1078 3450 aliquid
1195 3399 1279 3452 pitii
1325 3398 1470 3439 violare
1503 3411 1584 3439 non
1611 3400 1737 3454 pudet
1766 3398 1809 3440 in
1888 3400 2021 3439 annib.

253 3452 337 3504 regi
361 3464 435 3492 suo
461 3452 700 3500 tribuebant,
717 3449 845 3493 etnam
860 3451 949 3491 θεοῦ
963 3450 1081 3491 inter·
1194 3451 1301 3499 xxiii.
1322 3455 1374 3494 12

253 3511 470 3558 pretenta,
505 3514 549 3546 ut
584 3512 643 3546 cst
674 3506 781 3559 apud
815 3505 1080 3545 Plutarchum.
1142 3506 1376 3547 Ptolemaeus
1417 3505 1487 3560 (ex
1524 3505 1738 3547 Alexandri
1770 3507 1832 3546 M.
1874 3505 2021 3550 amicis,

304 3572 446 3626 Delph.
465 3578 504 3613 et
528 3573 620 3613 νην.
638 3575 748 3614 Clas.
1015 3573 1105 3613 lna.
1125 3572 1229 3624 Nep.
1887 3586 1912 3623 q
