2306 3900
274 214 383 267 516

274 346 381 387 ὅπλά
415 345 576 400 ἔλαβον,
604 346 694 388 τοὺς
731 346 774 388 δὲ
804 350 975 399 χιτῶνας
1007 346 1159 388 οὐδενὸς

271 412 541 450 τῶνᾸπολιτῶν
559 409 814 453 ἐσκύλευσαν.
831 412 969 452 Lamb.
1015 413 1173 464 Turpe·

273 474 389 514 enim
408 473 601 514 habitum
622 480 705 526 est,
721 487 777 515 ex
795 475 974 516 mortuis
991 476 1159 521 lucrum

273 541 478 587 captare;
522 535 637 577 unde
675 542 721 577 et
754 537 1028 590 proverbium
1075 537 1157 578 cir·

272 599 523 651 cumlatum,
541 599 662 651 quus
686 600 882 641 meminit
899 600 1157 641 Aristoteles

270 673 324 702 11.
355 662 533 704 Rhetor.
573 660 703 715 Ὅθὲν,
730 663 886 717 inquit,
911 662 975 703 καὶ
1001 662 1030 712 ἡ
1061 679 1157 716 παρ-

270 725 388 779 οιμία,
396 726 445 767 τὸ
456 727 491 768 κ’
503 726 552 768 ἂν
564 726 640 768 ἀπὸ
657 729 791 781 νεκροῦ
807 727 950 781 φέρειν.
983 729 1157 779 Magia&

292 787 294 790 ’
328 791 481 831 Cecidit
517 791 689 843 Critias]
729 792 906 832 Cecidit
938 803 1022 831 una
1057 803 1156 831 cum

270 868 322 896 eo
334 861 379 897 et
393 857 734 910 Hippomaclius‚
743 861 791 898 ut
799 861 943 897 narrat
955 856 1153 907 Xenoph.

267 919 384 960 Ἓλλ.
404 921 477 963 lib.
498 928 552 961 11.
598 921 771 961 Primus
805 924 949 961 autem
969 918 1155 959 omnium

269 982 431 1031 eorum,
462 984 536 1037 qui
566 996 665 1023 cum
701 982 975 1035 Thrasybulo
1013 983 1156 1035 erant,

267 1047 473 1097 occubuit
491 1051 639 1087 vates:
670 1046 743 1099 qui
757 1045 839 1086 fati
858 1046 923 1086 sui
941 1058 1024 1086 non
1039 1045 1154 1097 igna-

266 1123 354 1163 ruS,
370 1111 582 1163 praecepit
601 1110 962 1151 commilitonibus
982 1108 1154 1162 suis,'ne

266 1174 310 1214 in
332 1174 501 1214 'hosteis
535 1174 763 1227 irruerent,
799 1174 1050 1228 priusquam
1079 1175 1154 1215 ali-

264 1234 358 1291 quis
372 1250 544 1278 suorum
559 1238 804 1290 cecidisset,
816 1243 893 1278 aut
902 1239 1153 1279 vulneratus

265 1307 394 1343 esset.
431 1302 518 1342 Ubi
546 1302 627 1342 hoc
658 1302 868 1353 evenerit,
893 1301 1050 1354 inquit,
1078 1313 1154 1342 uos

263 1365 525 1418 praeibimus,
559 1370 606 1406 et
639 1365 819 1406 victoria
853 1369 1002 1404 nostra
1038 1364 1151 1414 erit;

264 1429 366 1469 mihi
393 1433 538 1469 autem
560 1440 673 1469 mors
692 1433 813 1469 certa
830 1428 1039 1470 imminet.
1097 1429 1151 1469 In

264 1504 347 1545 quo
375 1489 466 1532 non‘
475 1490 632 1532 fefellit
647 1503 743 1531 eum
762 1503 839 1531 sua
858 1491 1022 1544 opini03
1053 1503 1151 1532 nam

262 1555 402 1595 veluti
416 1553 564 1594 afflatu
593 1554 778 1607 quodam
797 1554 945 1595 divino
963 1555 1151 1596 concita-

263 1622 350 1669 tus,
369 1618 532 1670 primus
553 1617 728 1669 exsiliit,
744 1624 794 1658 et
807 1618 956 1659 hostes
972 1618 1150 1659 adortus

261 1679 444 1721 interiit.
475 1680 564 1721 Alii
582 1685 726 1722 autem
746 1681 919 1723 exsules
938 1682 1150 1725 vicerunt.

263 1743 449 1797 Lanibin.
491 1782 493 1785 ,
533 1783 540 1789 ,
981 1791 984 1794 ,

315 1808 416 1847 Dux
461 1808 752 1861 Tyrannorum]
816 1808 896 1857 Τὴν
939 1807 1151 1860 ἡγεμονίαν

259 1867 379 1920 ἔχων.
418 1870 597 1913 Diodor.
613 1883 711 1912 x1V.
726 1876 795 1913 34.
822 1872 1046 1914 Justinus:
1067 1874 1079 1896 ⁴
1095 1874 1150 1914 In

260 1946 312 1973 eo
331 1933 444 1974 bello
467 1934 628 1976 Critias
648 1940 692 1975 et
722 1936 1036 1988 Hippolochus,
1061 1950 1150 1978 om-

257 1997 376 2037 nium
393 1998 685 2049 Tyrannorum
705 1999 945 2051 saevissimi,
961 1999 1150 2043 cadunt:

259 2060 609 2102 Crudelissimum
635 2062 823 2102 omnium
853 2063 1148 2116 Tyrannorum

256 2130 388 2165 vocat
416 2137 514 2165 eum
534 2125 801 2177 Lactantius,
831 2126 887 2167 de
905 2127 1028 2168 Falsa
1046 2128 1146 2180 Sap.

255 2187 332 2227 lib.
348 2199 420 2228 ιιι.
449 2188 563 2228 Vide
579 2200 723 2240 supra.
1127 2194 1129 2196 ’

315 2250 416 2290 Cum
456 2249 611 2302 quidem
645 2252 832 2292 adversus
848 2252 1147 2306 ‚Thrasybulum

246 2311 469 2361 fortissime
509 2314 730 2365 pugnaret]
795 2315 881 2354 Ms.
924 2315 1146 2367 Schioppii

256 2374 387 2428 legit':
415 2389 503 2416 cum
524 2389 597 2428 qua
621 2378 857 2416 exadversus
886 2377 1146 2430 Thrasybulus

246 2439 348 2487 fort.
360 2442 588 2491 pugnaret„
606 2438 733 2483 Quod
748 2439 930 2480 Barthio
943 2451 1025 2479 non
1047 2452 1144 2492 pro-

256 2502 382 2543 batur
417 2502 604 2543 Advers.
634 2512 763 2542 xxrv.
798 2506 866 2543 18.
917 2503 1078 2544 Verum
1107 2505 1142 2545 si

254 2577 335 2615 pro
368 2569 579 2616 pugnaret,
619 2564 847 2610 scribatur,
867 2567 1081 2617 pugnavit,
1117 2579 1143 2607 a

252 2630 436 2670 Barthio
469 2642 564 2683 quae
605 2635 757 2671 contra
790 2630 1006 2682 dicuntur,
1041 2632 1144 2672 nihil

254 2694 415 2735 valent.
445 2695 590 2735 Ernst.
650 2693 704 2734 In
725 2694 812 2734 Ms.
840 2695 991 2736 Boecl.
1018 2702 1139 2738 erat:

244 2768 340 2812 *cum
385 2756 535 2809 aliquid
580 2757 816 2797 exadversus
861 2757 1142 2810 Thrasybulum

243 2820 347 2868 sort.
374 2832 498 2871 pugn.
560 2819 686 2860 Unde
714 2819 934 2860 tentabam
960 2835 1046 2862 cum
1065 2822 1140 2862 ali·

251 2884 438 2933 quandiu,
495 2883 581 2933 vel,
626 2895 715 2923 cum
774 2882 945 2935 alioquin
999 2887 1139 2928 exadv.

255 2945 537 2997 Thrasybulum
562 2944 603 2994 f.
630 2959 683 2997 p.
717 2945 871 2986 Malim
901 2952 1060 2999 tamen,
1090 2954 1139 2989 ut

249 3009 399 3049 eratin
416 3009 624 3050 Ms.Dan.
637 3022 723 3049 cum
736 3010 890 3061 quidem
904 3013 1138 3053 exadversus

255 3072 535 3125 Thrasybulum
545 3073 650 3122 fort.
667 3086 790 3125 pugn.
810 3073 853 3114 h.
873 3084 912 3114 e.
932 3074 1014 3114 etsi
1034 3073 1135 3116 fort.

250 3147 383 3186 pugn.
458 3136 557 3175 Cum
593 3136 763 3187 quidem,
808 3147 886 3187 pro
927 3137 1138 3189 quamvis,

245 3199 354 3247 etsi3
411 3203 461 3238 ut
517 3197 594 3238 inf.
639 3209 771 3239 xxiv.
811 3203 851 3240 2.
935 3199 1137 3241 Adversus

251 3260 552 3311 Thrasybulum]
584 3261 703 3301 Libri
714 3274 875 3314 omnes,
890 3265 1136 3312 exadversus,

250 3324 363 3375 quod
402 3336 547 3363 verum
587 3331 670 3364 est.
722 3325 874 3367 Schott.
962 3325 1135 3379 Apulei.

251 3385 411 3434 Florid.
441 3388 452 3407 ‘
469 3387 616 3427 Samos
634 3388 773 3428 Icario
790 3390 833 3428 in
849 3389 955 3429 mari
967 3389 1135 3431 modica

247 3449 387 3490 insula
407 3456 490 3499 est,
513 3449 793 3491 exadversum
811 3451 1014 3493 Miletos?
1056 3453 1132 3504 Te,-

659 228 839 268 NOTAE
879 228 1213 269 VARIORUM
1255 229 1321 269 ΙΝ
1363 231 1417 271 C.
1456 232 1722 273 NEPOTIS

1223 353 1335 390 rent.
1355 349 1492 391 Andr.
1511 356 1597 392 act.
1622 363 1654 392 1.
1682 363 1744 392 sc.
1765 355 1806 392 2.
1851 350 1865 374 ‘
1886 351 2105 395 Exadver-

1221 424 1313 452 sum
1333 413 1372 453 ei
1391 414 1487 455 loco
1506 415 1742 456 Tonstrina
1763 420 1857 456 erat
1876 416 2103 468 quaedam?

1219 475 1372 529 Utitur
1390 481 1437 517 et
1454 477 1629 518 Phorm.
1648 483 1734 520 act.
1755 490 1790 518 ι.
1810 491 1870 519 sc.
1887 482 1929 519 2.
1975 480 2103 521 Gebh.

1274 539 1384 580 CAP-
1400 542 1440 580 3.
1478 540 1570 581 Hoc
1597 540 1762 593 dejecto]
1804 541 2034 597 Immolato
2053 555 2104 584 ac

1218 607 1423 644 mactato.
1462 603 1631 645 Seneca
1649 605 1831 648 Hercul.
1877 606 2020 647 OEtaeo
2038 619 2106 647 vs.

1218 668 1314 706 921.
1341 701 1346 705 .
1373 666 1386 688 ‘
1419 667 1608 708 Victima
1638 669 1743 710 haut
1788 669 1877 709 ulla
1920 668 2104 720 amplior

1218 726 1376 769 Potest
1388 731 1611 784 magisque
1627 731 1772 784 opima
1789 732 1971 772 mactari
1985 732 2106 784 Jovi,

1220 791 1361 833 Quam
1398 804 1476 832 rex
1518 794 1718 847 iniquus.’
1786 796 1902 836 Nam
1938 796 2105 846 dejicere

1218 854 1398 895 verbum
1436 861 1502 896 est
1538 856 1869 900 Sacrificiorum.
1924 859 2105 900 Flaccus

1217 917 1458 970 Argonaut.
1503 919 1579 960 lib.
1614 931 1646 960 1.
1685 932 1798 961 vers.
1828 924 1922 962 191.
1972 922 1986 945 ‘
2022 922 2104 963 tibi

1217 981 1414 1020 caeruleis
1443 980 1486 1020 in
1503 981 1648 1022 littore
1668 982 1788 1022 vittis
1815 983 1875 1023 Et
1893 982 2105 1036 Zephyris

1217 1043 1470 1097 Glaucoque
1488 1045 1660 1097 bovem,
1671 1045 1936 1099 Thetidique
1944 1046 2104 1098 juven-

1216 1117 1311 1156 cam
1331 1107 1500 1159 Dejicit
1520 1107 1719 1160 Antaeus,
1738 1122 1822 1150 non
1848 1109 1924 1150 illo
1943 1110 2106 1152 certior

1216 1169 1327 1209 alter
1371 1170 1557 1222 Pinguia
1614 1170 1786 1212 letifera
1831 1171 2102 1226 perfringere

1215 1233 1326 1272 colla
1362 1232 1569 1285 bipenni.'
1631 1234 1817 1275 Lib.-11.
1861 1247 1970 1278 vers.
2003 1240 2102 1278 333.

1213 1294 1450 1341 fProtinus
1499 1297 1722 1350 ingentem
1759 1310 1988 1350 procerum
2022 1300 2101 1342 sub

1213 1359 1385 1400 nomine
1401 1365 1571 1402 taurum
1586 1361 1785 1413 Dejicit!
1818 1362 1862 1404 H
1866 1374 1946 1403 anc
1960 1373 2100 1405 meam

1213 1422 1615 1475 interpretationem
1635 1425 1840 1478 adjuvant
1852 1427 1881 1468 J
1885 1427 2011 1468 ustin.
2029 1419 2102 1470 lib.

1211 1497 1259 1528 v.
1300 1490 1367 1528 10.
1420 1487 1641 1539 ‘Tyranni
1677 1494 1726 1529 ut
1755 1489 1875 1541 pacis
1913 1490 2102 1532 victimae

1213 1550 1514 1591 trucidantur?
1562 1552 1622 1591 Et
1641 1551 1902 1592 Plutarchus
1930 1552 2070 1595 Dione
2086 1567 2100 1595 ε

1211 1612 1347 1654 Λύκων
1383 1613 1641 1667 Συρακούσιος
1677 1615 1834 1669 inquit,
1864 1615 1992 1670 ὀρέγει
2021 1617 2102 1659 τινὶ

1211 1678 1293 1718 τῶν
1306 1677 1521 1718 Ζακυνθίων
1534 1676 1596 1718 διὰ
1607 1679 1679 1726 τῆς
1693 1678 1839 1731 θυρίδος
1851 1679 2099 1734 ἐγχειρίδιον,

1213 1737 1244 1791 ᾧ
1261 1738 1433 1794 καθάπερ
1451 1740 1586 1794 ἱερεῖον
1604 1739 1675 1781 τὸν
1694 1740 1832 1793 Δίωνα,
1840 1743 2100 1796 κρατούμενον

1212 1805 1338 1846 πάλαι
1369 1804 1435 1846 καὶ
1462 1805 1731 1856 δεδιττόμενον
1745 1805 1989 1860 ἆπέσφαξαν.
2017 1810 2102 1851 Mi·

1211 1870 1365 1910 nucius
1399 1870 1539 1922 Felix,
1563 1870 1576 1892 ‘
1594 1871 1748 1912 Miseri
1778 1871 1823 1912 in
1855 1872 1939 1914 hoc
1968 1873 2098 1915 altius

1212 1931 1439 1985 tolluntur,
1479 1938 1530 1974 ut
1575 1933 1782 1975 decidant
1827 1936 1994 1981 altius-L
2016 1938 2100 1981 in

1207 1990 1326 2038 'enim
1383 2003 1436 2039 ut
1481 1998 1670 2039 victimae
1722 1998 1778 2039 ad
1837 2000 2098 2053 supplicium

1211 2060 1484 2113 saginantur,
1506 2067 1555 2102 ut
1573 2061 1724 2102 hostiae
1750 2062 1804 2102 ad
1826 2074 1997 2115 poenam
2024 2075 2095 2105 co-

1210 2123 1445 2165 ronantur!
1465 2123 1563 2166 Hoc
1578 2125 1754 2166 verbum
1768 2138 1938 2181 quoque
1953 2127 2097 2169 locum

1209 2187 1292 2229 sibi
1313 2187 1507 2229 vindicat
1534 2188 1578 2228 in
1611 2189 1786 2241 pugnis,
1805 2190 1878 2231 ubi
1907 2191 2022 2232 alter
2040 2191 2095 2232 ab

1209 2252 1348 2292 altero
1370 2263 1505 2292 caesus
1524 2253 1827 2304 prosternitur.
1875 2253 1998 2302 Curt.
2018 2253 2096 2295 lib.

1209 2325 1279 2355 111.
1298 2317 1363 2354 16.
1381 2315 1394 2337 ‘
1412 2314 1588 2354 Flentes
1606 2314 1899 2366 querebantur
1911 2316 1954 2356 in
1970 2321 2096 2358 tanto

1207 2376 1373 2429 impetu
1393 2388 1607 2429 cursuque
1637 2388 1778 2417 rerum
1796 2378 1932 2419 omnis
1951 2380 2097 2421 aetatis

1207 2452 1258 2480 ac
1278 2440 1493 2481 memoriae
1524 2440 1804 2481 clarissimum
1835 2454 1981 2495 regem
2010 2455 2095 2484 non

1205 2505 1249 2545 in
1264 2506 1354 2546 acic
1371 2505 1633 2556 saltem‚non
1647 2505 1699 2545 ab
1711 2505 1833 2546 hoste
1849 2506 2070 2559 dejectum
2084 2521 2099 2558 ;

1205 2569 1280 2609 sed
1302 2568 1547 2609 abluentem
1573 2581 1685 2621 aqua
1716 2580 1873 2621 corpus
1892 2575 2093 2622 ereptum

1205 2635 1252 2671 et
1283 2630 1551 2672 extinctum.’
1598 2630 1767 2672 Auctor
1799 2630 2007 2672 Thebaid.
2027 2644 2092 2674 vs.

1204 2697 1300 2743 6³⁷,
1331 2695 1343 2717 ‘
1365 2695 1530 2735 exultes
1557 2694 1664 2736 licet
1681 2694 1924 2747 Victorque
1943 2693 2092 2736 fratris

1205 2757 1341 2809 spolia
1376 2757 1542 2810 dejecti
1583 2757 1737 2809 geras?
1795 2758 2058 2799 Claudianus
2078 2772 2091 2800 ε

1196 2821 1215 2854 <‘
1231 2821 1269 2860 Τ
1271 2821 1564 2874 ergeuiinique
1583 2821 1719 2861 Ducis
1744 2832 1997 2871 numerosos⁴
2017 2820 2092 2861 de-

1194 2882 1294 2936 jicit
1312 2883 1459 2925 artus:
1503 2884 1572 2924 Id.
1605 2883 1660 2924 de
1691 2885 1815 2924 Bello
1848 2884 2006 2925 Getico
2025 2896 2088 2925 vs.

1204 2950 1298 2988 164.
1356 2948 1368 2969 ‘
1389 2947 1572 2989 Qualem
1591 2946 1744 2987 Stilico
1765 2947 1975 2999 dejecerit
1991 2947 2088 2988 bos-

1203 3015 1306 3058 tem,
1346 3011 1530 3050 Thraces
1564 3016 1610 3049 et
1651 3010 1836 3050 AEmonii
1880 3015 2089 3062 poterunt

1201 3073 1414 3126 Moesique
1463 3071 1620 3113 fateri.’
1693 3072 1944 3125 Respondet
1987 3073 2087 3114 huic

1201 3135 1454 3176 Graecorum
1484 3132 1753 3182 καταβάλλειν
1781 3148 1865 3188 quo
1900 3136 2085 3188 primurn

1198 3197 1244 3237 in
1281 3209 1332 3237 ea
1368 3197 1684 3249 significatione
1728 3211 1828 3239 usus
1866 3199 2083 3240 Homerus

1199 3259 1447 3312 Rhapsodia
1461 3272 1510 3301 11.
1537 3260 1721 3302 Diodor.
1742 3261 1772 3302 l.
1788 3272 1885 3302 xiv.
1905 3261 2086 3313 ἐξαίφνης

1198 3322 1294 3362 οἵτε
1311 3321 1478 3363 Αἰτωλοὶ
1498 3325 1578 3364 τῶν
1603 3325 1777 3365 πολιτῶν
1795 3322 2023 3374 ἐκχυθέντες
2040 3325 2085 3364 ἐκ

1196 3387 1268 3434 τῆς
1290 3384 1441 3427 πόλεως
1458 3386 1754 3439 κατεπλήξαντο
1777 3385 1870 3426 τοὺς
1895 3388 2082 3426 Λακεδαι-

1193 3450 1360 3503 μονίους,
1375 3450 1438 3492 καὶ
1457 3442 1603 3504 σχεδὸν
1619 3449 1828 3504 τριάκοντα
1840 3449 2078 3498 κατέβαλον.
