2306 3900
242 233 350 286 :584
390 271 393 273 -

241 370 386 405 nestra
419 364 511 417 ejus
545 368 700 415 matre,
741 362 901 415 OEdipo
931 368 978 403 et
1023 361 1130 403 Laio

242 433 385 479 patre,
423 432 538 466 notae
574 425 745 467 fabulae.
802 426 1030 478 Legendus
1060 426 1133 467 So-

243 490 407 542 phoclis
426 488 570 542 OEdip.
592 494 814 542 tyrannus,
847 495 893 530 et
913 488 1132 543 Euripidis

246 554 440 597 Orestes.
621 556 624 559 “

300 616 383 661 Qui
411 628 498 656 cum
529 621 686 669 patrem
712 629 823 658 saum
858 615 1134 666 interfecisset,

245 692 297 720 ex
315 683 439 720 matre
451 679 590 720 liberos
604 679 862 733 procreasset]
890 680 1025 720 Pater
1038 683 1134 718 erat

249 743 392 795 Laius,
414 749 553 785 mater
584 745 779 798 Jocasta,
810 743 1007 785 Creontis
1024 743 1132 782 The·

249 807 456 847 banorum
477 807 607 860 Regis
625 806 728 848 filia.

306 870 436 915 Quum
458 871 596 922 patria
615 875 739 911 essent
761 869 884 922 pulsi]
927 869 999 909 Sic
1032 869 1133 908 Plu-

250 934 448 974 tarchus:
483 935 614 985 Ἡμεῖς
642 934 713 985 μὲν
743 932 991 986 ἐξεβάλομεν,
1022 936 1134 981 Ἀθη-

250 999 346 1038 ναῖοι
359 996 401 1037 δὲ
421 996 664 1049 ὑπεδέξαντο.
693 998 876 1039 Lambin.

305 1062 452 1112 Legati
503 1066 594 1102 ante
648 1074 820 1114 pugnam
871 1058 1136 1111 Leuctricam]

254 1125 365 1166 Haec
377 1125 516 1166 omnia
535 1126 740 1166 omittunt
754 1125 934 1177 Longol.
946 1125 1138 1177 Magius,

253 1195 300 1229 et
319 1189 549 1229 Lambinus
566 1202 578 1238 ;
613 1194 737 1229 erant
757 1194 898 1229 tamen
918 1189 964 1228 in·
983 1186 1140 1228 nostris

255 1257 301 1293 et
321 1251 786 1293 GifaniiMembranis.
843 1251 945 1302 Sed,
964 1264 1018 1292 ne
1038 1251 1141 1304 quid

257 1316 538 1368 dissimulem,
558 1317 766 1357 intrusum
789 1315 962 1357 videtur
983 1316 1036 1357 ab
1056 1327 1143 1356 ora.

258 1379 414 1420 Schott.

310 1445 594 1497 Legationum]
635 1445 855 1497 Legionum
889 1446 1058 1498 integre
1099 1444 1144 1483 in

264 1508 452 1561 scriptis,
493 1507 678 1549 fortasse
713 1520 798 1549 non
841 1508 970 1560 male,
1002 1509 1146 1560 itaque

265 1574 448 1625 Longol.
493 1572 707 1613 edendum
751 1573 945 1624 curavit3
993 1585 1019 1613 a
1061 1583 1147 1624 quo

265 1636 497 1677 Lambinus
507 1636 746 1689 caeterique
757 1636 1000 1677 discedunt.
1016 1635 1150 1677 θελοι.

319 1700 447 1745 Quam
491 1699 703 1740 Leuctrica
745 1698 899 1751 pugna]
954 1699 1021 1738 De
1067 1710 1151 1751 qua

264 1765 479 1805 Diodorus
498 1764 571 1806 lib.
589 1776 664 1805 xv.
694 1763 938 1816 Xenophon
956 1763 1068 1803 Ἕλλ.
1089 1774 1152 1804 vl.

244 1860 248 1865 .
263 1828 490 1869 Plutarch.
500 1827 545 1868 in
556 1827 788 1881 Pelopida,
803 1828 1042 1868 Pausanias
1057 1828 1153 1868 Boe-

264 1891 410 1932 oticis.
465 1889 736 1931 Occiderant
754 1891 798 1930 in
814 1890 1156 1931 eaLacedaemo-

265 1955 449 2006 niorum,
481 1959 531 1995 ut
557 1960 708 2004 narrat
738 1953 957 1994 Diodorus
989 1959 1036 1995 et
1069 1953 1157 2004 alii,

267 2025 454 2072 quatuor
473 2018 607 2059 millia
639 2023 685 2059 et
714 2030 860 2071 regem
891 2029 1038 2058 eorum
1059 2017 1156 2057 Cle·

268 2085 523 2124 ombrotum.
582 2083 819 2136 Exponunt
844 2088 990 2123 autem
1014 2082 1158 2122 Xeno·

267 2148 399 2199 phou,
428 2146 658 2198 Diodorus,
691 2139 861 2198 Cicero,
897 2145 1095 2198 prodigia
1113 2151 1159 2186 et

269 2215 455 2260 ostenta,
473 2223 570 2263 quae
590 2211 760 2252 cladem
777 2210 895 2251 illam
912 2216 1158 2251 antecesse-

272 2278 375 2312 runt
422 2278 468 2312 et
512 2271 920 2325 praesignificarunt.
977 2272 1159 2313 Lambin.

273 2336 371 2382 Quo
416 2340 614 2387 tempore
661 2335 794 2375 etiam
844 2335 1161 2375 Lacedaemonii

272 2397 478 2448 ἠγεμονίαν
515 2397 699 2439 Graeciae
745 2397 995 2448 amiserunt,
1034 2410 1161 2450 quam

275 2473 355 2514 per
384 2466 520 2501 annos
553 2469 596 2502 n.
628 2460 933 2510 obtinuerant3
962 2459 1164 2510 ἡγεμονίαν

276 2532 422 2567 autem
451 2526 521 2567 hic
554 2525 706 2579 accipe
740 2524 884 2578 κυρίως,
915 2524 971 2566 de
1003 2525 1163 2566 ducatu

277 2591 384 2642 solo,
415 2602 501 2630 non
532 2601 634 2631 vera
658 2589 962 2630 dominatione.
1018 2589 1164 2631 Quare

278 2654 541 2696 Plutarchus
573 2662 695 2694 recte
723 2653 836 2694 dixit
862 2665 935 2694 eos
955 2653 1167 2705 πρωτεῦσαι

276 2720 347 2767 τῆς
362 2717 567 2771 Ἑλλάδος,
601 2717 842 2771 principem
862 2717 976 2758 inter
993 2718 1167 2758 Graecos

280 2784 419 2824 locum
442 2783 694 2834 obtinuisse,
718 2794 800 2823 non
821 2781 941 2836 ἄρξαι.
997 2784 1068 2823 De
1086 2783 1167 2823 hoc

283 2854 423 2887 antem
457 2847 598 2899 spatio
632 2859 779 2888 annor.
813 2859 860 2888 ι).
886 2847 1010 2899 cujus
1037 2851 1170 2899 caput

281 2917 347 2950 est
367 2909 569 2960 νομοθεσία
595 2910 800 2963 Lycurgi,
817 2910 917 2950 vide
938 2922 1032 2963 quae
1066 2911 1170 2951 scri*-

281 2974 350 3015 bit
376 2974 508 3024 decus
529 2974 694 3025 saeculi,
717 2973 874 3024 λαμπὰς
890 2977 966 3014 τῶν
983 2973 1071 3026 πρὶν
1083 2973 1169 3014 αἰώ-

283 3052 368 3088 νων,
406 3037 587 3088 Joseph.
631 3036 825 3087 Scaliger
857 3037 910 3076 ad
949 3048 1168 3076 numerum

286 3101 575 3141 Eusebianum
598 3110 826 3148 mcxxxu.
857 3099 1117 3140 Casaubonas.

341 3165 452 3206 CAP.
471 3167 511 3205 7.
544 3163 658 3209 Quod
676 3176 718 3204 se
741 3164 888 3216 patrioe
912 3164 1033 3204 irasci
1060 3163 1172 3213 nefas

290 3241 369 3267 esse
382 3227 561 3279 duceret]
595 3228 773 3268 Divinae
794 3227 948 3268 indolis
962 3227 1056 3269 haec
1072 3232 1174 3268 sunt

290 3290 562 3331 testimonia:
587 3303 689 3341 nam
706 3297 811 3345 quot
831 3297 946 3343 sunt,
971 3291 1043 3344 qui
1062 3290 1173 3343 inju-

289 3352 376 3393 rias
401 3353 527 3393 unius
562 3359 692 3406 atque
722 3353 898 3395 alterius
925 3353 1032 3394 civis
1053 3353 1175 3394 ruina

290 3417 500 3458 universae
523 3418 674 3469 patriae
696 3418 776 3458 ulti
807 3429 889 3459 non
908 3417 1022 3459 sint?
1081 3415 1175 3458 Liv.

625 245 809 285 NoTAE
844 239 1183 286 X'ARIORUM
1226 247 1291 286 ΙΝ
1336 248 1390 287 G.
1430 248 1693 288 NEPOTIS

1192 363 1267 406 lib.
1286 375 1439 406 xxvn.
1481 365 1494 388 ⁴
1511 366 1573 407 Ut
1601 368 1830 418 parentum
1851 365 2075 420 saevitiam,

1192 428 1254 469 sic
1274 429 1425 481 patriae
1444 429 1622 482 injurias
1638 427 1846 482 patiendo
1861 440 1912 468 ac
1931 427 2073 470 feren-

1193 491 1248 532 do
1266 491 1486 533 leniendas
1506 492 1628 534 esse!
1657 492 1796 533 Tacit.
1817 491 1929 534 Ann.
1947 492 2022 533 lib.
2041 504 2097 546 r..

1196 560 1262 597 10.
1291 557 1577 610 &Quanquam
1608 556 1673 598 fas
1705 557 1762 598 sit
1790 556 1962 609 privata
1980 556 2080 597 odia

1194 620 1376 671 publicis
1393 620 1653 661 utilitatibus
1668 617 1918 660 remittere?
1950 618 2079 659 Gema.

1196 683 1450 736 Exemplum
1470 683 1692 735 patientiae
1706 682 1959 735 injuriarum
1979 694 2003 721 a
2019 681 2082 722 ci-

1195 745 1320 785 vibus
1351 750 1628 798 acceptarum
1665 745 1916 798 suppeditat
1933 737 2080 785 Valer.

1196 807 1271 848 lib.
1286 819 1357 847 m.
1372 811 1412 848 7.
1428 814 1518 848 ext.
1535 814 1574 849 5.
1591 810 1604 831 ‘
1616 808 1942 860 Epaminondas,
1953 820 2082 861 quum

1197 871 1237 911 ei
1257 871 1373 911 cives
1391 871 1490 911 irati
1508 870 1839 911 sternendarum
1857 871 1900 911 in
1918 871 2077 924 oppido

1198 935 1360 975 viarum
1418 934 1691 975 contumeliae
1748 946 1877 974 causa
1930 946 2083 974 curam

1199 1000 1470 1051 mandarent,
1487 998 1606 1053 (erat
1625 997 1737 1039 enim
1771 997 1874 1038 illud
1895 997 2087 1038 ministe-

1201 1066 1312 1105 rium
1336 1063 1453 1117 apud
1490 1075 1563 1103 eos
1595 1059 1968 1114 sordidissimum,)
1993 1061 2086 1102 sine

1204 1127 1293 1168 ulla
1323 1126 1601 1168 cunctatione
1630 1125 1672 1165 id
1703 1123 1900 1176 recepit!
1955 1123 2089 1177 Apud

1205 1193 1390 1234 eundem
1426 1193 1500 1232 lib.
1521 1190 1620 1232 eod.
1640 1203 1734 1243 cap.
1753 1194 1794 1230 8.
1813 1193 1854 1230 2.
1883 1189 1941 1232 Q.
1961 1187 2090 1229 Fabi·

1207 1269 1254 1296 us
1289 1256 1505 1297 Maximus
1537 1267 1706 1309 quoque
1734 1263 1950 1306 nunquam
1977 1251 1990 1275 ‘
2007 1251 2088 1310 sibi

1205 1319 1330 1371 Reip.
1357 1319 1483 1359 irasci
1515 1317 1740 1371 permisit:
1769 1321 1859 1357 tarn
1889 1326 2090 1367 perseve-

1207 1398 1308 1427 rans
1328 1385 1371 1425 in
1392 1396 1537 1425 amore
1564 1383 1721 1423 civium
1741 1380 1853 1422 fuit!
1901 1380 2111 1432 Elegans⁴

1207 1448 1435 1489 admodum
1449 1447 1664 1487 sententia
1678 1446 1751 1486 illa
1764 1450 1845 1497 est,
1855 1455 1980 1498 quam
1995 1454 2092 1496 pro·

1206 1511 1294 1553 fert
1313 1511 1367 1552 de
1386 1511 1438 1552 P.
1468 1510 1673 1562 Scipione
1700 1507 1910 1549 Africano
1923 1507 2034 1548 libro
2045 1518 2092 1548 v.

1208 1580 1249 1617 3.
1287 1580 1327 1616 2.
1366 1579 1379 1598 ‘
1400 1575 1536 1628 Igitur
1568 1575 1679 1614 hanc
1716 1585 1846 1613 unam
1884 1570 2097 1624 Scipionis

1208 1639 1446 1680 vindictam
1475 1638 1634 1690 ingrati
1662 1636 1791 1677 animi
1823 1635 1925 1676 urbs
1953 1634 2095 1675 Roma

1211 1702 1374 1743 sensit:
1410 1701 1614 1754 majorem
1638 1712 1707 1740 me
1737 1699 1911 1740 hercule
1943 1697 2093 1739 Corio·

1212 1767 1303 1808 lani
1326 1765 1545 1806 violentia.
1599 1763 1681 1810 Ille
1695 1763 1807 1802 enim
1826 1766 1945 1802 metu
1964 1759 2113 1813 patri·.

1219 1843 1289 1871 am
1309 1828 1512 1883 pulsavit,
1529 1827 1602 1868 hic
1620 1823 1910 1867 verecundia:
1937 1822 1992 1864 de
2013 1816 2104 1876 qua‘

1215 1907 1269 1935 ne
1288 1893 1408 1947 queri
1430 1891 1600 1947 quidem
1629 1894 1753 1930 tanta
1782 1899 1906 1928 verae-
1922 1882 2100 1940 pietatis

1217 1956 1460 1998 constantia
1493 1955 1575 1995 nisi
1611 1958 1712 2007 post
1746 1951 1835 1993 fata
1870 1947 2103 1991 sustinuit:

1218 2019 1537 2074 Ejusdemoris
1569 2017 1732 2059 locutio
1761 2021 1827 2057 est
1844 2014 2022 2065 Attico;
2050 2018 2102 2054 ut

1220 2085 1293 2139 qui
1312 2085 1444 2126 semel
1463 2082 1617 2124 cursim
1636 2081 1762 2134 hujus
1782 2085 1827 2121 et
1840 2075 2100 2120 caeteror'um

1220 2147 1539 2189 Excellentium
1559 2145 1875 2197 Imperatorum
1899 2142 2022 2183 Vitas
2036 2141 2103 2181 le-

1221 2212 1350 2264 gerit,
1366 2210 1644 2262 diversosque
1662 2212 1706 2248 et
1723 2207 1850 2260 hujus
1870 2211 1916 2246 et
1933 2205 2104 2246 illarum

1222 2279 1423 2316 auctores
1443 2277 1623 2323 statuat,
1642 2283 1739 2312 eum
1757 2270 1860 2310 nihil
1878 2269 1923 2309 in
1939 2270 2106 2321 Lingua

1223 2338 1397 2388 Latina,
1417 2341 1463 2376 et
1481 2348 1562 2376 usu
1591 2334 1808 2386 puriorum
1841 2332 2106 2384 Scriptorum

1223 2413 1372 2453 sapere
1382 2399 1606 2452 judicem:
1635 2395 1821 2445 ‘Hunc,'
1849 2394 2008 2447 inquit,
2024 2395 2037 2416 ‘
2054 2405 2107 2434 ea

1225 2466 1360 2507 fuisse
1395 2465 1440 2505 in
1473 2476 1571 2504 suos
1598 2460 1885 2514 indulgentia,
1917 2465 1966 2500 ut
2003 2469 2107 2511 quos

1227 2541 1370 2570 amare
1389 2527 1585 2577 deberet,
1604 2525 1731 2566 irasci
1754 2525 1816 2565 eis
1836 2523 1956 2565 nefas
1976 2521 2107 2563 duce-

1228 2592 1322 2634 ret?
1355 2591 1557 2632 Gebhard.

1285 2655 1388 2695 Hoec
1398 2658 1488 2695 sant
1505 2652 1746 2706 testimonia]
1765 2650 2013 2704 Legendum
2028 2648 2112 2691 for-

1231 2724 1347 2759 tasse
1368 2723 1452 2769 est,
1481 2717 1564 2756 haec
1597 2719 1688 2756 sunt
1706 2715 1952 2756 testimonio.-
1979 2725 2115 2768 quan·

1232 2793 1358 2834 quam
1378 2779 1478 2820 nihil
1498 2784 1634 2820 muto.
1690 2778 1870 2819 Lambin.

1286 2845 1362 2886 Illa
1381 2845 1550 2885 militam
1565 2843 1794 2894 multitado]
1822 2842 1893 2883 Sic
1911 2841 2005 2883 fere
2017 2842 2115 2883 cod.

1233 2909 1322 2951 Gif.
1355 2909 1566 2961 probante
1598 2907 1844 2949 Gebhardo.
1877 2907 1963 2946 Ms.
1993 2905 2117 2947 Leid.

1231 2974 1300 3013 illa
1318 2973 1611 3013 ‚nultitudinem
1639 2971 1824 3010 militam.
1860 2969 1947 3009 Ms.
1966 2968 2116 3009 Boecl.

1232 3043 1277 3075 et
1289 3035 1466 3087 Vulgati
1480 3050 1490 3075 z
1514 3047 1576 3073 res
1588 3033 1658 3073 illa
1669 3033 1855 3074 militum.
1881 3031 1995 3074 Quid
2008 3032 2042 3071 si
2057 3032 2118 3072 le·

1233 3112 1333 3151 gas:
1364 3111 1408 3138 eo
1426 3102 1520 3138 esset
1550 3099 1639 3138 aed.
1670 3108 1745 3148 res,
1772 3096 1842 3136 illa
1868 3095 2119 3136 multitudine

1232 3159 1435 3204 militum?
1462 3160 1503 3201 h.
1524 3172 1563 3200 e.
1594 3160 1637 3199 in
1658 3164 1782 3199 tanta
1811 3158 1993 3199 militum
2013 3157 2120 3197 mul·

1235 3225 1446 3266 titudine:
1476 3235 1573 3264 nam
1598 3235 1698 3263 mox
1726 3221 1806 3272 ait,
1835 3221 2024 3260 locorum
2045 3230 2118 3259 an-

1235 3288 1387 3342 gustiis
1414 3288 1582 3329 clausos
1614 3291 1744 3338 atque
1765 3284 1819 3324 ab
1838 3282 2027 3323 hostibus
2045 3282 2120 3322 ob-

1235 3363 1371 3392 sessos
1387 3349 1535 3391 fuisse.
1591 3349 1687 3389 Hoc
1708 3347 1840 3398 igitur
1869 3345 2041 3386 videtur
2058 3345 2122 3386 in-

1236 3427 1384 3468 nuere,
1418 3414 1460 3455 in
1479 3414 1543 3454 his
1565 3409 1769 3464 augustiis
1795 3407 2116 3462 multitudinem
