2306 3900
729 251 901 294 RERU
911 252 954 291 M
997 250 1074 293 ET
1113 249 1482 292 VERBORUM.

215 380 286 435 jus
302 386 424 422 status
441 379 498 420 ita
514 379 781 427 conturbatur.
796 385 841 419 ut
857 380 891 421 sl
907 379 995 434 quis
1007 379 1049 419 ln

219 449 356 489 pugna
379 434 431 475 de
465 435 554 475 loco
578 432 772 486 dejicitur.
818 432 904 474 Cic.
923 437 963 474 1.
981 433 1050 472 off.

218 493 288 532 23.
325 488 570 552 proyerbium
609 493 621 512 ‘
640 488 693 527 de
746 486 869 538 gradu
917 484 1051 538 dejici’

219 540 733 650 {250333225310530‘225
757 543 1052 633 &ilium

219 649 368 690 tuantis
393 656 436 689 et
458 661 483 688 a
497 654 602 688 statu
617 645 778 687 rationis
794 646 907 699 quasi
925 646 1053 686 disce-

219 702 350 743 dentis
371 708 534 743 venuste
564 701 848 742 accommodat.
901 699 1054 739 Eadem

220 754 420 797 locutione
445 756 490 795 in
517 755 693 795 oratione
711 753 939 795 Caeciniana
955 753 1054 794 dici-

220 814 298 857 tur,
311 815 324 833 ‘
337 809 390 850 de
407 815 512 852 statu
523 807 756 849 demovere-⁹
765 807 834 847 ubi
844 807 953 854 vide,
964 819 1054 860 quae

218 862 360 906 Petrus
374 862 500 904 Faber
517 862 668 903 erudite
685 861 900 902 annotavit.
917 860 1056 901 Boecl.

219 915 340 956 Adde
361 917 483 957 eund.
509 916 692 969 Agonist.
737 915 766 964 i,
782 918 849 957 11.
876 921 918 955 et
947 915 1058 969 Lips-

218 969 414 1011 Satumal.
430 969 474 1018 ii,
492 969 569 1023 20)

167 1021 310 1064 Graeca
318 1024 440 1065 oratio
452 1023 598 1078 (sermo
617 1019 784 1076 Graec.),
799 1020 896 1063 Fas
917 1021 1058 1063 Graeca

223 1077 360 1130 lingua
403 1078 607 1130 loquentes
646 1076 676 1123 i,
707 1079 748 1117 8.
785 1090 826 1124 x,
859 1079 882 1116 1
927 1075 1060 1117 Graeci

220 1131 465 1224 Hamas?
483 1130 596 1224 ‚5:13
611 1126 1060 1237 sm<

581 1212 592 1231 1

219 1237 358 1291 lingua
388 1237 542 1291 Graec.)
569 1236 678 1284 xxiii,
707 1239 759 1277 13
802 1248 873 1289 pro
890 1237 1005 1278 rebus
1019 1243 1061 1277 et

220 1291 391 1332 lectione
405 1291 646 1339 Graecorum,
663 1289 782 1330 Praef.

171 1342 311 1386 Graece
345 1344 456 1399 loqui
501 1359 591 1393 xxv,
607 1348 635 1386 4
681 1342 822 1386 Graece
857 1343 1060 1388 confectus

224 1398 324 1441 liber
348 1412 439 1446 xxv,
459 1401 512 1440 18

169 1449 325 1493 Graecia
335 1451 430 1506 (pro
444 1450 654 1505 regione)':
674 1462 808 1491 omnes
826 1449 992 1492 Graeciae
1005 1450 1060 1492 ci-

223 1505 366 1547 vitates
391 1506 446 1554 ix,
465 1510 490 1547 5
520 1511 650 1546 cetera
662 1503 817 1545 Graecia
834 1504 888 1552 iv,
903 1507 930 1545 2
949 1503 1060 1545 Grae-

224 1557 877 1664 ..3333)

566 1641 578 1660 ,
713 1637 724 1649 O
868 1636 880 1650 Ο
1051 1639 1062 1651 0

226 1681 294 1716 xx,
311 1665 403 1721 21).
437 1666 604 1707 Graeciae
622 1664 834 1704 liberandae
849 1664 1003 1705 occasio
1032 1666 1063 1712 i,

225 1724 253 1763 3
286 1727 410 1762 totam
428 1719 623 1760 Graeciam
652 1718 830 1758 liberavit
854 1717 1061 1759 Miltiades

227 1774 304 1870 gc.
322 1773 510 1828 aPersis)
536 1773 566 1821 i,
580 1777 608 1814 6
652 1777 834 1812 cunctam
867 1771 1061 1812 Graeciam

265 1841 373 1868 onon
389 1841 415 1867 a
430 1824 740 1867 Lacedaemoniis
757 1824 935 1864 liberavit
959 1825 1017 1872 ix,
1035 1829 1062 1868 4

227 1882 445 1922 universam
462 1879 657 1921 Graeciam
681 1877 724 1918 in
742 1879 958 1919 libertatem
975 1879 1061 1918 vin-

227 1935 377 1977 dicauit
405 1934 700 1987 Epaminondas
743 1946 809 1980 ιν,
827 1936 854 1974 8
896 1932 1061 1974 Graeciae

228 1989 353 2084 Ρῗὲἰ
373 1986 879 2091 οῖὲἒίῗῗέΐὶἇῖὲέωῗηῖὀ
906 1985 1063 2082 {lidi

258 2096 296 2138 ic
312 2111 323 2136 :
384 2095 499 2137 ποῖα
511 2095 648 2136 civitas
664 2092 734 2140 vii,
747 2097 774 2135 7
792 2093 882 2148 (ubi
901 2097 913 2117 ⁸
926 2093 1063 2134 civita-

231 2149 295 2190 tis'
312 2163 450 2191 vocem
463 2149 565 2190 male
582 2147 694 2202 ejicit
706 2147 935 2187 Lambinus.
966 2147 1063 2187 Vel-

228 2203 297 2243 lei.
312 2202 341 2251 i,
355 2206 431 2251 4,s
445 2208 458 2226 ‘
476 2215 619 2255 magna
634 2200 695 2240 vis
709 2199 1065 2253 Graeciaejuventu-

232 2256 311 2297 tis?
328 2256 384 2297 ita
402 2256 509 2298 enim
526 2256 564 2296 le
592 2255 684 2295 end.
701 2267 751 2294 ex
766 2254 942 2295 editione
954 2253 1066 2295 Rhe·

231 2310 338 2350 nani.
357 2323 395 2350 v.
409 2316 542 2350 tamen
619 2308 693 2350 ecl.
706 2313 790 2348 not.
805 2308 858 2348 ad
874 2309 916 2347 h.
930 2306 985 2361 1.)

179 2362 321 2405 Graius
355 2362 523 2418 (adject.
562 2359 814 2415 ἑλληνικός);
843 2373 942 2415 quas
960 2360 1067 2416 (scil.

230 2416 404 2510 ‘ulmi-1
414 2429 530 2456 nemo
564 2428 738 2469 unquam
769 2427 860 2455 cum
893 2415 1067 2456 exercitu

234 2477 326 2511 ante
405 2470 644 2518 annibalem,
679 2473 819 2521 praeter
854 2467 1068 2509 Herculem

236 2523 415 2571 Graium,
441 2523 645 2562 transierat
671 2521 779 2568 xxiii,
793 2523 819 2561 3
849 2534 929 2573 quo
960 2521 1067 2562 facto

236 2577 271 2616 is
289 2576 408 2616 hodie
426 2575 546 2616 saltus
565 2574 707 2616 Graius
721 2587 744 2613 a
774 2573 955 2625 pellatur,
970 2574 1068 2615 ibid.

238 2629 418 2684 (Lipsius
455 2635 560 2670 cent.
580 2632 619 2669 1.
657 2629 709 2668 ad
784 2626 861 2680 elg.
897 2641 921 2667 e
953 2654 965 2668 .
999 2632 1069 2670 93.

238 2689 250 2707 ⁸
266 2682 458 2737 uterque‚’
485 2682 628 2735 inquit,
655 2680 846 2722 Hercules
860 2685 901 2720 et
957 2683 1069 2722 anni-

239 2738 324 2785 bal,
354 2741 366 2759 ‘
383 2750 452 2790 per
469 2735 594 2789 Alpes
611 2735 702 2783 ivit,
730 2734 800 2774 sed
819 2746 900 2773 non
918 2734 1070 2788 signate

238 2791 397 2831 easdem
414 2803 546 2831 earum
561 2789 718 2844 partes!
743 2800 832 2841 quae
843 2800 952 2829 mens
969 2796 1012 2830 et
1028 2790 1070 2831 in

241 2844 342 2893 Silii,
369 2843 530 2884 fortasse
559 2850 600 2884 et
617 2844 658 2883 in
677 2841 831 2884 AEmilii
847 2841 967 2883 Prob.
984 2857 1070 2885 ver·

240 2897 337 2951 bis).
354 2895 496 2938 Graius
514 2898 726 2951 (substant.
747 2893 907 2949 ἕλλην.)
926 2911 936 2936 :
956 2894 1071 2939 Grai·

241 2964 351 2991 orum
369 2951 546 2998 virtutes,
565 2951 682 2992 Praef.
715 2949 920 2992 Graiorum
938 2953 1071 3004 praeda

241 3004 476 3057 locupletari
501 3005 570 3052 vii,
589 3009 615 3046 7

191 3057 444 3099 Grammatici
473 3058 654 3111 (quinam
673 3058 822 3100 Graecis
854 3057 1070 3113 dicantur),

245 3111 309 3151 Fr.
325 3114 354 3151 6
380 3111 520 3166 (quern
537 3113 666 3153 locum
691 3112 954 3161 illustrabunt,
982 3126 1071 3167 quae

245 3164 396 3205 erudite
414 3178 489 3205 con
514 3178 640 3206 essere
652 3164 822 3207 Wower.
849 3167 901 3207 de
918 3166 1071 3230 polym.

245 3231 333 3271 cap.
365 3221 405 3259 4.
424 3224 466 3258 et
532 3231 606 3259 oss.
624 3219 675 3259 de
692 3225 764 3261 art.
784 3219 957 3262 Gramm-
985 3233 1015 3270 1,
1033 3225 1072 3262 1.

248 3278 291 3312 et
306 3270 441 3333 seqq.)

196 3325 367 3367 Grandis
404 3325 502 3365 liber
529 3324 582 3370 vi,
601 3328 628 3366 4
686 3324 743 3365 ita
776 3326 936 3378 quidam
972 3327 1071 3366 Mss.

251 3379 369 3419 codd.
388 3390 518 3418 verum
537 3377 625 3418 Nos
645 3391 666 3418 e
697 3378 854 3427 idimus‚
873 3378 1020 3443 gravis)

199 3430 336 3470 Gratia
359 3431 454 3486 (pro
473 3432 571 3484 grati
589 3431 707 3471 animi
732 3433 961 3486 memorra):
992 3446 1074 3495 gra-

254 3483 346 3526 tiam
382 3484 497 3528 alicui
531 3498 601 3540 pro
637 3486 780 3528 meritis
814 3486 950 3528 referre
978 3486 1021 3535 ir,
1047 3491 1073 3528 8

1865 231 1992 294 lxxi

1166 378 1288 419 satius
1323 377 1450 425 duxlt‚
1478 375 1514 416 si
1545 374 1602 415 lta
1635 373 1789 416 tulisset
1820 373 1992 426 fortuna,

1168 432 1293 485 perire
1302 431 1404 472 bene
1418 430 1562 471 meritis
1573 428 1802 471 referentem
1814 430 1995 482 gratiam,

1168 499 1286 539 quam
1306 485 1500 538 ingratum
1516 484 1645 524 vivere
1671 482 1780 530 xviii,
1798 487 1826 524 6
1860 483 1903 523 in
1920 483 1993 523 ali-

1169 552 1248 592 qua
1279 552 1320 578 re
1350 539 1534 578 maximas
1565 537 1682 578 alicui
1713 535 1853 589 gratias
1880 550 1996 590 agere

1168 599 1287 644 atque
1303 593 1446 632 habere
1473 605 1540 640 xx,
1555 594 1584 632 4
1624 591 1686 645 (v.
1705 591 1814 631 Cort.
1831 592 1884 630 ad
1901 591 1996 631 Sall.

1167 645 1194 686 J
1198 659 1261 698 ug.
1277 658 1365 698 cap.
1381 649 1474 686 11⁰.
1485 658 1526 684 n.
1540 645 1790 698 4).magnam
1805 646 1855 684 ab
1863 645 1996 698 aliquo

1169 699 1267 739 inire
1281 699 1444 752 gratiam
1458 698 1596 753 (valde
1605 699 1775 750 aliquem
1789 696 2000 752 demereri)

1171 752 1241 801 vii,
1253 756 1282 793 9
1299 751 1386 806 (Sic
1403 752 1607 792 Terentius
1624 751 1729 791 Eun.
1740 751 1799 800 iii,
1815 757 1858 799 5,
1877 752 1997 794 aubi

1169 805 1262 846 vide
1288 807 1440 847 Donat.
1479 805 1575 846 item
1610 805 1775 845 Plautus
1807 806 2001 846 Cistellar-

1171 859 1215 907 ii,
1233 863 1275 908 3,
1292 863 1362 901 84.
1379 859 1420 899 A
1435 860 1631 912 plerisque
1648 865 1779 899 tamen
1796 860 1899 900 Mas.
1914 859 1999 899 Ne-

1171 919 1256 967 pot.
1285 914 1385 954 illud
1398 918 1409 937 ‘
1427 914 1478 952 ab
1496 913 1558 953 eo’
1577 914 1688 954 abest
1712 939 1724 954 .
1752 912 1889 954 Gratia
1906 914 1999 968 (pro

1171 966 1346 1009 amicitia
1356 973 1398 1007 et
1410 967 1682 1007 benevolentia
1720 982 1731 1007 ε
1745 967 1868 1021 gratia
1880 968 2004 1009 alicu-

1169 1020 1237 1073 jus
1268 1034 1410 1074 augere
1441 1021 1706 1074 possessiones
1721 1035 1811 1062 suas
1837 1035 1928 1069 xxm
1949 1024 2002 1064 12

1173 1075 1218 1114 in
1248 1075 1410 1127 gratiam
1436 1075 1563 1115 redire
1595 1087 1684 1115 cum
1713 1075 1793 1116 suis
1818 1075 1888 1124 vii,
1905 1080 1930 1117 5
1959 1076 2003 1116 in

1177 1129 1339 1181 gratiam
1369 1128 1495 1169 redire
1513 1141 1602 1169 cum
1620 1141 1711 1181 rege
1738 1129 1816 1176 xiV,
1831 1132 1858 1170 8
1899 1142 2002 1169 nun-

1175 1195 1293 1235 quam
1321 1195 1411 1223 cum
1442 1188 1564 1223 matre
1581 1183 1624 1222 in
1640 1182 1802 1236 gratiam
1824 1182 1942 1223 rediit
1954 1183 2006 1237 (i.

1176 1249 1214 1276 e.
1243 1237 1303 1276 uti
1330 1249 1420 1277 mox
1459 1236 1648 1289 loquitur,
1683 1249 1884 1290 nunquam
1913 1250 2004 1278 cum

1176 1296 1299 1330 matre
1333 1290 1377 1329 in
1412 1290 1608 1331 simultate
1638 1289 1741 1330 fuit:
1775 1290 1934 1344 ponitur
1963 1304 2006 1332 n.

1176 1357 1422 1396 consequens
1435 1357 1506 1398 pro
1517 1343 1722 1398 anteced.)
1735 1358 1824 1391 xrw,
1838 1348 1889 1386 17
1904 1344 2006 1385 Gra-

1173 1397 1234 1437 tia
1251 1397 1325 1459 <de
1343 1411 1408 1445 eo,
1436 1398 1506 1450 qui
1532 1402 1663 1450 gratus
1681 1410 1746 1449 ap.
1783 1398 1881 1437 alios
1898 1397 1980 1452 est)
1995 1415 2006 1439 :

1176 1456 1302 1502 gratia
1330 1451 1498 1491 multum
1524 1451 1654 1491 valere
1670 1463 1736 1504 ap.
1753 1451 1925 1504 aliquem
1950 1452 2008 1501 ix,

1176 1507 1204 1545 2
1230 1510 1292 1545 est
1307 1503 1350 1544 in
1366 1505 1436 1545 illo
1453 1503 1748 1545 adolescentulo
1765 1518 1911 1557 magna
1921 1519 2009 1558 gra-

1178 1557 1234 1596 tia
1259 1571 1350 1605 xxv,
1378 1562 1406 1600 2
1445 1563 1606 1611 propter
1643 1559 1805 1611 gratiam
1840 1559 2008 1601 honores

1178 1624 1257 1651 non
1296 1611 1426 1664 petiit,
1461 1625 1553 1652 cum
1588 1609 1629 1652 ei
1663 1618 1844 1664 paterent
1868 1626 1961 1661 xxv,
1979 1617 2008 1655 6

1178 1670 1338 1717 propter
1367 1678 1479 1705 suam
1509 1664 1671 1718 gratiam
1699 1665 1846 1706 nullius
1873 1666 2012 1708 condi-

1177 1717 1297 1758 tionis
1313 1731 1396 1758 non
1422 1719 1565 1759 habere
1582 1723 1817 1771 potestatem
1843 1733 1934 1768 xxm
1955 1723 2009 1762 12

1178 1770 1317 1812 Gratia
1330 1771 1422 1826 (pro
1434 1771 1572 1826 venia)
1588 1787 1598 1812 ε
1623 1772 1789 1824 gratiam
1812 1774 1927 1814 malae
1941 1787 2011 1814 ex·

1175 1823 1438 1873 istimationis,
1482 1825 1517 1865 si
1561 1826 1659 1878 quid
1698 1832 1803 1866 esset
1827 1833 2012 1876 erratum,

1177 1879 1391 1931 postulavit
1405 1879 1457 1932 (i.
1475 1893 1512 1919 e.
1531 1878 1688 1918 veniam
1705 1885 1930 1929 erratorum,
1957 1893 2010 1922 ne

1177 1933 1266 1984 quis
1286 1933 1437 1972 sinistre
1450 1945 1500 1972 ea
1526 1930 1883 1986 interpretaretur),
1901 1934 1965 1976 Fr.
1982 1938 2010 1975 3

1180 1985 1320 2027 Gratia
1333 1986 1489 2041 (causa,
1504 1986 1619 2040 ergo)
1633 2000 1645 2026 ι
1664 1984 1734 2039 huj
1740 1999 1784 2027 us
1800 1987 2015 2029 accusandi

1179 2040 1305 2093 gratia
1329 2040 1384 2088 ix,
1403 2044 1428 2081 8

1127 2090 1272 2134 Gratus
1316 2093 1522 2147 (beneficii
1556 2094 1725 2150 memor)
1743 2109 1754 2134 ι
1799 2107 1890 2150 quae
1923 2095 2013 2149 ipse

1182 2146 1370 2188 tribuerat
1403 2147 1610 2197 beneficia,
1638 2147 1790 2190 tamdiu
1824 2150 2013 2190 memine-

1182 2207 1256 2249 rat,
1281 2202 1417 2255 quoad
1434 2202 1501 2243 ille
1518 2208 1648 2255 gratus
1679 2208 1777 2251 erat,
1803 2203 1876 2256 qui
1900 2199 2016 2245 acce-

1184 2261 1296 2307 perat
1339 2269 1431 2303 xxV,
1465 2259 1517 2297 11
1568 2269 1711 2297 munus
1760 2262 1913 2309 gratum
1947 2269 2015 2298 ac-

1182 2314 1421 2362 ceptumque
1449 2307 1558 2356 xxiii,
1590 2313 1618 2352 ’1
1659 2321 1749 2363 quae
1784 2309 1919 2349 omnia
1948 2323 2016 2363 ap.

1185 2361 1346 2404 Graeeos
1361 2368 1402 2402 et
1416 2367 1525 2414 grata
1537 2368 1578 2402 et
1595 2361 1711 2404 laude
1730 2363 1851 2417 digna
1862 2364 2015 2406 ducun-

1184 2421 1246 2454 tur
1271 2430 1339 2464 ιν,
1359 2419 1381 2456 1

1131 2467 1263 2508 Gratis
1280 2469 1452 2523 (absque
1470 2468 1653 2523 praemio)
1680 2483 1744 2517 xv,
1762 2472 1790 2510 4

1132 2520 1273 2562 Gravis
1340 2523 1423 2562 scil.
1468 2523 1652 2570 moribus,
1690 2521 1855 2575 σεμνὸς)
1894 2535 1959 2572 nr,
1990 2527 2016 2565 3

1187 2574 1313 2627 gravis
1344 2575 1427 2615 iber
1454 2575 1508 2622 vi,
1525 2579 1553 2616 4
1582 2575 1707 2627 gravis
1724 2577 1881 2616 morbus
1908 2576 2018 2626 xxiii,

1185 2631 1212 2669 4
1253 2629 1330 2669 hoc
1349 2628 1383 2668 si
1401 2627 1471 2667 tibi
1490 2641 1606 2681 grave
1624 2634 1685 2668 est
1710 2628 1764 2678 ix,
1781 2633 1807 2671 3
1836 2635 1913 2670 tres
1930 2643 2018 2684 gra-

1186 2680 1333 2722 vissimi
1348 2680 1523 2722 historici
1548 2681 1618 2730 vii,
1639 2685 1691 2724 11

1133 2734 1315 2777 Gravitas
1333 2735 1506 2789 (morum
1523 2734 1695 2790 scilicet)
1712 2749 1801 2778 curn
1828 2735 2019 2780 facilitate

1188 2803 1278 2836 xxv,
1300 2793 1351 2831 15
1373 2789 1539 2843 gravitas
1557 2789 1945 2832 Lacedaemoniorum
1962 2791 2019 2841 iv,

1187 2846 1213 2884 4
1245 2843 1310 2897 (in
1329 2844 1620 2896 suspendenda,
1650 2844 1746 2884 dum
1777 2857 1838 2885 res
1855 2844 2019 2898 penitis-

1189 2896 1285 2937 sime
1313 2898 1589 2950 exploraretur,
1608 2897 1705 2938 fide.
1729 2897 1892 2952 Boecl.)

1134 2949 1328 2992 Grunium
1346 2951 1390 2991 in
1406 2951 1488 2992 Phr
1519 2951 1583 3006 gia
1600 2958 1769 2993 castrum
1796 2952 1864 3000 vii,
1882 2956 1912 2994 9

1134 3004 1382 3046 Gubernator
1404 3004 1481 3060 (sc'
1500 3033 1513 3046 .
1539 3005 1672 3060 navis)
1697 3005 1767 3054 xii,
1785 3009 1825 3047 4.
1853 3018 1946 3052 xxv,
1968 3009 2020 3048 10

1186 3059 1551 3112 (propriasnauticae
1578 3059 1636 3100 rei
1651 3073 1728 3100 vox
1745 3075 1755 3099 ε
1776 3072 1814 3098 v.
1831 3058 2005 3100 Scheffer

1186 3113 1239 3153 de
1256 3113 1381 3153 Milit.
1399 3125 1490 3153 nav.
1516 3113 1571 3160 iv,
1589 3113 1640 3166 6)

1133 3165 1396 3220 Gymnasium
1412 3165 1727 3207 Timoleonteum
1753 3178 1820 3212 xx,
1837 3169 1864 3205 5

1134 3219 1409 3274 Gynaeconitis
1433 3219 1517 3273 (est
1541 3219 1723 3260 Graecum
1741 3218 2020 3270 γυναικονίτης

1186 3274 1267 3314 sive
1292 3275 1568 3323 γυναικωνῖτις,
1611 3274 1701 3314 ιδος.
1727 3271 1871 3313 dicitur
1895 3287 1936 3314 n.
1973 3288 2021 3315 u·

1187 3326 1402 3379 numque),
1450 3326 1567 3366 Praef.
1611 3326 1823 3380 (gynaeceo
1852 3326 2019 3371 συνώνυ-

1186 3394 1260 3429 μον
1278 3379 1406 3420 locum
1423 3378 1466 3418 in
1485 3378 1649 3428 aedibus,
1676 3379 1704 3420 i.
1728 3394 1767 3420 e.
1791 3379 1884 3422 solis
1909 3381 2022 3423 muli-

1187 3433 1317 3472 eribus
1349 3433 1399 3473 ad
1423 3431 1626 3474 habitanti.
1643 3434 1792 3483 datum,
1805 3434 1902 3476 facit
1919 3434 2018 3475 Gra-

1190 3486 1331 3539 paldus
1361 3487 1412 3528 de
1445 3493 1544 3542 part.
1573 3488 1649 3530 aed.
1679 3487 1746 3530 lib·
1780 3493 1820 3532 2.
1849 3501 1936 3542 cap.
1973 3492 2014 3530 ⁶.
